3870 6164
70 270 140 328 il8⁹

523 279 665 333 ΑΡΡΕΝΙ).
686 279 729 333 tlt.
748 306 783 318 ·-
801 276 1012 334 MONUMENTA
1030 279 1263 336 Gaetulusue.

1647 282 1715 336 lieo

65 382 175 453 tautum
195 399 392 471 excerptiones,
412 400 459 457 sed
479 402 599 475 integras
621 398 782 458 traditiones
804 400 909 474 rigi-A
925 403 1108 475 impendatur,
1121 405 1187 461 satis
1205 421 1323 473 congrue
1343 404 1417 476 iusto
1443 404 1626 478 augustinum
1647 404 1715 461 nihil

65 489 131 546 lauti
146 489 240 547 studio
252 493 404 566 perlegerit.

102 630 250 687 Sciendum
267 640 371 701 autem,
384 632 464 705 juxta
478 634 658 705 apostolicam
677 633 865 704 traditionem,

65 724 226 781 sacerdotes
244 725 300 781 sire
325 726 467 795 diaconos,
487 728 517 783 in
546 729 659 784 crimine
684 729 783 801 lapsos,
818 744 866 800 per

66 834 166 874 manus
175 819 376 890 impositionem
384 820 537 878 remedium
550 822 724 893 poeniteutiae
733 821 864 894 consequi

64 927 124 967 non
138 911 238 970 debere
253 913 325 970 inter
344 914 438 982 laicos,
452 923 483 971 ut
503 917 530 972 S.
547 917 603 971 Leo
617 931 685 987 papa
707 917 735 971 in
748 915 864 973 decretis

65 1004 125 1062 suis
140 1023 198 1078 cap.
226 1012 273 1076 25,
287 1015 415 1064 testetur.
432 1010 486 1079 Qui
502 1017 529 1065 et
552 1008 711 1082 hujusmodi
735 1008 816 1081 lapsis
829 1008 865 1066 ad

65 1099 864 1172 promerendamDeimisericordiamprivatamsessionem

65 1192 247 1264 expetendam
258 1209 317 1250 esse
328 1194 404 1266 dicit,
417 1195 465 1251 ubi
480 1195 627 1252 satisfactio
639 1196 662 1251 si
675 1193 757 1252 fuerit
769 1196 863 1268 digna,

64 1286 103 1342 sit
116 1287 198 1344 etiam
213 1285 361 1345 fructuosa.
373 1292 454 1355 item,
474 1288 688 1362 carthaginense
706 1289 862 1360 concilium,

65 1396 129 1452 cap.
153 1386 186 1436 27
203 1401 243 1438 :a
267 1380 295 1437 si
317 1382 427 1453 quando
449 1384 591 1455 presbyter
619 1383 658 1438 vel
683 1382 816 1440 diaconus
834 1382 864 1438 in

66 1474 187 1547 gratimi
201 1474 278 1547 culpa
292 1477 434 1532 convictus
452 1475 598 1546 fueritque
613 1492 678 1532 eum
689 1491 799 1532 neeesse
822 1484 865 1532 est

64 1583 82 1623 a
97 1568 250 1624 ministerio
265 1570 412 1637 removeri,
428 1586 484 1626 non
494 1571 535 1626 eis
545 1579 794 1641 manus,tanquam
805 1584 863 1642 por-

7 1652 15 1659 “
64 1661 225 1730 nitentibus,
243 1663 283 1718 vel
304 1671 437 1735 tanquam
457 1663 582 1720 fidelibus
600 1664 674 1720 iaicis
694 1663 862 1734 imponatur.

65 1757 100 1810 ln
115 1756 242 1813 baeresim
254 1765 346 1812 autem
357 1756 426 1828 lapsi
437 1765 466 1812 et
477 1766 570 1829 postea
587 1757 687 1814 reversi
702 1773 751 1829 per
765 1771 863 1814 monus

62 1847 268 1921 impositionem
294 1850 512 1920 reconciliantur,
541 1852 647 1907 etiamsi
665 1867 728 1906 cum
765 1819 902 1906 ordineB
919 1825 979 1913 ,⁰³⁹⁸

65 1959 118 2015 pro
132 1943 310 2000 ecclesiastiea
323 1945 484 2002 necessitate
507 1960 704 2017 nonnunquam
728 1945 864 2015 recipian-

64 2044 123 2101 tur,
139 2037 210 2093 sicut
223 2037 258 2092 de
270 2039 431 2094 Novatianie
448 2039 475 2093 in
490 2037 602 2094 Nicaeno
621 2038 804 2094 constitutum
823 2045 864 2095 est

63 2130 192 2186 concilio.
216 2133 257 2186 De
293 2131 347 2199 bis,
365 2131 464 2203 inquit,
480 2132 526 2202 qui
550 2146 579 2187 se
598 2131 738 2200 catharos,
771 2131 797 2186 id
822 2135 864 2185 est

63 2222 198 2291 mundos,
225 2226 431 2297 cognominant,
454 2226 474 2281 si
497 2224 648 2297 aliquando
670 2224 796 2280 venerint
829 2222 863 2279 ad

62 2317 216 2374 Ecclesiam
230 2318 403 2386 catholicam,
418 2320 521 2390 placuit
535 2329 631 2375 sancto
642 2327 670 2374 ct
685 2333 784 2390 magno
794 2332 863 2372 con·

61 2411 131 2468 cilio
139 2419 180 2478 ut,
191 2412 397 2483 impositionem
410 2428 509 2468 manus
520 2412 694 2483 accipientes,
704 2412 744 2467 sic
752 2411 780 2465 iu
790 2410 863 2466 clero

62 2513 278 2579 permaneant.»
293 2507 395 2563 Hocita
407 2506 611 2578 intelligendum
619 2513 699 2560 estut
711 2519 864 2575 permanus

63 2595 269 2668 impositionem
287 2597 452 2653 reconciliati
475 2597 560 2652 ctiam
583 2595 721 2662 ordinem,
744 2595 864 2650 retinere

62 2689 298 2762 permitterentur.
323 2693 388 2747 Non
402 2690 476 2746 enim
498 2689 541 2746 bic
556 2689 751 2746 ordinatoriam
765 2701 864 2743 manus

62 2783 282 2856 impositionem,
303 2799 455 2855 perquam
476 2785 544 2839 sacri
580 2784 688 2839 ordines
710 2782 812 2838 dantur
825 2781 865 2835 in-

63 2876 188 2949 telligere
201 2875 347 2945 debemus,
362 2878 409 2933 sed
433 2877 524 2948 potius
539 2876 799 2941 reconciliatoriam,
815 2889 864 2945 per

63 2985 150 3042 quam
165 2971 331 3042 poenitcutes
346 2971 467 3042 recipere
479 2970 610 3026 solemus.
633 2971 704 3024 llam
725 2983 782 3023 non
806 2981 863 3022 uno

62 3076 175 3135 semper
195 3065 281 3121 modo
298 3079 399 3120 manus
419 3063 560 3135 impositio
574 3062 743 3136 intelligitur,
769 3060 865 3117 sedet

63 3173 118 3230 pro
141 3157 297 3214 diversitate
324 3158 447 3215 locorum
461 3158 512 3214 sub
531 3156 637 3213 diversa
665 3154 863 3228 significatione

63 3251 212 3323 reperitur.
226 3251 514 3324 Aliquandoenimpro
523 3250 732 3307 confirmatione
739 3248 862 3320 neophy-

62 3351 161 3401 torum
177 3344 315 3417 accipitur,
333 3352 365 3400 ut
377 3345 404 3400 in
416 3344 536 3401 decretis
559 3343 774 3416 apostolicorum
792 3341 864 3396 rire-

63 3437 861 3509 rum,Clemcntis,Urbani,Melcbiadisexpressumsaepe·

62 3546 185 3589 numero
207 3533 355 3603 reperitur,
374 3548 458 3597 nunc,
473 3547 524 3603 pro
542 3528 716 3587 ordinatione
735 3527 864 3584 sacerdo-

62 3633 140 3694 tum,
149 3625 207 3682 sire
217 3626 409 3693 diaconorum,
420 3626 498 3697 juxta
523 3623 592 3681 illud
617 3623 741 3697 Apostoli
761 3622 795 3678 ad
817 3622 863 3677 Ti·

62 3719 214 3777 motbeum
225 3739 231 3774 :
243 3718 372 3776 -uemtnt
381 3719 435 3774 cito
442 3717 689 3789 manumimponas
695 3719 720 3783 (l
725 3719 791 3772 Tim.
797 3720 838 3783 v);
846 3734 860 3764 a

62 3812 145 3888 qood
156 3821 184 3869 et
193 3828 312 3870 mannes
324 3812 495 3885 apertissime
508 3810 701 3882 praescribunt.
719 3812 766 3866 Est
778 3818 807 3866 et
819 3825 864 3865 re·

62 3905 254 3965 conciliatoxia
263 3922 362 3963 manus
374 3905 522 3978 impositio,
536 3920 679 3978 perquam
700 3903 865 3977 prenitentes

63 3998 213 4068 metet,
228 4001 285 4057 sive
326 3998 570 4067 exeommunicati,
610 4006 713 4054 sanctae
738 3997 866 4053 Ecclesiae

16 4156 20 4161 ,
64 4093 292 4163 reconciliantem
314 4094 348 4151 de
366 4101 459 4166 quaet
480 4107 599 4149 canones
626 4091 752 4148 similiter
776 4090 865 4146 multa

66 4186 165 4247 dieunt
178 4195 208 4245 et
218 4187 313 4260 dequa
324 4191 354 4244 B.
369 4187 548 4259 Augustinus,
557 4186 586 4240 in
598 4184 645 4240 lib.
658 4199 695 4240 ux
708 4185 747 4239 De
760 4183 863 4254 baptis·

37 4302 40 4307 ·
65 4296 116 4339 ttto
127 4289 225 4339 oontm
237 4283 403 4346 Donatistas,
410 4289 531 4338 testatur
538 4278 684 4352 quodnibil
692 4277 727 4334 sit
736 4277 790 4332 nisi
799 4292 863 4332 ora-

66 4375 109 4433 tio
124 4390 209 4447 super
218 4375 370 4446 bominem,
385 4389 447 4447 quae
461 4382 489 4430 et
503 4373 597 4430 iterari
612 4373 704 4444 possit.
720 4372 764 4428 Fit
780 4370 863 4426 etiam

66 4482 169 4526 manus
192 4468 335 4540 impositio
356 4483 438 4540 super
457 4466 592 4532 infirmos,
603 4465 682 4538 juxta
697 4464 763 4521 illud
778 4468 865 4520 Evan-

67 4561 134 4636 gelii
145 4580 178 4617 :s
190 4562 479 4636 Superaegrosmanus
492 4561 637 4632 imponent
647 4561 741 4625 (More.
756 4558 832 4630 xvi).
851 4579 862 4607 a
880 4551 905 4614 b

67 4656 142 4713 Item
153 4671 236 4729 mpcr
248 4654 468 4714 catechumenos
490 4663 517 4710 et
529 4668 733 4725 energumenos
754 4668 803 4724 pro
813 4667 866 4708 ex·

67 4748 197 4823 pulsione
212 4748 326 4818 diaboli,
341 4763 403 4820 quae
417 4747 571 4820 specialiter
592 4746 735 4802 exorcistis
753 4746 782 4800 in
796 4744 867 4800 ordi-

67 4842 231 4900 nationibus
243 4842 412 4906 conceditur,
423 4842 523 4914 quippe
533 4850 564 4897 ut
577 4838 695 4895 babeant
703 4846 866 4910 potestatem

67 4935 232 5008 imponendi
243 4950 341 4992 manus
354 4950 436 5006 super
452 4933 667 4990 catechumenos
680 4931 734 4988 sive
749 4947 866 5002 energu-

65 5044 179 5089 menos.
197 5031 279 5100 item,
292 5039 320 5086 et
337 5045 402 5086 com
419 5028 581 5100 simpliciter
594 5027 711 5099 aliquem
726 5024 866 5082 benedici·

65 5138 144 5192 mus,
158 5139 259 5181 manus
273 5122 300 5181 ei
318 5123 432 5196 antiquo
446 5138 523 5178 more
537 5121 715 5192 imponimus.
732 5120 777 5176 Sic
791 5119 865 5176 enim

64 5217 222 5293 patriarcba
242 5217 346 5287 Jacob,
369 5233 434 5274 oum
459 5216 530 5271 filios
551 5214 653 5288 Josepb
677 5213 864 5281 benediceret,

17 5340 35 5349 ‘·
64 5310 439 5383 mmoseislmposuitqdm.
450 5309 531 5380 xxxx)
544 5331 550 5364 :
563 5317 588 5363 et
600 5308 736 5364 Dominus
745 5307 773 5363 in
782 5309 866 5362 Eran-

65 5406 140 5483 gello
150 5406 259 5464 oblatos
267 5405 318 5463 sibi
326 5405 453 5479 parrulos
464 5420 511 5476 per
519 5402 723 5476 impositionem
730 5417 867 5458 manuum

41 5568 46 5583 Ι
66 5499 241 5561 benedixisse
254 5499 465 5566 diciturlblorc.
487 5504 527 5566 x).

105 5633 170 5693 Sive
188 5640 281 5690 autem
298 5646 399 5688 manus
424 5629 563 5702 impositio
584 5645 633 5701 pro
646 5627 865 5685 reconciliatione

64 5730 279 5811 poenitentium,
298 5731 356 5788 sire
378 5746 427 5803 pro
444 5729 604 5802 depulsione
628 5726 799 5783 infirmitatis
824 5725 865 5781 rel

29 5826 37 5833 “
67 5828 189 5904 diaboli,
210 5829 267 5888 sire
290 5842 342 5903 pro
361 5826 479 5900 simplici
501 5821 689 5883 bencdictione
706 5823 864 5882 bominibus

921 500 996 559 aliud
1010 500 1059 556 nisi
1079 499 1168 555 oratio
1181 514 1262 570 super
1276 497 1415 553 bominem
1442 496 1618 570 intelligitur,
1642 499 1716 556 trude

921 605 948 653 et
964 594 1055 651 iterari
1069 593 1293 665 quoticsnecesse
1302 589 1450 648 fueritnon
1463 591 1634 663 prohibetur.
1645 595 1715 649 Cum

921 704 985 745 vero
999 704 1048 759 pro
1065 686 1274 743 confirmatione
1297 685 1338 742 vel
1356 684 1531 742 ordinatione
1550 686 1716 758 impenditur

920 797 976 838 non
988 781 1046 853 jam
1061 795 1111 850 pro
1133 780 1190 836 sola
1210 780 1346 849 oratioue,
1367 779 1415 836 sed
1442 780 1524 835 etiam
1553 795 1603 851 pro
1629 795 1716 834 sacra·

920 883 1016 930 mento
1033 871 1158 928 habenda
1170 879 1227 940 est,
1241 870 1316 945 quod
1329 872 1417 928 sancti
1435 877 1528 928 Patres
1544 873 1635 929 iterari
1650 889 1714 945 pro·

920 966 1079 1023 hibuerunt.
1104 968 1174 1022 Nam
1193 981 1248 1021 non
1267 966 1357 1022 minus
1370 975 1508 1038 peccatur,
1522 967 1543 1021 si
1558 966 1602 1022 cui
1619 982 1716 1023 manus

920 1078 970 1133 pro
985 1058 1196 1117 confirmatione
1217 1059 1259 1114 vel
1283 1059 1453 1115 ordinatione
1479 1061 1578 1116 iterum
1595 1060 1717 1133 imponi-

918 1163 975 1221 tur,
987 1169 1070 1225 quam
1085 1153 1109 1208 si
1121 1153 1205 1208 altera
1219 1153 1277 1208 vice
1298 1151 1460 1223 baptizetur.
1472 1153 1555 1209 Unde
1578 1162 1606 1210 et
1627 1154 1714 1210 sancti

920 1248 1015 1304 Patres
1029 1245 1157 1302 eamdem
1172 1246 1364 1318 poenitentiam
1379 1246 1580 1302 reconfirmatis
1598 1247 1716 1302 ctrcba·

919 1342 1028 1413 ptizatis
1048 1340 1177 1397 indixisse
1193 1341 1330 1413 leguntur.
1347 1343 1463 1396 Sanctus
1478 1356 1589 1412 quoque
1610 1341 1716 1410 Grego-

918 1435 978 1491 rius
992 1435 1115 1491 scribens
1133 1433 1231 1489 Joauni
1246 1434 1374 1506 episcopo
1390 1435 1568 1490 Ravennati:
1587 1453 1601 1487 e
1628 1434 1714 1505 Sicut,

919 1529 1018 1602 inquit,
1032 1529 1117 1585 semel
1131 1528 1286 1601 baptisatus
1296 1528 1395 1585 iterum
1408 1528 1541 1600 baptizari
1554 1545 1612 1583 non
1624 1528 1716 1597 debet,

917 1623 956 1677 ita
973 1622 1057 1678 semel
1078 1629 1251 1678 consecratus
1279 1622 1306 1678 in
1323 1621 1420 1678 eodem
1450 1621 1546 1678 ordine
1567 1637 1621 1677 non
1645 1619 1718 1676 valet

919 1716 1018 1772 iterum
1040 1715 1236 1772 consecrari.»
1274 1719 1355 1784 Item,
1370 1713 1532 1772 Africanum
1555 1709 1714 1778 concilium,

918 1911 984 1958 rtem
1004 1918 1124 1958 canones
1147 1896 1359 1973 apostolorum:
1386 1902 1442 1958 «Si
1471 1902 1541 1973 quis,
1579 1900 1713 1972 inquiunt,

918 1997 1073 2068 episcopus,
1087 1995 1240 2068 presbyter,
1254 1994 1542 2051 diaeouuasecundam
1556 2011 1653 2050 marrus
1667 1995 1717 2050 im-

919 2088 1082 2160 positionem
1105 2089 1251 2160 acceperit,
1269 2087 1421 2159 deponatur
1445 2088 1503 2159 ipse
1529 2096 1557 2143 et
1575 2087 1717 2144 ordinator

919 2182 992 2255 ejus.
1010 2203 1024 2235 r
1044 2183 1073 2238 Si
1101 2182 1162 2253 quis
1185 2191 1278 2238 autem
1304 2180 1367 2238 buic
1389 2181 1471 2253 capiti
1500 2179 1591 2236 minus
1620 2180 1716 2249 credit,

918 2277 980 2346 quia
999 2274 1065 2331 illud
1079 2275 1150 2330 inter
1159 2290 1278 2331 canones
1296 2272 1487 2345 apostolorum
1506 2272 1577 2345 apud
1588 2289 1639 2329 nos
1659 2290 1717 2329 non

918 2368 1031 2441 reperit,
1046 2368 1116 2425 scire
1127 2365 1293 2440 debetquod
1306 2367 1468 2424 eorumdem
1479 2382 1616 2423 canonum
1631 2367 1717 2422 multa

917 2464 1003 2536 capita
1018 2463 1097 2518 nobis
1114 2461 1223 2517 desunt.
1242 2464 1311 2517 Nem
1332 2462 1429 2518 beatus
1454 2461 1623 2533 zepherinus
1647 2477 1716 2534 papo

919 2558 947 2611 in
971 2555 1065 2611 ordine
1086 2570 1151 2621 xvx,
1175 2554 1314 2625 apostolos
1328 2556 1497 2626 septuaginta
1512 2571 1630 2611 canones
1650 2570 1717 2610 con-

918 2649 1039 2706 stituisse
1069 2656 1201 2716 testatum
1229 2662 1347 2719 quorum
1377 2648 1571 2721 quinquaginta
1608 2656 1715 2704 tantum

918 2743 1040 2799 isidorus
1064 2742 1092 2797 in
1105 2741 1218 2813 prologo
1240 2755 1291 2796 suo
1314 2739 1349 2797 de
1365 2741 1516 2797 canonibus
1532 2757 1561 2797 se
1582 2741 1717 2796 invenisse

917 2834 1027 2908 fatetur,
1038 2835 1137 2907 quibus
1145 2842 1173 2888 et
1183 2833 1352 2889 nosutimur.
1364 2835 1462 2889 Petrus
1468 2841 1563 2888 tamen
1585 2831 1714 2889 Damiani

919 2930 970 3001 piae
982 2928 1139 2998 memoriae,
1154 2926 1302 2982 cardinalis
1313 2925 1457 2998 episcopus
1469 2933 1571 2982 sanctae
1583 2929 1716 2983 Romanae

921 3023 1057 3090 Ecclesia,
1071 3021 1335 3093 alterliieronymus
1347 3020 1488 3076 innostro
1502 3028 1638 3091 tempore,
1650 3034 1717 3090 prae·

918 3114 1024 3172 diemm
1039 3125 1120 3187 eaput
1141 3112 1291 3170 canonibus
1304 3114 1494 3185 apostolorum
1520 3113 1664 3168 attitulavit
1687 3112 1716 3167 in

879 3193 988 3264 Clibro
1003 3223 1148 3280 suoquem
1171 3206 1369 3264 Gratissimum
1393 3205 1608 3279 cognominavit.

954 3332 1038 3401 Ergo,
1062 3328 1136 3400 quod
1151 3328 1178 3383 in
1193 3327 1305 3383 Nieaeno
1334 3326 1450 3383 concilio
1473 3326 1580 3383 clericis
1591 3328 1717 3384 Novatia·

917 3438 1019 3480 norum
1037 3421 1176 3478 conversis
1200 3436 1301 3477 manus
1315 3420 1419 3492 imponi
1428 3420 1549 3492 jubetur,
1561 3421 1717 3478 nullatenus

917 3515 1086 3573 ordinatoria
1098 3530 1199 3570 manus
1211 3514 1354 3585 impositio
1378 3513 1556 3587 intelligenda
1568 3523 1621 3577 est,
1645 3515 1717 3571 sicut

917 3609 1028 3683 quidam
1056 3609 1234 3665 translatores
1254 3607 1377 3679 ejusdem
1402 3608 1510 3664 concilii
1531 3608 1624 3664 minus
1642 3608 1726 3664 cauti

918 3701 1085 3760 intellexisse
1095 3701 1232 3772 sidentur,
1243 3701 1292 3773 qui
1303 3702 1415 3758 eosdem
1432 3701 1532 3758 iterum
1542 3700 1712 3758 ordinandos

917 3795 1089 3868 interpretati
1113 3804 1187 3852 suat.

954 3917 1011 3971 Nos
1023 3922 1114 3971 autem
1130 3913 1223 3985 potius
1243 3917 1274 3970 B.
1292 3913 1452 3970 innocentio
1465 3929 1543 3986 papae
1557 3914 1714 3983 credamus,

918 4008 1014 4080 quide
1037 4007 1142 4064 eisdem
1155 4008 1317 4064 Novatianis
1332 4015 1467 4075 tractans,
1485 4024 1539 4065 non
1555 4016 1586 4065 ut
1605 4008 1714 4065 reordi-

918 4109 1063 4171 narentur,
1088 4102 1135 4157 sed
1174 4111 1205 4157 ut
1229 4117 1292 4157 cum
1318 4101 1414 4158 ordine
1437 4117 1488 4158 suo
1514 4102 1713 4173 reciperentur,

919 4196 1015 4251 asserit
1027 4194 1152 4250 Nieaenos
1175 4196 1270 4249 Patres
1283 4195 1464 4251 constituisse.
1482 4198 1523 4251 lta
1538 4203 1565 4250 et
1579 4209 1631 4249 nos
1644 4209 1716 4265 quo·

918 4303 972 4360 que
986 4287 1141 4343 necessario
1156 4286 1308 4358 intelligere
1330 4285 1472 4356 debemus,
1486 4303 1521 4343 ne
1545 4289 1647 4343 sanctis
1661 4291 1715 4342 Pa—

917 4379 1007 4436 tribus
1016 4379 1155 4436 adversari
1163 4378 1304 4435 videamur
1315 4379 1360 4450 qui
1374 4380 1592 4437 reordinationes
1606 4381 1716 4453 penitus

919 4474 1146 4546 proscripserunt,
1172 4480 1204 4528 ut
1227 4471 1439 4544 praelibavimus.

955 4594 1098 4665 Nusquam
1112 4608 1178 4649 sane
1192 4593 1278 4648 sancti
1303 4593 1396 4647 Patres
1416 4590 1530 4647 elericos
1553 4608 1586 4648 ex
1615 4593 1716 4651 haeresi

993 1816 1038 1875 75,
1054 1809 1179 1881 probibet
1192 1808 1417 1895 rebaptizationes
1438 1818 1466 1865 et
1483 1807 1715 1877 reordinationes,
1770 1858 1780 1875 ,

919 4702 1068 4743 couversos
1082 4686 1183 4742 iterum
1195 4684 1316 4741 ordinari
1327 4685 1520 4757 permiserunt,
1543 4687 1595 4742 nisi
1609 4688 1714 4745 Paulia-
1812 4722 1827 4739 t

920 4780 1003 4835 nistas
1023 4788 1050 4835 ct
1073 4779 1142 4834 alios
1155 4777 1310 4850 hujusmodi
1326 4779 1371 4851 qui
1394 4795 1449 4833 non
1471 4779 1606 4836 catholico
1629 4796 1714 4840 more

920 4870 1716 4944 invocationemsanetaeTrinitatisiaciunt,quosetiamba-

916 4966 1013 5036 ptizari
1033 4964 1184 5037 jusserunt.
1208 4967 1265 5020 Nec
1290 4964 1342 5021 hos
1362 4965 1457 5038 utique
1485 4967 1658 5023 reordinatos
1672 4968 1713 5024 rel

919 5058 1101 5130 rebaptizatos
1115 5066 1303 5130 competenter
1317 5058 1447 5127 dicimus,
1461 5075 1525 5115 cum
1539 5060 1567 5115 in
1582 5059 1715 5118 catholica

919 5167 972 5208 nec
989 5168 1039 5224 pro
1054 5151 1191 5224 baptismo
1207 5167 1256 5208 nec
1267 5167 1317 5223 pro
1333 5151 1507 5208 ordinatione
1528 5161 1715 5224 computetur,

918 5245 993 5318 quod
1012 5246 1114 5318 absque
1135 5245 1310 5302 invocatione
1331 5255 1433 5303 sanctae
1458 5245 1599 5302 Trinitatis
1623 5260 1715 5315 perce-

920 5339 991 5411 pisse
998 5338 1174 5413 deteguntur.
1186 5339 1333 5395 Sciendum
1347 5349 1440 5396 autem
1456 5336 1545 5414 quod,
1559 5351 1655 5392 eorum
1666 5339 1714 5410 qui

918 5448 952 5489 ex
964 5432 1061 5489 baeresi
1072 5441 1268 5490 convertuntur
1280 5432 1326 5489 aiii
1344 5433 1402 5505 jam
1413 5431 1441 5486 in
1454 5429 1573 5486 Ecclesia
1584 5429 1715 5499 ordinati,

920 5535 1013 5599 postea
1027 5527 1056 5582 in
1078 5526 1206 5584 baeresim
1222 5525 1290 5599 lapsi
1314 5534 1393 5593 sunt;
1419 5522 1464 5578 alii
1487 5521 1590 5596 inipso
1615 5523 1716 5585 haeresi

920 5624 1040 5681 ordinati
1054 5633 1128 5680 sunt.
1142 5624 1265 5696 Quiergo
1280 5629 1342 5693 post
1355 5627 1500 5690 acceptum
1508 5618 1635 5677 ordinem
1645 5621 1714 5695 lapsi

919 5730 995 5791 sunt,
1009 5722 1111 5780 reversi
1135 5739 1200 5780 cum
1214 5719 1310 5776 ordine
1331 5716 1419 5791 recipi
1433 5725 1558 5790 possunt,
1583 5718 1632 5775 sed
1655 5721 1717 5778 abs·

918 5837 971 5896 que
997 5837 1045 5895 spe
1058 5818 1252 5894 promotionis,
1273 5818 1352 5890 juxta
1383 5825 1518 5876 statutum
1550 5817 1721 5879 sanctissimi

1751 5500 1835 5774 i
