3870 6164
142 261 213 319 roas
497 246 500 251 '
596 258 1337 331 menun.111.-ttorvtrttnnrrnnneon1nrvn.
1721 269 1790 329 sose

138 383 259 443 dtunom
285 383 327 441 tui
355 397 445 442 cornu
469 383 588 458 mentm
604 383 703 442 tironis
729 385 848 443 divortia
865 386 936 445 mibi
951 389 980 457 Α
993 390 1157 449 matiaantes
1178 390 1285 449 cautius
1300 398 1415 465 agentes
1443 390 1600 450 illoautem
1623 391 1694 450 inter
1707 407 1791 450 cano
1838 436 1841 441 .

141 479 219 553 quasi
240 479 362 535 tremulo
377 476 444 551 pede
455 477 500 534 vix
513 477 580 547 itur,
593 478 652 536 imo
667 479 752 537 etiam
766 479 940 539 milleformis
993 484 1053 541 nice
1073 485 1194 555 tradita,
1205 485 1253 542 sad
1269 502 1326 543 non
1339 487 1467 544 canonice
1479 485 1617 559 prohibita
1633 487 1790 545 misericor·

138 572 234 631 Protei
256 571 359 645 speeies
383 571 497 645 praepeti
517 586 602 630 manu
619 573 761 646 rapientis,
774 574 939 647 impediente
992 577 1219 649 diusmediante;
1238 581 1476 655 utrumquequasi
1492 581 1704 655 geminumpar,
1717 582 1790 641 intus
1821 580 1827 585 '

140 669 281 725 variarum
303 681 397 723 rerum
418 666 559 737 instantia,
578 665 647 724 heu!
663 667 939 742 nequeloeusneque
992 688 1026 731 ac
1041 672 1117 742 foris,
1131 682 1196 732 ante
1214 682 1241 731 ct
1254 684 1328 732 retro
1341 676 1477 745 oculatus,
1494 675 1568 732 nulla
1582 685 1658 731 caret
1674 675 1788 735 ratione.
1832 706 1836 712 ‹

139 770 251 834 tempus
264 760 345 818 datur
353 760 404 819 tibi
416 760 459 818 vel
472 760 507 818 ad
522 776 608 836 panea
622 776 672 835 pro
682 761 763 820 libitu
773 760 939 836 responden-
992 770 1072 823 Anne
1085 767 1169 825 etiarn
1188 777 1227 838 te,
1248 771 1285 825 mi
1309 768 1401 834 frater,
1423 785 1479 827 non
1494 768 1578 842 pudet
1590 778 1666 827 tuam
1681 779 1791 828 conuo-

140 855 181 915 di.
201 856 275 913 Hinc
294 863 374 928 urget
387 855 461 912 enim
480 870 545 911 vero
559 853 685 928 quedam
698 863 859 914 nostrornm
870 872 934 914 onn-
993 861 1109 919 versiam
1128 862 1157 917 in
1170 862 1223 919 boc
1234 861 1415 921 defendissea
1429 872 1523 920 saneto
1537 864 1671 938 Gregorio
1686 860 1790 922 Sicilia·

138 949 260 1008 fratrum
283 949 434 1023 antiquitus
453 948 578 1007 instituta
601 948 699 1007 orandi
714 950 850 1019 conditi03
864 951 938 1008 illinc

137 1045 223 1102 instat
248 1045 336 1101 nostri
350 1044 466 1101 senioris
481 1044 511 1099 in
533 1043 733 1117 expeditionem
748 1045 829 1103 eundi
853 1061 937 1103 orna·

137 1139 198 1208 tlo;
212 1138 256 1196 cui
269 1137 368 1212 [cujus]
378 1138 523 1209 comitatu,
540 1154 571 1195 ac
593 1138 616 1194 si
633 1138 734 1212 iniquae
753 1140 857 1197 mentis
868 1140 936 1197 asel·

137 1232 195 1302 lus,
211 1232 275 1289 lieet
285 1232 361 1288 mille
375 1231 499 1290 stimulis
513 1231 640 1305 agitatus,
652 1233 698 1289 vix
709 1248 741 1291 ae
753 1234 799 1290 vix
813 1234 936 1304 enatavi;

137 1326 214 1400 quod
229 1324 277 1381 tibi
303 1324 332 1381 in
355 1340 451 1381 aurem
466 1341 579 1382 susurro
602 1342 660 1383 non
674 1343 775 1400 magno
799 1327 854 1384 ntei
867 1329 938 1401 peri-

137 1421 212 1479 culo.
228 1421 305 1476 Inter
321 1418 490 1476 haecomnia
512 1419 596 1476 veluti
612 1434 647 1476 ne
668 1419 843 1494 dedignando
865 1437 936 1495 prae·

136 1514 223 1570 terire
244 1513 338 1570 ridear
359 1513 403 1569 tui
420 1515 491 1588 [tua]
508 1512 593 1582 diem,
613 1529 726 1587 operam
737 1513 804 1572 darc
819 1516 880 1573 solo
892 1532 938 1574 re·

137 1605 276 1681 spondere
299 1606 352 1664 tibi
372 1606 413 1663 vel
425 1606 462 1664 ad
481 1608 582 1681 aliqua.

990 970 1043 1013 nos
1056 955 1188 1014 diaconos
1198 972 1345 1029 suspensos
1357 958 1392 1014 ab
1402 956 1504 1028 officio,
1516 958 1594 1030 quasi
1609 973 1657 1031 pro
1669 958 1791 1031 quadam

992 1065 1075 1123 poena
1087 1049 1172 1109 fuisse
1183 1066 1249 1108 curn
1262 1060 1370 1110 constet
1383 1052 1459 1110 illum
1481 1051 1595 1110 eosdem
1611 1068 1675 1113 eum
1700 1052 1791 1112 uxori·

992 1146 1054 1215 bus,
1084 1154 1148 1219 post
1172 1146 1387 1218 prohibitionem
1410 1155 1474 1204 ante
1495 1147 1648 1204 triennium
1677 1146 1790 1214 factam,

991 1248 1066 1297 caste
1096 1240 1257 1298 cohabitare
1285 1241 1376 1316 dignas
1404 1241 1620 1299 remunerationi
1652 1241 1791 1313 assmpsis-

992 1336 1038 1390 se?
1060 1338 1100 1392 Eo
1124 1343 1217 1393 autem
1229 1344 1278 1393 tun
1302 1334 1353 1392 rite
1375 1335 1502 1409 probato,
1518 1335 1573 1393 eris
1591 1334 1660 1391 mibi
1672 1349 1791 1409 magnus

992 1428 1101 1501 Apollo.

1026 1550 1095 1620 Quae
1107 1556 1197 1606 autem
1209 1549 1398 1606 convenientia
1414 1563 1511 1622 queve
1530 1547 1601 1605 ratio
1611 1546 1791 1620 ’taipertitam

991 1642 1153 1711 Historiam,
1167 1652 1279 1716 propter
1291 1643 1400 1700 Eusebii
1421 1642 1521 1715 scripta
1532 1642 1578 1698 vir
1591 1657 1607 1698 a
1620 1641 1730 1699 Gelasio
1743 1656 1791 1697 au·

175 1702 231 1770 ω’
251 1700 289 1758 υῆ
306 1700 362 1757 ωῐδ
382 1701 618 1759 'mmmmm
631 1717 689 1760 ⁰⁵⁸⁶
710 1704 840 1776 ⁹⁰¹⁰5pi0’
855 1720 937 1762 ⁰⁸⁰4
991 1736 1116 1794 tbentieis
1138 1736 1300 1809 approbata,
1323 1752 1413 1810 neque
1426 1737 1460 1793 ab
1480 1736 1578 1794 eodem
1601 1735 1721 1803 Gelasio,
1744 1750 1791 1791 ns·

136 1794 206 1853 niois
231 1795 457 1877 ,institutionibus
491 1796 641 1853 decretisve
671 1797 699 1853 in
728 1798 818 1871 aliquo
850 1788 975 1856 reela-B

136 1905 230 1947 masse
240 1889 397 1947 nullatenus
414 1890 567 1948 consentio.
580 1890 634 1950 Sed
654 1891 858 1965 hocnunquam
872 1909 938 1951 con·

135 1981 244 2043 fessum
264 1983 349 2043 fuisse
371 1985 517 2054 embeseo,
534 1985 662 2043 etadbuc
679 1986 803 2044 confiteri
817 2003 876 2044 non
895 2003 937 2045 re-

134 2095 217 2147 ettso,
241 2079 372 2153 omnique
393 2080 582 2152 astipulatione
595 2080 732 2139 firmando
747 2083 889 2140 firmatum
903 2082 936 2139 iri

135 2171 276 2243 desidero,
305 2173 431 2230 nondum
463 2175 522 2248 lege
539 2174 717 2245 prohibitum,
749 2176 838 2249 primo
860 2175 937 2233 aditu

136 2266 293 2326 austeritate
310 2268 377 2341 legis
396 2284 455 2326 esse
475 2268 677 2341 prohibendum
696 2269 936 2341 vindicandumve,

134 2362 187 2421 sed
209 2363 354 2437 parvulum
379 2363 467 2436 magis
490 2363 559 2420 lacte
582 2379 667 2436 quam
682 2363 768 2422 solido
790 2365 851 2422 cibo
871 2380 936 2422 enu-

991 1845 1044 1903 que
1055 1831 1090 1888 ab
1104 1831 1194 1904 aliquo
1217 1829 1364 1888 doctorum
1379 1831 1560 1903 repudiatam,
1578 1829 1720 1902 triumque
1731 1836 1792 1886 turn

990 1925 1170 1983 saecularibus
1190 1933 1252 1982 tum
1264 1924 1458 1982 ecelesiasticis
1480 1922 1613 1998 probabili
1628 1921 1791 1980 testimonio

989 2016 1168 2086 affirmatam,
1179 2027 1242 2091 post
1250 2026 1294 2075 tot
1304 2018 1426 2075 saculaa
1435 2019 1516 2074 nobis
1527 2032 1588 2074 esse
1598 2014 1789 2075 refutandam?

990 2114 1090 2186 Nugae!
1117 2121 1165 2169 aut
1188 2111 1311 2169 fabulam
1332 2120 1360 2169 tc
1380 2127 1506 2168 narrasse
1527 2119 1605 2183 putus
1627 2109 1721 2177 surdo,
1744 2116 1792 2166 aut

990 2206 1090 2279 quarn
1103 2206 1207 2263 nodudr
1222 2205 1251 2261 in
1263 2206 1363 2278 scirpo.
1377 2204 1451 2276 Quid
1461 2203 1557 2277 plural
1571 2203 1598 2261 Si
1608 2211 1639 2259 tn
1653 2203 1689 2259 ita
1703 2203 1730 2259 in
1740 2216 1792 2259 nos

989 2309 1152 2374 nostrosque
1177 2298 1328 2358 confratres
1341 2298 1431 2356 multo
1460 2297 1511 2356 tibi
1524 2305 1552 2354 ct
1569 2296 1638 2353 mihi
1664 2296 1792 2353 meliores

990 2395 1081 2470 pergis
1104 2395 1232 2469 perplexa
1254 2392 1344 2467 loqui;
1365 2392 1413 2451 sed
1426 2409 1528 2465 ponam
1547 2392 1666 2468 digitum
1686 2392 1737 2462 ori,
1757 2406 1793 2448 ne

137 2456 288 2518 nimium
308 2458 353 2515 sd
373 2457 427 2563 boc
451 2457 546 2531 procul
569 2456 656 2563 dubio
678 2457 767 2516 tondit
786 2459 937 2532 Gregorius
991 2489 1145 2562 ,nusquam
1159 2487 1466 2561 mmmmm,
1485 2502 1585 2560 „guar
1598 2484 1735 2559 progredi.
1750 2484 1792 2541 De

135 2550 297 2623 ²¹¹0⁰¹⁰8¹¹⁸i
311 2550 364 2609 ¹¹⁰⁰
384 2560 467 2608 “mm
488 2551 586 2624 What
605 2567 672 2624 '9⁸⁶2
692 2552 744 2609 ⁸⁸5
769 2553 868 2624 mma
885 2551 935 2610 ¹²⁰5
990 2591 1090 2640 caetero
1108 2581 1148 2637 nti
1169 2589 1281 2638 coactns
1295 2581 1337 2638 tui
1356 2579 1631 2654 ipslusineitamentn
1651 2587 1680 2636 te
1693 2594 1792 2653 aggre-

135 2643 231 2701 Vldfflf
246 2645 422 2750 Pillhflufiffls
437 2645 484 2750 flu}
497 2645 591 2714 amm·
604 2646 758 2715 ''⁰¹ssfl0sssr
771 2646 936 2703 mmm·
989 2674 1050 2731 diar
1070 2673 1153 2731 nudis
1171 2674 1272 2744 verbis,
1302 2681 1334 2730 nt
1353 2673 1420 2748 quid
1443 2673 1599 2746 pudibunda
1624 2674 1712 2730 Patris
1732 2676 1791 2730 Noe

134 2738 209 2797 dunt
219 2747 321 2795 nostru
333 2739 545 2798 indrmitattbus.
560 2743 631 2797 llam
649 2740 701 2798 isto
713 2740 822 2798 deanto
843 2754 938 2797 conse
990 2767 1129 2826 denuda„
1147 2783 1203 2824 „on
1221 2769 1360 2841 mmm
1378 2782 1443 2824 eum
1465 2775 1572 2823 ,ertum
1592 2766 1670 2823 „1110
1690 2764 1725 2822 (ιο
1743 2780 1791 2823 00.

135 2833 292 2893 mononem
305 2834 443 2907 usurpatis
457 2834 582 2891 nondum
595 2835 624 2891 in
644 2843 765 2903 mntnnr,
787 2843 819 2891 ut
829 2834 935 2907 opinor,
990 2859 1064 2930 dem,
1088 2859 1244 2918 seeundum
1270 2867 1347 2917 tuam
1365 2861 1449 2933 ipsiu,
1472 2867 1709 2933 ,nemmem
1732 2874 1792 2916 οδω

135 2935 186 2985 tuo
220 2929 301 2985 tertio
326 2929 414 3001 capite
439 2934 504 3001 (quo
524 2937 558 2986 tu
572 2929 688 3001 quidem
710 2929 822 2987 urbanae
836 2928 937 2987 frontis
989 2956 1173 3031 progenitum,
1187 2970 1240 3027 qua
1255 2953 1371 3024 mim,
1393 2969 1482 3026 quove
1496 2951 1593 3022 modo,
1609 2961 1640 3009 tu
1653 2951 1712 3025 ipse
1725 2966 1789 3025 pee-

135 3021 337 3095 definibiliue
355 3023 454 3080 mem
477 3039 558 3096 supra
572 3022 686 3080 ΜΠ]
706 3023 804 3092 hm·
826 3024 937 3081 mni·
990 3058 1094 3120 catum,
1112 3049 1142 3105 in
1155 3047 1208 3107 alio
1228 3049 1268 3106 vis
1293 3046 1423 3106 mutuare
1436 3049 1593 3122 peccatum?
1607 3048 1678 3106 Cave
1692 3053 1722 3104 ut
1741 3045 1792 3106 tibi

134 3122 210 3185 sato)
231 3117 286 3174 sire
299 3126 411 3190 propter
425 3117 560 3190 quosdam
581 3117 706 3175 infirmos
724 3127 787 3176 aute
801 3117 937 3192 synodum
956 3159 1151 3237 emmonem
1164 3143 1262 3202 faciam
1271 3142 1349 3218 lum
1363 3141 1558 3201 Salomonem,

131 3211 274 3285 iugalibus
296 3211 421 3285 alligatos
443 3218 514 3285 (quae
535 3227 579 3268 res
593 3228 641 3285 per
655 3221 722 3270 tuno
734 3213 868 3285 temporis
881 3228 938 3269 non

136 3305 208 3366 tanti
239 3305 350 3363 socieris
363 3307 404 3363 uti
427 3321 501 3363 nunc
524 3322 584 3363 essa
607 3307 775 3379 perhibetur)
798 3307 854 3365 sive
877 3322 938 3379 pro·
1061 3306 1430 3378 Aotssuumtenspasoimis
1441 3304 1719 3375 eoubotojuoevttusr

135 3407 198 3473 pter
211 3399 346 3473 wordum
370 3399 512 3458 haereticos
533 3400 667 3474 legitimas
691 3402 803 3475 nuptias
824 3398 937 3458 anatho-⁶
1061 3402 1183 3460 Nemota
1192 3398 1718 3470 moeruepededeeuroumretrotutor.

447 3672 841 3816 surnnronu'rr
874 3720 1481 3815 conrnovnnsmnuu

243 3928 247 3937 “
300 3911 626 3977 IRREFRAGABILIS
653 3912 843 3976 DEPUlslo
871 3912 921 3974 ΕΤ
948 3910 1138 3974 PttAEblch
1163 3909 1340 3974 capituli
1364 3907 1629 3972 PROSCRIPTIO.

171 4221 293 4280 Domino
318 4224 456 4281 Annorno
485 4218 633 4289 sacerdoti,
657 4234 723 4290 non,
747 4227 779 4275 nt
800 4218 937 4288 laboretis,
992 4217 1115 4276 videlieet
1129 4226 1230 4276 utnon
1243 4225 1303 4276 mm
1325 4232 1396 4276 meae
1417 4231 1501 4290 quam
1516 4214 1627 4273 illorum
1648 4214 1707 4271 sint
1714 4211 1793 4287 jndi-

134 4312 329 4374 fraudufentor
350 4314 476 4388 impetito
489 4315 526 4383 (Π
538 4317 603 4384 nec.
618 4315 673 4385 ιι),
688 4313 738 4370 sed
759 4311 862 4370 chusai
881 4314 938 4369 Ar·
992 4311 1097 4369 eandm
1121 4313 1295 4384 Quapropter
1315 4310 1377 4367 sine
1401 4325 1484 4367 causa
1508 4307 1608 4367 videris
1632 4314 1729 4365 contm
1747 4321 1794 4363 me
1860 4324 1872 4335 ·

133 4407 275 4468 rinitofelis
286 4407 397 4482 perfidia
412 4407 529 4466 fideliter
539 4408 706 4481 praemonito
716 4409 754 4477 (ΙΙ
767 4410 831 4479 lton.
844 4408 940 4480 ιιιι),
995 4413 1156 4463 commotus
1167 4420 1236 4473 esse,
1250 4418 1315 4460 eum
1332 4403 1448 4475 epistola
1461 4416 1523 4458 mea
1546 4401 1597 4457 tibi
1610 4408 1718 4457 tantum
1732 4414 1793 4456 sen

133 4504 338 4571 narramus,
353 4503 437 4560 edam
453 4501 652 4576 improperanti
666 4501 828 4560 charitatem
839 4500 942 4560 offerre
994 4500 1098 4557 tendas
1122 4506 1280 4557 sanctorum
1310 4499 1428 4554 Petrum
1450 4494 1613 4552 charitative
1646 4491 1793 4560 desodbat,

134 4604 261 4673 paratus,
281 4596 316 4654 ab
331 4612 365 4655 so
378 4596 500 4654 benedici
513 4597 560 4668 qui
574 4612 632 4654 non
647 4596 739 4654 solum
753 4594 878 4654 maledici
891 4593 939 4653 sed
992 4610 1054 4669 quar
1065 4610 1122 4650 nnn
1135 4592 1199 4650 dieo
1220 4600 1313 4662 buum,
1334 4589 1383 4647 ssd
1397 4588 1489 4664 potins
1501 4587 1597 4644 nescio
1611 4585 1690 4660 cujus
1703 4587 1793 4644 Soco-

135 4688 223 4749 stlam
235 4706 285 4765 pro
299 4690 381 4748 nobis
397 4690 483 4746 voluit
496 4696 640 4762 peecatum
653 4688 725 4746 fleri.
992 4689 1068 4746 meni
1080 4686 1231 4761 capitulum
1248 4684 1527 4743 amttonottzcbcnt.
1541 4681 1652 4738 Doberes
1665 4683 1747 4750 enim,
1762 4685 1794 4736 ut

174 4784 294 4842 ldultum
313 4784 401 4842 miror
416 4784 451 4841 de
464 4790 511 4840 bra
522 4781 693 4841 fraternitate
707 4781 784 4856 quod
796 4782 868 4839 mibi
881 4791 939 4840 tam
992 4784 1197 4856 opinor,potisn
1207 4784 1298 4852 prcus
1308 4782 1508 4851 vermescant
1518 4776 1752 4848 odoremque
1768 4778 1794 4831 te

137 4878 302 4953 perbrrbato
324 4877 485 4949 rescripsisti
507 4877 610 4946 animo,
635 4892 701 4933 eum
715 4875 780 4932 nibil
802 4877 831 4933 in
844 4877 940 4934 titteris
993 4877 1028 4933 de
1049 4876 1165 4934 canendo
1178 4874 1347 4932 contionata
1360 4879 1392 4930 ut
1406 4875 1523 4929 amioum
1545 4870 1797 4943 promeruissem

138 4972 215 5031 meis
236 4973 395 5040 invenisses,
409 4969 485 5045 quod
504 4969 533 5027 in
556 4969 655 5027 litteris
672 4969 766 5028 nescio
790 4970 813 5027 si
836 4970 864 5026 in
885 4970 941 5027 tuis
993 4972 1132 5030 sozomeni
1156 4970 1304 5042 capitulum
1327 4970 1368 5039 (in
1394 4969 1549 5038 tripartito
1564 4963 1615 5024 lib.
1638 4980 1676 5032 ιι,
1699 4978 1725 5019 o.
1751 4966 1794 5029 14)

137 5066 231 5138 aliqua
259 5066 365 5124 ratione
402 5063 518 5140 dignum
542 5072 590 5122 tua
609 5062 762 5122 offensione
786 5064 939 5137 probasses.
993 5065 1138 5138 reciperes,
1159 5063 1279 5136 teipsum
1299 5062 1350 5120 sub
1365 5062 1538 5134 Gregoriano
1550 5057 1725 5117 anathemate
1744 5070 1796 5128 po·
1869 5060 1871 5064 “

136 5160 205 5219 Non
218 5159 294 5216 enirn
312 5158 417 5217 invitus
430 5175 480 5216 nee
494 5157 662 5217 verecundus
674 5166 732 5215 tam
748 5156 855 5216 erudito
869 5173 941 5231 prae·
993 5158 1106 5219 suisses.
1120 5159 1182 5231 lpse
1193 5157 1269 5215 emm
1283 5155 1380 5213 doctor
1394 5155 1571 5228 apostolicus,
1582 5152 1639 5209 iuro
1649 5148 1795 5223 peripsum

137 5253 221 5327 cipue
242 5262 271 5310 et
293 5252 384 5311 amico
397 5253 536 5321 cederem,
555 5251 609 5310 sia
631 5262 658 5309 te
673 5250 872 5310 rationabiliter
885 5252 941 5309 sal·
995 5252 1117 5326 Spiritus
1139 5259 1258 5319 encre,
1283 5265 1382 5307 omnes
1404 5249 1547 5307 allieaena
1560 5242 1666 5318 synodo
1686 5240 1796 5300 Goon·

138 5356 200 5405 tem
219 5346 393 5417 aliquatenus
415 5360 513 5403 arero
542 5344 664 5403 domasa
686 5354 867 5404 monstrarer.
888 5345 942 5403 Sed
994 5345 1104 5415 tientes,
1118 5352 1147 5403 et
1157 5344 1252 5403 omnia
1266 5343 1354 5402 sacris
1365 5341 1516 5400 canonibus
1529 5336 1657 5400 adversa,
1671 5335 1699 5393 in
1713 5347 1796 5410 tyno·

137 5442 221 5500 neus
233 5448 276 5499 est
286 5440 365 5499 tastis
377 5438 555 5499 eonscientiae
566 5453 649 5512 mee,
660 5438 783 5497 rationes
795 5454 871 5496 meas
881 5438 942 5495 nul·
995 5439 1032 5499 do
1056 5438 1177 5515 generali
1199 5439 1251 5496 snb
1265 5437 1438 5497 anathemate
1461 5432 1525 5491 lecit
1538 5428 1677 5488 damnem.
1689 5426 1795 5487 Praedi-

140 5534 252 5593 latenus
271 5549 289 5592 a
309 5532 429 5609 vestigia
450 5540 613 5591 sanctornm
629 5534 743 5590 Petrum
766 5533 942 5603 exorbitasse,
995 5541 1073 5591 otum
1094 5540 1188 5590 autern
1207 5531 1355 5591 Sozomenl
1378 5535 1471 5603 caput,
1486 5534 1514 5584 et
1537 5538 1636 5584 omnes
1648 5522 1716 5584 illud
1729 5520 1796 5580 reei-

176 5692 246 5755 lritu
268 5709 324 5771 ono
343 5692 467 5754 bodieml
480 5693 599 5761 necarit
613 5692 663 5752 sed
685 5701 808 5753 mentm
823 5702 943 5752 maome
996 5697 1039 5750 De
1052 5692 1105 5750 bac
1117 5700 1176 5750 tota
1197 5689 1381 5756 counorersla
1406 5686 1684 5769 legeBellsrminnns,
1698 5680 1745 5742 lib.
1760 5677 1797 5740 ds

189 5775 263 5837 σιω,
277 5765 593 5851 ntappsrstsxnltima
606 5765 732 5850 spionia,
750 5774 822 5823 etex
841 5763 941 5852 prinei·
996 5764 1119 5835 Gerleis,
1152 5764 1289 5846 resentim
1311 5767 1436 5845 capras,
1452 5758 1500 5819 ubi
1520 5772 1554 5818 os
1577 5757 1706 5817 tostrrnto
1719 5750 1800 5813 fobu·
1867 5764 1880 5795 ³

141 5838 193 5914 pio
212 5837 527 5913 ambesudbernddr
539 5853 590 5913 pro
607 5837 726 5899 ducto
740 5839 867 5913 Gregorii
880 5840 942 5900 tlt.
996 5837 1055 5897 lam
1072 5837 1108 5898 ds
1166 5836 1283 5912 pbnutm
1297 5830 1404 5892 refellat
