<?xml version="1.0" encoding="UTF-8"?>
<!DOCTYPE html PUBLIC "-//W3C//DTD XHTML 1.0 Transitional//EN"
    "http://www.w3.org/TR/xhtml1/DTD/xhtml1-transitional.dtd">
<html xmlns="http://www.w3.org/1999/xhtml" xml:lang="en" lang="en">
 <head>
  <title>
</title>
<meta http-equiv="Content-Type" content="text/html;charset=utf-8" />
  <meta name='ocr-system' content='tesseract 3.04.00' />
  <meta name='ocr-capabilities' content='ocr_page ocr_carea ocr_par ocr_line ocrx_word'/>
</head>
<body>
  <div class='ocr_page' id='page_1' title='image "./lta-11000/patrologiaecurs02unkngoog/patrologiaecurs02unkngoog_0525.png"; bbox 0 0 3870 6164; ppageno 0'>
   <div class='ocr_carea' id='block_1_1' title="bbox 84 274 155 330">
    <p class='ocr_par' dir='ltr' id='par_1_1' title="bbox 84 274 155 330">
     <span class='ocr_line' id='line_1_1' title="bbox 84 274 155 330; baseline -0.014 0"><span class='ocrx_word' id='word_1_1' title='bbox 84 274 155 330; x_wconf 77' lang='lat' dir='ltr'>test</span> 
     </span>
    </p>
   </div>
   <div class='ocr_carea' id='block_1_2' title="bbox 539 271 1278 332">
    <p class='ocr_par' dir='ltr' id='par_1_2' title="bbox 539 271 1278 332">
     <span class='ocr_line' id='line_1_2' title="bbox 539 271 1278 332; baseline 0.005 -3"><span class='ocrx_word' id='word_1_2' title='bbox 539 272 682 329; x_wconf 80' lang='lat' dir='ltr'>APPEND.</span> <span class='ocrx_word' id='word_1_3' title='bbox 703 272 747 330; x_wconf 90' lang='lat' dir='ltr'>lll.</span> <span class='ocrx_word' id='word_1_4' title='bbox 767 302 803 315; x_wconf 88' lang='lat'>-</span> <span class='ocrx_word' id='word_1_5' title='bbox 820 271 1030 330; x_wconf 72' lang='lat' dir='ltr'>contuente</span> <span class='ocrx_word' id='word_1_6' title='bbox 1048 272 1278 332; x_wconf 72' lang='lat' dir='ltr'>desecemus.</span> 
     </span>
    </p>
   </div>
   <div class='ocr_carea' id='block_1_3' title="bbox 1663 284 1733 341">
    <p class='ocr_par' dir='ltr' id='par_1_3' title="bbox 1663 284 1733 341">
     <span class='ocr_line' id='line_1_3' title="bbox 1663 284 1733 341; baseline 0 -2"><span class='ocrx_word' id='word_1_7' title='bbox 1663 284 1733 341; x_wconf 82' lang='lat' dir='ltr'>tots</span> 
     </span>
    </p>
   </div>
   <div class='ocr_carea' id='block_1_4' title="bbox 83 397 1734 481">
    <p class='ocr_par' dir='ltr' id='par_1_4' title="bbox 83 397 1734 481">
     <span class='ocr_line' id='line_1_4' title="bbox 83 397 1734 481; baseline 0.007 -28"><span class='ocrx_word' id='word_1_8' title='bbox 83 397 171 453; x_wconf 87' lang='lat' dir='ltr'>liliam</span> <span class='ocrx_word' id='word_1_9' title='bbox 193 397 276 454; x_wconf 91' lang='lat' dir='ltr'>duxit</span> <span class='ocrx_word' id='word_1_10' title='bbox 301 411 501 469; x_wconf 70' lang='lat' dir='ltr'>uxoremque</span> <span class='ocrx_word' id='word_1_11' title='bbox 522 398 642 471; x_wconf 81' lang='lat' dir='ltr'>Nogarae</span> <span class='ocrx_word' id='word_1_12' title='bbox 655 397 715 455; x_wconf 88' lang='lat' dir='ltr'>sine</span> <span class='ocrx_word' id='word_1_13' title='bbox 729 397 822 455; x_wconf 86' lang='lat' dir='ltr'>liberis</span> <span class='ocrx_word' id='word_1_14' title='bbox 835 397 883 454; x_wconf 93' lang='lat' dir='ltr'>de-</span> <span class='ocrx_word' id='word_1_15' title='bbox 896 402 923 467; x_wconf 74' lang='grc' dir='ltr'><strong>Α</strong></span> <span class='ocrx_word' id='word_1_16' title='bbox 937 397 994 455; x_wconf 90' lang='lat' dir='ltr'>lilia</span> <span class='ocrx_word' id='word_1_17' title='bbox 1004 401 1139 457; x_wconf 90' lang='lat' dir='ltr'>remansit</span> <span class='ocrx_word' id='word_1_18' title='bbox 1147 410 1176 457; x_wconf 87' lang='lat' dir='ltr'>et</span> <span class='ocrx_word' id='word_1_19' title='bbox 1185 401 1283 458; x_wconf 86' lang='lat' dir='ltr'>haeres.</span> <span class='ocrx_word' id='word_1_20' title='bbox 1296 406 1348 459; x_wconf 84' lang='lat' dir='ltr'>Est</span> <span class='ocrx_word' id='word_1_21' title='bbox 1361 411 1456 460; x_wconf 87' lang='lat' dir='ltr'>tamen</span> <span class='ocrx_word' id='word_1_22' title='bbox 1468 406 1623 479; x_wconf 90' lang='lat' dir='ltr'>aliquorum</span> <span class='ocrx_word' id='word_1_23' title='bbox 1638 408 1734 481; x_wconf 93' lang='lat' dir='ltr'>opinio</span> 
     </span>
    </p>
   </div>
   <div class='ocr_carea' id='block_1_5' title="bbox 75 488 882 1778">
    <p class='ocr_par' dir='ltr' id='par_1_5' title="bbox 75 488 882 1778">
     <span class='ocr_line' id='line_1_5' title="bbox 82 488 882 564; baseline 0.003 -19"><span class='ocrx_word' id='word_1_24' title='bbox 82 488 178 546; x_wconf 84' lang='lat' dir='ltr'>iuncta</span> <span class='ocrx_word' id='word_1_25' title='bbox 188 491 273 563; x_wconf 89' lang='lat' dir='ltr'>jacet.</span> <span class='ocrx_word' id='word_1_26' title='bbox 290 492 418 564; x_wconf 89' lang='lat' dir='ltr'>Cumque</span> <span class='ocrx_word' id='word_1_27' title='bbox 435 490 464 546; x_wconf 90' lang='lat' dir='ltr'>bi</span> <span class='ocrx_word' id='word_1_28' title='bbox 478 489 578 546; x_wconf 80' lang='lat' dir='ltr'>iratres</span> <span class='ocrx_word' id='word_1_29' title='bbox 592 489 693 547; x_wconf 87' lang='lat' dir='ltr'>divitiis</span> <span class='ocrx_word' id='word_1_30' title='bbox 712 490 844 547; x_wconf 90' lang='lat' dir='ltr'>llorerent</span> <span class='ocrx_word' id='word_1_31' title='bbox 855 499 882 547; x_wconf 90' lang='lat' dir='ltr'>et</span> 
     </span>
     <span class='ocr_line' id='line_1_6' title="bbox 82 584 880 653; baseline 0.001 -15"><span class='ocrx_word' id='word_1_32' title='bbox 82 584 197 652; x_wconf 88' lang='lat' dir='ltr'>viribus,</span> <span class='ocrx_word' id='word_1_33' title='bbox 213 584 241 639; x_wconf 90' lang='lat' dir='ltr'>in</span> <span class='ocrx_word' id='word_1_34' title='bbox 271 592 383 641; x_wconf 92' lang='lat' dir='ltr'>tantum</span> <span class='ocrx_word' id='word_1_35' title='bbox 397 592 428 639; x_wconf 94' lang='lat' dir='ltr'>ut</span> <span class='ocrx_word' id='word_1_36' title='bbox 446 584 571 639; x_wconf 81' lang='lat' dir='ltr'><strong>hostibus</strong></span> <span class='ocrx_word' id='word_1_37' title='bbox 584 593 691 641; x_wconf 91' lang='lat' dir='ltr'>metum</span> <span class='ocrx_word' id='word_1_38' title='bbox 715 586 880 653; x_wconf 90' lang='lat' dir='ltr'>incuterent,</span> 
     </span>
     <span class='ocr_line' id='line_1_7' title="bbox 81 674 880 751; baseline 0.001 -18"><span class='ocrx_word' id='word_1_39' title='bbox 81 677 161 733; x_wconf 89' lang='lat' dir='ltr'>multi</span> <span class='ocrx_word' id='word_1_40' title='bbox 181 686 210 734; x_wconf 94' lang='lat' dir='ltr'>et</span> <span class='ocrx_word' id='word_1_41' title='bbox 222 692 309 750; x_wconf 90' lang='lat' dir='ltr'>reguo</span> <span class='ocrx_word' id='word_1_42' title='bbox 332 677 413 734; x_wconf 86' lang='lat' dir='ltr'>vicini</span> <span class='ocrx_word' id='word_1_43' title='bbox 435 678 462 733; x_wconf 92' lang='lat' dir='ltr'>in</span> <span class='ocrx_word' id='word_1_44' title='bbox 477 678 608 734; x_wconf 77' lang='lat' dir='ltr'>caviliolo</span> <span class='ocrx_word' id='word_1_45' title='bbox 621 678 744 747; x_wconf 89' lang='lat' dir='ltr'>adunati,</span> <span class='ocrx_word' id='word_1_46' title='bbox 761 694 808 734; x_wconf 89' lang='lat' dir='ltr'>eos</span> <span class='ocrx_word' id='word_1_47' title='bbox 831 674 880 751; x_wconf 82' lang='lat' dir='ltr'>&#39;ag-</span> 
     </span>
     <span class='ocr_line' id='line_1_8' title="bbox 79 769 878 844; baseline 0.001 -18"><span class='ocrx_word' id='word_1_48' title='bbox 79 769 158 844; x_wconf 89' lang='lat' dir='ltr'>gredi</span> <span class='ocrx_word' id='word_1_49' title='bbox 174 779 203 827; x_wconf 91' lang='lat' dir='ltr'>et</span> <span class='ocrx_word' id='word_1_50' title='bbox 224 770 361 828; x_wconf 87' lang='lat' dir='ltr'>debellare</span> <span class='ocrx_word' id='word_1_51' title='bbox 375 770 557 827; x_wconf 90' lang='lat' dir='ltr'>contendunt.</span> <span class='ocrx_word' id='word_1_52' title='bbox 571 770 652 841; x_wconf 88' lang='lat' dir='ltr'>Quod</span> <span class='ocrx_word' id='word_1_53' title='bbox 668 772 811 828; x_wconf 74' lang='lat' dir='ltr'>audientes</span> <span class='ocrx_word' id='word_1_54' title='bbox 824 774 878 827; x_wconf 93' lang='lat' dir='ltr'>Bo·</span> 
     </span>
     <span class='ocr_line' id='line_1_9' title="bbox 79 863 880 936; baseline 0.002 -16"><span class='ocrx_word' id='word_1_55' title='bbox 79 863 201 920; x_wconf 79' lang='lat' dir='ltr'>ulfacius</span> <span class='ocrx_word' id='word_1_56' title='bbox 215 874 244 921; x_wconf 92' lang='lat' dir='ltr'>et</span> <span class='ocrx_word' id='word_1_57' title='bbox 270 863 426 935; x_wconf 91' lang='lat' dir='ltr'>Conradus,</span> <span class='ocrx_word' id='word_1_58' title='bbox 448 864 561 920; x_wconf 89' lang='lat' dir='ltr'>viriliter</span> <span class='ocrx_word' id='word_1_59' title='bbox 575 864 694 936; x_wconf 91' lang='lat' dir='ltr'>sumptis</span> <span class='ocrx_word' id='word_1_60' title='bbox 709 866 794 921; x_wconf 90' lang='lat' dir='ltr'>armis</span> <span class='ocrx_word' id='word_1_61' title='bbox 817 865 880 922; x_wconf 86' lang='lat' dir='ltr'>illos</span> 
     </span>
     <span class='ocr_line' id='line_1_10' title="bbox 78 955 879 1031; baseline -0.001 -16"><span class='ocrx_word' id='word_1_62' title='bbox 78 955 223 1026; x_wconf 88' lang='lat' dir='ltr'>invadunt,</span> <span class='ocrx_word' id='word_1_63' title='bbox 235 965 273 1025; x_wconf 88' lang='lat' dir='ltr'>et,</span> <span class='ocrx_word' id='word_1_64' title='bbox 284 958 404 1013; x_wconf 90' lang='lat' dir='ltr'>mirabili</span> <span class='ocrx_word' id='word_1_65' title='bbox 411 956 534 1014; x_wconf 86' lang='lat' dir='ltr'>confecta</span> <span class='ocrx_word' id='word_1_66' title='bbox 548 973 649 1031; x_wconf 86' lang='lat' dir='ltr'>pugna,</span> <span class='ocrx_word' id='word_1_67' title='bbox 662 958 775 1015; x_wconf 71' lang='lat' dir='ltr'>undem</span> <span class='ocrx_word' id='word_1_68' title='bbox 784 957 879 1017; x_wconf 87' lang='lat' dir='ltr'>hostes</span> 
     </span>
     <span class='ocr_line' id='line_1_11' title="bbox 78 1050 878 1124; baseline 0 -16"><span class='ocrx_word' id='word_1_69' title='bbox 78 1050 143 1108; x_wconf 75' lang='lat' dir='ltr'>caesi</span> <span class='ocrx_word' id='word_1_70' title='bbox 158 1050 301 1123; x_wconf 80' lang='lat' dir='ltr'>fugantur,</span> <span class='ocrx_word' id='word_1_71' title='bbox 315 1061 343 1107; x_wconf 92' lang='lat' dir='ltr'>et</span> <span class='ocrx_word' id='word_1_72' title='bbox 356 1066 470 1123; x_wconf 90' lang='lat' dir='ltr'>campus</span> <span class='ocrx_word' id='word_1_73' title='bbox 489 1050 612 1107; x_wconf 83' lang='lat' dir='ltr'>horribili</span> <span class='ocrx_word' id='word_1_74' title='bbox 622 1056 713 1124; x_wconf 87' lang='lat' dir='ltr'>strage</span> <span class='ocrx_word' id='word_1_75' title='bbox 727 1067 878 1123; x_wconf 82' lang='lat' dir='ltr'><strong>cruoreque</strong></span> 
     </span>
     <span class='ocr_line' id='line_1_12' title="bbox 77 1141 877 1217; baseline 0 -16"><span class='ocrx_word' id='word_1_76' title='bbox 77 1145 169 1201; x_wconf 92' lang='lat' dir='ltr'>multo</span> <span class='ocrx_word' id='word_1_77' title='bbox 182 1141 301 1217; x_wconf 86' lang='lat' dir='ltr'>repletur</span> <span class='ocrx_word' id='word_1_78' title='bbox 317 1163 324 1200; x_wconf 90' lang='lat'>:</span> <span class='ocrx_word' id='word_1_79' title='bbox 339 1144 433 1217; x_wconf 86' lang='lat' dir='ltr'>sieque</span> <span class='ocrx_word' id='word_1_80' title='bbox 444 1144 542 1201; x_wconf 83' lang='lat' dir='ltr'>iratres</span> <span class='ocrx_word' id='word_1_81' title='bbox 555 1144 608 1216; x_wconf 91' lang='lat' dir='ltr'>ipsi</span> <span class='ocrx_word' id='word_1_82' title='bbox 617 1145 736 1201; x_wconf 82' lang='lat' dir='ltr'>victores</span> <span class='ocrx_word' id='word_1_83' title='bbox 746 1161 877 1217; x_wconf 90' lang='lat' dir='ltr'>perman-</span> 
     </span>
     <span class='ocr_line' id='line_1_13' title="bbox 76 1237 874 1311; baseline -0.003 -15"><span class='ocrx_word' id='word_1_84' title='bbox 76 1246 185 1296; x_wconf 83' lang='lat' dir='ltr'>serunt.</span> <span class='ocrx_word' id='word_1_85' title='bbox 213 1237 358 1295; x_wconf 84' lang='lat' dir='ltr'>conradus</span> <span class='ocrx_word' id='word_1_86' title='bbox 382 1245 474 1294; x_wconf 87' lang='lat' dir='ltr'>tamen</span> <span class='ocrx_word' id='word_1_87' title='bbox 498 1238 528 1293; x_wconf 90' lang='lat' dir='ltr'>in</span> <span class='ocrx_word' id='word_1_88' title='bbox 546 1238 687 1311; x_wconf 83' lang='lat' dir='ltr'>eopraelio</span> <span class='ocrx_word' id='word_1_89' title='bbox 707 1238 874 1309; x_wconf 82' lang='lat' dir='ltr'>vulneratur,</span> 
     </span>
     <span class='ocr_line' id='line_1_14' title="bbox 77 1331 877 1405; baseline -0.003 -16"><span class='ocrx_word' id='word_1_90' title='bbox 77 1332 126 1405; x_wconf 90' lang='lat' dir='ltr'>qui</span> <span class='ocrx_word' id='word_1_91' title='bbox 140 1339 204 1404; x_wconf 86' lang='lat' dir='ltr'>post</span> <span class='ocrx_word' id='word_1_92' title='bbox 222 1331 328 1403; x_wconf 89' lang='lat' dir='ltr'>aliquot</span> <span class='ocrx_word' id='word_1_93' title='bbox 346 1346 444 1395; x_wconf 87' lang='lat' dir='ltr'>annos,</span> <span class='ocrx_word' id='word_1_94' title='bbox 469 1332 541 1387; x_wconf 90' lang='lat' dir='ltr'>mala</span> <span class='ocrx_word' id='word_1_95' title='bbox 557 1331 681 1388; x_wconf 86' lang='lat' dir='ltr'>vulneris</span> <span class='ocrx_word' id='word_1_96' title='bbox 695 1331 789 1389; x_wconf 90' lang='lat' dir='ltr'>habita</span> <span class='ocrx_word' id='word_1_97' title='bbox 813 1332 877 1388; x_wconf 91' lang='lat' dir='ltr'>dili·</span> 
     </span>
     <span class='ocr_line' id='line_1_15' title="bbox 76 1424 877 1498; baseline 0.002 -17"><span class='ocrx_word' id='word_1_98' title='bbox 76 1425 181 1498; x_wconf 88' lang='lat' dir='ltr'>geutia,</span> <span class='ocrx_word' id='word_1_99' title='bbox 197 1424 326 1481; x_wconf 92' lang='lat' dir='ltr'>ultimum</span> <span class='ocrx_word' id='word_1_100' title='bbox 338 1424 401 1481; x_wconf 76' lang='lat' dir='ltr'>vitre</span> <span class='ocrx_word' id='word_1_101' title='bbox 411 1440 469 1482; x_wconf 81' lang='lat' dir='ltr'>suae</span> <span class='ocrx_word' id='word_1_102' title='bbox 478 1425 576 1481; x_wconf 89' lang='lat' dir='ltr'>clausit</span> <span class='ocrx_word' id='word_1_103' title='bbox 588 1424 672 1481; x_wconf 90' lang='lat' dir='ltr'>diem.</span> <span class='ocrx_word' id='word_1_104' title='bbox 686 1426 877 1498; x_wconf 82' lang='lat' dir='ltr'>Cujuscnrpus</span> 
     </span>
     <span class='ocr_line' id='line_1_16' title="bbox 77 1516 876 1591; baseline 0 -16"><span class='ocrx_word' id='word_1_105' title='bbox 77 1516 247 1575; x_wconf 84' lang='lat' dir='ltr'>Tbeldaldus</span> <span class='ocrx_word' id='word_1_106' title='bbox 266 1518 398 1574; x_wconf 77' lang='lat' dir='ltr'>Aretinus</span> <span class='ocrx_word' id='word_1_107' title='bbox 420 1518 572 1591; x_wconf 88' lang='lat' dir='ltr'>episcopus,</span> <span class='ocrx_word' id='word_1_108' title='bbox 600 1517 685 1574; x_wconf 85' lang='lat' dir='ltr'>irater</span> <span class='ocrx_word' id='word_1_109' title='bbox 709 1518 770 1591; x_wconf 85' lang='lat' dir='ltr'>ejus</span> <span class='ocrx_word' id='word_1_110' title='bbox 793 1535 876 1591; x_wconf 89' lang='lat' dir='ltr'>supra</span> 
     </span>
     <span class='ocr_line' id='line_1_17' title="bbox 75 1611 877 1684; baseline 0.002 -17"><span class='ocrx_word' id='word_1_111' title='bbox 75 1611 251 1679; x_wconf 89' lang='lat' dir='ltr'>nominatus,</span> <span class='ocrx_word' id='word_1_112' title='bbox 274 1611 304 1667; x_wconf 91' lang='lat' dir='ltr'>in</span> <span class='ocrx_word' id='word_1_113' title='bbox 323 1611 473 1668; x_wconf 60' lang='lat' dir='ltr'>&amp;ensium</span> <span class='ocrx_word' id='word_1_114' title='bbox 495 1612 627 1684; x_wconf 90' lang='lat' dir='ltr'>oppidum</span> <span class='ocrx_word' id='word_1_115' title='bbox 643 1612 750 1680; x_wconf 91' lang='lat' dir='ltr'>detulit,</span> <span class='ocrx_word' id='word_1_116' title='bbox 770 1622 877 1669; x_wconf 88' lang='lat' dir='ltr'>etcum</span> 
     </span>
     <span class='ocr_line' id='line_1_18' title="bbox 75 1704 877 1778; baseline 0 -17"><span class='ocrx_word' id='word_1_117' title='bbox 75 1705 188 1778; x_wconf 87' lang='lat' dir='ltr'>magnis</span> <span class='ocrx_word' id='word_1_118' title='bbox 202 1705 339 1776; x_wconf 74' lang='lat' dir='ltr'>exsequiis</span> <span class='ocrx_word' id='word_1_119' title='bbox 347 1706 480 1777; x_wconf 83' lang='lat' dir='ltr'>sepelivit,</span> <span class='ocrx_word' id='word_1_120' title='bbox 491 1721 565 1762; x_wconf 91' lang='lat' dir='ltr'>anno</span> <span class='ocrx_word' id='word_1_121' title='bbox 576 1705 733 1762; x_wconf 80' lang='lat' dir='ltr'>humanatae</span> <span class='ocrx_word' id='word_1_122' title='bbox 747 1704 877 1762; x_wconf 90' lang='lat' dir='ltr'>divinita-</span> 
     </span>
    </p>
   </div>
   <div class='ocr_carea' id='block_1_6' title="bbox 930 493 1731 1783">
    <p class='ocr_par' dir='ltr' id='par_1_6' title="bbox 930 493 1731 1783">
     <span class='ocr_line' id='line_1_19' title="bbox 935 493 1731 572; baseline 0.015 -25"><span class='ocrx_word' id='word_1_123' title='bbox 935 493 1086 549; x_wconf 89' lang='lat' dir='ltr'>Henricum</span> <span class='ocrx_word' id='word_1_124' title='bbox 1120 495 1202 568; x_wconf 87' lang='lat' dir='ltr'>hujus</span> <span class='ocrx_word' id='word_1_125' title='bbox 1230 496 1353 552; x_wconf 92' lang='lat' dir='ltr'>nominis</span> <span class='ocrx_word' id='word_1_126' title='bbox 1373 506 1505 569; x_wconf 90' lang='lat' dir='ltr'>quartum</span> <span class='ocrx_word' id='word_1_127' title='bbox 1534 500 1731 572; x_wconf 85' lang='lat' dir='ltr'>imperatorem</span> 
     </span>
     <span class='ocr_line' id='line_1_20' title="bbox 935 587 1730 667; baseline 0.016 -27"><span class='ocrx_word' id='word_1_128' title='bbox 935 587 1088 657; x_wconf 81' lang='lat' dir='ltr'>genitorem</span> <span class='ocrx_word' id='word_1_129' title='bbox 1110 587 1195 644; x_wconf 86' lang='lat' dir='ltr'>luisse</span> <span class='ocrx_word' id='word_1_130' title='bbox 1209 589 1307 645; x_wconf 90' lang='lat' dir='ltr'>matris</span> <span class='ocrx_word' id='word_1_131' title='bbox 1320 589 1400 662; x_wconf 77' lang='lat' dir='ltr'>liujus</span> <span class='ocrx_word' id='word_1_132' title='bbox 1413 592 1563 648; x_wconf 80' lang='lat' dir='ltr'>comitissae</span> <span class='ocrx_word' id='word_1_133' title='bbox 1577 596 1730 667; x_wconf 81' lang='lat' dir='ltr'>llatlnildis,</span> 
     </span>
     <span class='ocr_line' id='line_1_21' title="bbox 936 678 1730 759; baseline 0.016 -27"><span class='ocrx_word' id='word_1_134' title='bbox 936 678 988 735; x_wconf 93' lang='lat' dir='ltr'>hoc</span> <span class='ocrx_word' id='word_1_135' title='bbox 1001 679 1086 736; x_wconf 93' lang='lat' dir='ltr'>modo</span> <span class='ocrx_word' id='word_1_136' title='bbox 1096 680 1241 738; x_wconf 90' lang='lat' dir='ltr'>videlicet:</span> <span class='ocrx_word' id='word_1_137' title='bbox 1256 684 1360 740; x_wconf 89' lang='lat' dir='ltr'>Dicunt</span> <span class='ocrx_word' id='word_1_138' title='bbox 1372 693 1488 740; x_wconf 89' lang='lat' dir='ltr'>matrem</span> <span class='ocrx_word' id='word_1_139' title='bbox 1501 687 1653 759; x_wconf 82' lang='lat' dir='ltr'>llatltildis,</span> <span class='ocrx_word' id='word_1_140' title='bbox 1664 688 1730 745; x_wconf 90' lang='lat' dir='ltr'>dum</span> 
     </span>
     <span class='ocr_line' id='line_1_22' title="bbox 935 773 1729 854; baseline 0.015 -28"><span class='ocrx_word' id='word_1_141' title='bbox 935 773 1011 844; x_wconf 87' lang='lat' dir='ltr'>virgo</span> <span class='ocrx_word' id='word_1_142' title='bbox 1026 782 1107 842; x_wconf 89' lang='lat' dir='ltr'>esset,</span> <span class='ocrx_word' id='word_1_143' title='bbox 1123 775 1151 830; x_wconf 92' lang='lat' dir='ltr'>in</span> <span class='ocrx_word' id='word_1_144' title='bbox 1177 775 1308 847; x_wconf 86' lang='lat' dir='ltr'>juvenem</span> <span class='ocrx_word' id='word_1_145' title='bbox 1321 778 1442 834; x_wconf 89' lang='lat' dir='ltr'>nobilem</span> <span class='ocrx_word' id='word_1_146' title='bbox 1469 780 1612 845; x_wconf 83' lang='lat' dir='ltr'>exarsisse,</span> <span class='ocrx_word' id='word_1_147' title='bbox 1628 797 1729 854; x_wconf 90' lang='lat' dir='ltr'>genere</span> 
     </span>
     <span class='ocr_line' id='line_1_23' title="bbox 934 867 1728 947; baseline 0.014 -28"><span class='ocrx_word' id='word_1_148' title='bbox 934 867 1098 935; x_wconf 74' lang='lat' dir='ltr'>Lunensem,</span> <span class='ocrx_word' id='word_1_149' title='bbox 1118 867 1148 922; x_wconf 90' lang='lat' dir='ltr'>in</span> <span class='ocrx_word' id='word_1_150' title='bbox 1168 869 1344 939; x_wconf 88' lang='lat' dir='ltr'>imperatoris</span> <span class='ocrx_word' id='word_1_151' title='bbox 1369 872 1431 927; x_wconf 92' lang='lat' dir='ltr'>aula</span> <span class='ocrx_word' id='word_1_152' title='bbox 1447 873 1650 930; x_wconf 86' lang='lat' dir='ltr'>ministrantem</span> <span class='ocrx_word' id='word_1_153' title='bbox 1661 895 1668 943; x_wconf 90' lang='grc'>;</span> <span class='ocrx_word' id='word_1_154' title='bbox 1681 876 1728 947; x_wconf 91' lang='lat' dir='ltr'>qui</span> 
     </span>
     <span class='ocr_line' id='line_1_24' title="bbox 933 958 1729 1037; baseline 0.015 -24"><span class='ocrx_word' id='word_1_155' title='bbox 933 958 1057 1027; x_wconf 91' lang='lat' dir='ltr'>tandem,</span> <span class='ocrx_word' id='word_1_156' title='bbox 1087 960 1141 1016; x_wconf 86' lang='lat' dir='ltr'>hac</span> <span class='ocrx_word' id='word_1_157' title='bbox 1157 959 1334 1033; x_wconf 88' lang='lat' dir='ltr'>imperatoris</span> <span class='ocrx_word' id='word_1_158' title='bbox 1361 964 1415 1019; x_wconf 82' lang='lat' dir='ltr'>ntia</span> <span class='ocrx_word' id='word_1_159' title='bbox 1431 967 1552 1037; x_wconf 88' lang='lat' dir='ltr'>cognita,</span> <span class='ocrx_word' id='word_1_160' title='bbox 1579 968 1729 1025; x_wconf 89' lang='lat' dir='ltr'>commissa</span> 
     </span>
     <span class='ocr_line' id='line_1_25' title="bbox 932 1052 1725 1120; baseline 0.011 -13"><span class='ocrx_word' id='word_1_161' title='bbox 932 1052 1044 1120; x_wconf 89' lang='lat' dir='ltr'>timens,</span> <span class='ocrx_word' id='word_1_162' title='bbox 1074 1069 1188 1110; x_wconf 92' lang='lat' dir='ltr'>cumea</span> <span class='ocrx_word' id='word_1_163' title='bbox 1211 1054 1277 1111; x_wconf 92' lang='lat' dir='ltr'>abiit</span> <span class='ocrx_word' id='word_1_164' title='bbox 1290 1064 1318 1112; x_wconf 91' lang='lat' dir='ltr'>et</span> <span class='ocrx_word' id='word_1_165' title='bbox 1332 1057 1379 1112; x_wconf 92' lang='lat' dir='ltr'>diu</span> <span class='ocrx_word' id='word_1_166' title='bbox 1402 1057 1509 1113; x_wconf 87' lang='lat' dir='ltr'>latitans</span> <span class='ocrx_word' id='word_1_167' title='bbox 1532 1059 1616 1115; x_wconf 84' lang='lat' dir='ltr'>vitam</span> <span class='ocrx_word' id='word_1_168' title='bbox 1639 1061 1725 1117; x_wconf 92' lang='lat' dir='ltr'>duxit.</span> 
     </span>
     <span class='ocr_line' id='line_1_26' title="bbox 931 1145 1727 1224; baseline 0.013 -24"><span class='ocrx_word' id='word_1_169' title='bbox 931 1145 1053 1202; x_wconf 87' lang='lat' dir='ltr'>Tandem</span> <span class='ocrx_word' id='word_1_170' title='bbox 1067 1163 1130 1203; x_wconf 90' lang='lat' dir='ltr'>cum</span> <span class='ocrx_word' id='word_1_171' title='bbox 1151 1148 1179 1203; x_wconf 87' lang='lat' dir='ltr'>in</span> <span class='ocrx_word' id='word_1_172' title='bbox 1199 1149 1337 1206; x_wconf 86' lang='lat' dir='ltr'>civitatem</span> <span class='ocrx_word' id='word_1_173' title='bbox 1350 1149 1500 1222; x_wconf 88' lang='lat' dir='ltr'>quamdam</span> <span class='ocrx_word' id='word_1_174' title='bbox 1515 1151 1664 1224; x_wconf 90' lang='lat' dir='ltr'>imperator</span> <span class='ocrx_word' id='word_1_175' title='bbox 1683 1170 1727 1210; x_wconf 82' lang='lat' dir='ltr'>ve-</span> 
     </span>
     <span class='ocr_line' id='line_1_27' title="bbox 931 1237 1726 1318; baseline 0.013 -25"><span class='ocrx_word' id='word_1_176' title='bbox 931 1237 1023 1305; x_wconf 90' lang='lat' dir='ltr'>nisset,</span> <span class='ocrx_word' id='word_1_177' title='bbox 1038 1239 1067 1294; x_wconf 89' lang='lat' dir='ltr'>in</span> <span class='ocrx_word' id='word_1_178' title='bbox 1093 1240 1170 1314; x_wconf 89' lang='lat' dir='ltr'>eujus</span> <span class='ocrx_word' id='word_1_179' title='bbox 1184 1242 1340 1314; x_wconf 90' lang='lat' dir='ltr'>episcopatu</span> <span class='ocrx_word' id='word_1_180' title='bbox 1351 1243 1463 1315; x_wconf 85' lang='lat' dir='ltr'>juvenis</span> <span class='ocrx_word' id='word_1_181' title='bbox 1490 1243 1536 1300; x_wconf 93' lang='lat' dir='ltr'>ille</span> <span class='ocrx_word' id='word_1_182' title='bbox 1557 1262 1622 1302; x_wconf 90' lang='lat' dir='ltr'>cum</span> <span class='ocrx_word' id='word_1_183' title='bbox 1640 1247 1726 1318; x_wconf 91' lang='lat' dir='ltr'>impe-</span> 
     </span>
     <span class='ocr_line' id='line_1_28' title="bbox 930 1331 1725 1411; baseline 0.011 -25"><span class='ocrx_word' id='word_1_184' title='bbox 930 1331 1028 1388; x_wconf 93' lang='lat' dir='ltr'>ratoris</span> <span class='ocrx_word' id='word_1_185' title='bbox 1037 1332 1233 1401; x_wconf 84' lang='lat' dir='ltr'>lilialatitabnt;</span> <span class='ocrx_word' id='word_1_186' title='bbox 1242 1334 1348 1407; x_wconf 89' lang='lat' dir='ltr'>juvenis</span> <span class='ocrx_word' id='word_1_187' title='bbox 1358 1336 1402 1392; x_wconf 90' lang='lat' dir='ltr'>ille</span> <span class='ocrx_word' id='word_1_188' title='bbox 1413 1352 1470 1392; x_wconf 89' lang='lat' dir='ltr'>rem</span> <span class='ocrx_word' id='word_1_189' title='bbox 1480 1339 1588 1409; x_wconf 93' lang='lat' dir='ltr'>aperuit</span> <span class='ocrx_word' id='word_1_190' title='bbox 1598 1339 1725 1411; x_wconf 91' lang='lat' dir='ltr'>episcopo</span> 
     </span>
     <span class='ocr_line' id='line_1_29' title="bbox 931 1425 1726 1505; baseline 0.013 -25"><span class='ocrx_word' id='word_1_191' title='bbox 931 1425 1048 1481; x_wconf 88' lang='lat' dir='ltr'>civitatis</span> <span class='ocrx_word' id='word_1_192' title='bbox 1058 1446 1065 1494; x_wconf 90' lang='lat'>;</span> <span class='ocrx_word' id='word_1_193' title='bbox 1076 1426 1122 1482; x_wconf 91' lang='lat' dir='ltr'>ille</span> <span class='ocrx_word' id='word_1_194' title='bbox 1136 1436 1231 1483; x_wconf 83' lang='lat' dir='ltr'>autem¹</span> <span class='ocrx_word' id='word_1_195' title='bbox 1245 1428 1404 1501; x_wconf 88' lang='lat' dir='ltr'>imperatori</span> <span class='ocrx_word' id='word_1_196' title='bbox 1420 1431 1552 1487; x_wconf 86' lang='lat' dir='ltr'>narravit.</span> <span class='ocrx_word' id='word_1_197' title='bbox 1568 1432 1653 1504; x_wconf 89' lang='lat' dir='ltr'>Cujus</span> <span class='ocrx_word' id='word_1_198' title='bbox 1667 1448 1726 1505; x_wconf 91' lang='lat' dir='ltr'>pre·</span> 
     </span>
     <span class='ocr_line' id='line_1_30' title="bbox 930 1506 1725 1597; baseline 0.011 -24"><span class='ocrx_word' id='word_1_199' title='bbox 930 1517 1008 1573; x_wconf 90' lang='lat' dir='ltr'>cibus</span> <span class='ocrx_word' id='word_1_200' title='bbox 1018 1519 1098 1575; x_wconf 89' lang='lat' dir='ltr'>venia</span> <span class='ocrx_word' id='word_1_201' title='bbox 1113 1521 1259 1591; x_wconf 89' lang='lat' dir='ltr'>promissa,</span> <span class='ocrx_word' id='word_1_202' title='bbox 1274 1529 1422 1594; x_wconf 89' lang='lat' dir='ltr'>utrumque</span> <span class='ocrx_word' id='word_1_203' title='bbox 1436 1506 1539 1594; x_wconf 87' lang='lat' dir='ltr'>recepit</span> <span class='ocrx_word' id='word_1_204' title='bbox 1549 1523 1583 1580; x_wconf 90' lang='lat' dir='ltr'>ad</span> <span class='ocrx_word' id='word_1_205' title='bbox 1598 1525 1725 1597; x_wconf 87' lang='lat' dir='ltr'>gratiam.</span> 
     </span>
     <span class='ocr_line' id='line_1_31' title="bbox 930 1612 1728 1690; baseline 0.013 -25"><span class='ocrx_word' id='word_1_206' title='bbox 930 1612 1003 1668; x_wconf 84' lang='lat' dir='ltr'>Huic</span> <span class='ocrx_word' id='word_1_207' title='bbox 1012 1613 1104 1687; x_wconf 87' lang='lat' dir='ltr'>juveni</span> <span class='ocrx_word' id='word_1_208' title='bbox 1118 1629 1219 1670; x_wconf 89' lang='lat' dir='ltr'>nomeu</span> <span class='ocrx_word' id='word_1_209' title='bbox 1233 1624 1291 1671; x_wconf 90' lang='lat' dir='ltr'>erat</span> <span class='ocrx_word' id='word_1_210' title='bbox 1306 1614 1474 1684; x_wconf 77' lang='lat' dir='ltr'>Bonifatius,</span> <span class='ocrx_word' id='word_1_211' title='bbox 1491 1618 1583 1688; x_wconf 89' lang='lat' dir='ltr'>quiex</span> <span class='ocrx_word' id='word_1_212' title='bbox 1603 1620 1728 1690; x_wconf 90' lang='lat' dir='ltr'>impera·</span> 
     </span>
     <span class='ocr_line' id='line_1_32' title="bbox 931 1704 1726 1783; baseline 0.011 -24"><span class='ocrx_word' id='word_1_213' title='bbox 931 1705 1000 1760; x_wconf 92' lang='lat' dir='ltr'>toris</span> <span class='ocrx_word' id='word_1_214' title='bbox 1018 1704 1072 1761; x_wconf 87' lang='lat' dir='ltr'>lilia</span> <span class='ocrx_word' id='word_1_215' title='bbox 1088 1705 1160 1763; x_wconf 90' lang='lat' dir='ltr'>bauo</span> <span class='ocrx_word' id='word_1_216' title='bbox 1186 1709 1280 1779; x_wconf 88' lang='lat' dir='ltr'>genuit</span> <span class='ocrx_word' id='word_1_217' title='bbox 1293 1709 1474 1775; x_wconf 90' lang='lat' dir='ltr'>comitissam,</span> <span class='ocrx_word' id='word_1_218' title='bbox 1492 1725 1561 1781; x_wconf 92' lang='lat' dir='ltr'>quos</span> <span class='ocrx_word' id='word_1_219' title='bbox 1574 1711 1726 1783; x_wconf 88' lang='lat' dir='ltr'>imperator</span> 
     </span>
    </p>
   </div>
   <div class='ocr_carea' id='block_1_7' title="bbox 73 1792 1652 1876">
    <p class='ocr_par' dir='ltr' id='par_1_7' title="bbox 73 1792 1652 1876">
     <span class='ocr_line' id='line_1_33' title="bbox 73 1792 1652 1876; baseline 0.004 -21"><span class='ocrx_word' id='word_1_220' title='bbox 73 1799 112 1855; x_wconf 88' lang='lat' dir='ltr'>tis</span> <span class='ocrx_word' id='word_1_221' title='bbox 125 1798 276 1855; x_wconf 86' lang='lat' dir='ltr'>millesimo</span> <span class='ocrx_word' id='word_1_222' title='bbox 288 1799 442 1870; x_wconf 88' lang='lat' dir='ltr'>trigesimo.</span> <span class='ocrx_word' id='word_1_223' title='bbox 457 1799 498 1855; x_wconf 92' lang='lat' dir='ltr'>lbi</span> <span class='ocrx_word' id='word_1_224' title='bbox 513 1814 622 1870; x_wconf 91' lang='lat' dir='ltr'>quoque</span> <span class='ocrx_word' id='word_1_225' title='bbox 633 1800 716 1856; x_wconf 93' lang='lat' dir='ltr'>ambo</span> <span class='ocrx_word' id='word_1_226' title='bbox 730 1799 876 1870; x_wconf 84' lang='lat' dir='ltr'>praenomi·</span> <span class='ocrx_word' id='word_1_227' title='bbox 892 1792 917 1855; x_wconf 89' lang='lat' dir='ltr'>B</span> <span class='ocrx_word' id='word_1_228' title='bbox 930 1800 1008 1857; x_wconf 92' lang='lat' dir='ltr'>auxit</span> <span class='ocrx_word' id='word_1_229' title='bbox 1031 1818 1064 1857; x_wconf 87' lang='lat' dir='ltr'>ex</span> <span class='ocrx_word' id='word_1_230' title='bbox 1082 1802 1193 1876; x_wconf 91' lang='lat' dir='ltr'>imperii</span> <span class='ocrx_word' id='word_1_231' title='bbox 1203 1803 1317 1873; x_wconf 90' lang='lat' dir='ltr'>viribus,</span> <span class='ocrx_word' id='word_1_232' title='bbox 1333 1804 1373 1861; x_wconf 91' lang='lat' dir='ltr'>eis</span> <span class='ocrx_word' id='word_1_233' title='bbox 1389 1806 1476 1861; x_wconf 90' lang='lat' dir='ltr'>multa</span> <span class='ocrx_word' id='word_1_234' title='bbox 1490 1805 1652 1862; x_wconf 89' lang='lat' dir='ltr'>concedens.</span> 
     </span>
    </p>
   </div>
   <div class='ocr_carea' id='block_1_8' title="bbox 70 1890 874 2321">
    <p class='ocr_par' dir='ltr' id='par_1_8' title="bbox 70 1890 874 2321">
     <span class='ocr_line' id='line_1_34' title="bbox 73 1890 874 1965; baseline -0.001 -16"><span class='ocrx_word' id='word_1_235' title='bbox 73 1892 136 1949; x_wconf 89' lang='lat' dir='ltr'>nati</span> <span class='ocrx_word' id='word_1_236' title='bbox 153 1890 294 1963; x_wconf 87' lang='lat' dir='ltr'>pontilices</span> <span class='ocrx_word' id='word_1_237' title='bbox 311 1890 485 1948; x_wconf 86' lang='lat' dir='ltr'>Gotblredus</span> <span class='ocrx_word' id='word_1_238' title='bbox 500 1892 650 1948; x_wconf 84' lang='lat' dir='ltr'>Brixiensis</span> <span class='ocrx_word' id='word_1_239' title='bbox 669 1893 821 1965; x_wconf 90' lang='lat' dir='ltr'>episcopus,</span> <span class='ocrx_word' id='word_1_240' title='bbox 846 1901 874 1949; x_wconf 91' lang='lat' dir='ltr'>et</span> 
     </span>
     <span class='ocr_line' id='line_1_35' title="bbox 71 1984 873 2059; baseline -0.001 -17"><span class='ocrx_word' id='word_1_241' title='bbox 71 1984 233 2042; x_wconf 80' lang='lat' dir='ltr'>&#39;l&#39;bedeldus</span> <span class='ocrx_word' id='word_1_242' title='bbox 248 1985 390 2054; x_wconf 81' lang='lat' dir='ltr'>Aretiuus,</span> <span class='ocrx_word' id='word_1_243' title='bbox 404 1985 542 2058; x_wconf 79' lang='lat' dir='ltr'>ildegarda</span> <span class='ocrx_word' id='word_1_244' title='bbox 556 1986 669 2042; x_wconf 77' lang='lat' dir='ltr'>Attouis</span> <span class='ocrx_word' id='word_1_245' title='bbox 683 1986 793 2059; x_wconf 88' lang='lat' dir='ltr'>conjux,</span> <span class='ocrx_word' id='word_1_246' title='bbox 811 1988 873 2042; x_wconf 84' lang='lat' dir='ltr'>Ro-</span> 
     </span>
     <span class='ocr_line' id='line_1_36' title="bbox 71 2076 872 2150; baseline 0 -15"><span class='ocrx_word' id='word_1_247' title='bbox 71 2076 197 2150; x_wconf 91' lang='lat' dir='ltr'>dulpbus</span> <span class='ocrx_word' id='word_1_248' title='bbox 209 2086 238 2134; x_wconf 87' lang='lat' dir='ltr'>et</span> <span class='ocrx_word' id='word_1_249' title='bbox 262 2078 406 2136; x_wconf 81' lang='lat' dir='ltr'>Conradm</span> <span class='ocrx_word' id='word_1_250' title='bbox 422 2077 556 2135; x_wconf 84' lang='lat' dir='ltr'>Bonilaeir</span> <span class='ocrx_word' id='word_1_251' title='bbox 569 2078 630 2145; x_wconf 90' lang='lat' dir='ltr'>lilii,</span> <span class='ocrx_word' id='word_1_252' title='bbox 643 2087 671 2134; x_wconf 92' lang='lat' dir='ltr'>et</span> <span class='ocrx_word' id='word_1_253' title='bbox 686 2080 786 2147; x_wconf 81' lang='lat' dir='ltr'>voilia,</span> <span class='ocrx_word' id='word_1_254' title='bbox 800 2077 872 2136; x_wconf 81' lang='lat' dir='ltr'>The·</span> 
     </span>
     <span class='ocr_line' id='line_1_37' title="bbox 70 2170 872 2244; baseline 0.001 -16"><span class='ocrx_word' id='word_1_255' title='bbox 70 2170 148 2228; x_wconf 88' lang='lat' dir='ltr'>daldi</span> <span class='ocrx_word' id='word_1_256' title='bbox 176 2171 225 2227; x_wconf 90' lang='lat' dir='ltr'>lilii</span> <span class='ocrx_word' id='word_1_257' title='bbox 246 2173 359 2228; x_wconf 84' lang='lat' dir='ltr'>Attonis</span> <span class='ocrx_word' id='word_1_258' title='bbox 372 2188 443 2228; x_wconf 94' lang='lat' dir='ltr'>uxor</span> <span class='ocrx_word' id='word_1_259' title='bbox 466 2171 517 2227; x_wconf 91' lang='lat' dir='ltr'>sub</span> <span class='ocrx_word' id='word_1_260' title='bbox 531 2188 586 2229; x_wconf 91' lang='lat' dir='ltr'>uuo</span> <span class='ocrx_word' id='word_1_261' title='bbox 607 2180 671 2228; x_wconf 90' lang='lat' dir='ltr'>sunt</span> <span class='ocrx_word' id='word_1_262' title='bbox 690 2174 792 2244; x_wconf 90' lang='lat' dir='ltr'>pariter</span> <span class='ocrx_word' id='word_1_263' title='bbox 807 2188 872 2229; x_wconf 90' lang='lat' dir='ltr'>saxo</span> 
     </span>
     <span class='ocr_line' id='line_1_38' title="bbox 70 2264 208 2321; baseline 0 0"><span class='ocrx_word' id='word_1_264' title='bbox 70 2264 208 2321; x_wconf 86' lang='lat' dir='ltr'>contenti.</span> 
     </span>
    </p>
   </div>
   <div class='ocr_carea' id='block_1_9' title="bbox 386 2365 564 2422">
    <p class='ocr_par' dir='ltr' id='par_1_9' title="bbox 386 2365 564 2422">
     <span class='ocr_line' id='line_1_39' title="bbox 386 2365 564 2422; baseline -0.006 -1"><span class='ocrx_word' id='word_1_265' title='bbox 386 2365 506 2422; x_wconf 78' lang='lat' dir='ltr'><strong>CAPUT</strong></span> <span class='ocrx_word' id='word_1_266' title='bbox 530 2367 564 2420; x_wconf 91' lang='lat' dir='ltr'>V.</span> 
     </span>
    </p>
   </div>
   <div class='ocr_carea' id='block_1_10' title="bbox 1225 1917 1426 1974">
    <p class='ocr_par' dir='ltr' id='par_1_10' title="bbox 1225 1917 1426 1974">
     <span class='ocr_line' id='line_1_40' title="bbox 1225 1917 1426 1974; baseline -0.005 -1"><span class='ocrx_word' id='word_1_267' title='bbox 1225 1917 1347 1974; x_wconf 80' lang='lat' dir='ltr'><strong>CAPUT</strong></span> <span class='ocrx_word' id='word_1_268' title='bbox 1379 1919 1426 1973; x_wconf 80' lang='lat' dir='ltr'>Vl.</span> 
     </span>
    </p>
   </div>
   <div class='ocr_carea' id='block_1_11' title="bbox 971 2013 1682 2155">
    <p class='ocr_par' dir='ltr' id='par_1_11' title="bbox 971 2013 1682 2155">
     <span class='ocr_line' id='line_1_41' title="bbox 971 2013 1682 2086; baseline 0.007 -19"><span class='ocrx_word' id='word_1_269' title='bbox 971 2015 1009 2067; x_wconf 86' lang='lat' dir='ltr'>Be</span> <span class='ocrx_word' id='word_1_270' title='bbox 1028 2013 1255 2080; x_wconf 73' lang='lat' dir='ltr'>confoederatione</span> <span class='ocrx_word' id='word_1_271' title='bbox 1278 2016 1416 2083; x_wconf 77' lang='lat' dir='ltr'>Bonifatii</span> <span class='ocrx_word' id='word_1_272' title='bbox 1441 2031 1500 2070; x_wconf 84' lang='lat' dir='ltr'>cum</span> <span class='ocrx_word' id='word_1_273' title='bbox 1518 2018 1682 2086; x_wconf 84' lang='lat' dir='ltr'>imperatore</span> 
     </span>
     <span class='ocr_line' id='line_1_42' title="bbox 1160 2083 1511 2155; baseline 0.006 -16"><span class='ocrx_word' id='word_1_274' title='bbox 1160 2083 1291 2152; x_wconf 80' lang='lat' dir='ltr'>Conrado,</span> <span class='ocrx_word' id='word_1_275' title='bbox 1306 2091 1333 2140; x_wconf 86' lang='lat' dir='ltr'>et</span> <span class='ocrx_word' id='word_1_276' title='bbox 1346 2087 1404 2155; x_wconf 79' lang='lat' dir='ltr'>ejus</span> <span class='ocrx_word' id='word_1_277' title='bbox 1417 2093 1511 2141; x_wconf 83' lang='lat' dir='ltr'>morte.</span> 
     </span>
    </p>
   </div>
   <div class='ocr_carea' id='block_1_12' title="bbox 924 2182 1722 2444">
    <p class='ocr_par' dir='ltr' id='par_1_12' title="bbox 924 2182 1722 2444">
     <span class='ocr_line' id='line_1_43' title="bbox 961 2182 1722 2258; baseline 0.008 -21"><span class='ocrx_word' id='word_1_278' title='bbox 961 2182 1105 2239; x_wconf 86' lang='lat' dir='ltr'>Conradus</span> <span class='ocrx_word' id='word_1_279' title='bbox 1131 2185 1281 2256; x_wconf 89' lang='lat' dir='ltr'>imperator</span> <span class='ocrx_word' id='word_1_280' title='bbox 1304 2185 1386 2258; x_wconf 86' lang='lat' dir='ltr'>hujus</span> <span class='ocrx_word' id='word_1_281' title='bbox 1413 2186 1538 2242; x_wconf 90' lang='lat' dir='ltr'>nominis</span> <span class='ocrx_word' id='word_1_282' title='bbox 1564 2188 1722 2257; x_wconf 88' lang='lat' dir='ltr'>secundus,</span> 
     </span>
     <span class='ocr_line' id='line_1_44' title="bbox 926 2272 1721 2346; baseline 0.01 -17"><span class='ocrx_word' id='word_1_283' title='bbox 926 2272 995 2330; x_wconf 92' lang='lat' dir='ltr'>dum</span> <span class='ocrx_word' id='word_1_284' title='bbox 1008 2278 1137 2332; x_wconf 90' lang='lat' dir='ltr'>Parmam</span> <span class='ocrx_word' id='word_1_285' title='bbox 1151 2277 1290 2333; x_wconf 88' lang='lat' dir='ltr'>obsideret</span> <span class='ocrx_word' id='word_1_286' title='bbox 1304 2278 1444 2346; x_wconf 89' lang='lat' dir='ltr'>rebellem,</span> <span class='ocrx_word' id='word_1_287' title='bbox 1460 2278 1535 2334; x_wconf 91' lang='lat' dir='ltr'>hunc</span> <span class='ocrx_word' id='word_1_288' title='bbox 1546 2279 1721 2337; x_wconf 89' lang='lat' dir='ltr'>Bonilacium</span> 
     </span>
     <span class='ocr_line' id='line_1_45' title="bbox 924 2367 1717 2444; baseline 0.011 -24"><span class='ocrx_word' id='word_1_289' title='bbox 924 2367 958 2422; x_wconf 94' lang='lat' dir='ltr'>ad</span> <span class='ocrx_word' id='word_1_290' title='bbox 973 2384 1055 2425; x_wconf 91' lang='lat' dir='ltr'>suum</span> <span class='ocrx_word' id='word_1_291' title='bbox 1070 2369 1226 2426; x_wconf 89' lang='lat' dir='ltr'>subsidium</span> <span class='ocrx_word' id='word_1_292' title='bbox 1236 2370 1366 2428; x_wconf 88' lang='lat' dir='ltr'>evocavit.</span> <span class='ocrx_word' id='word_1_293' title='bbox 1384 2371 1467 2444; x_wconf 87' lang='lat' dir='ltr'>Cujus</span> <span class='ocrx_word' id='word_1_294' title='bbox 1482 2370 1567 2427; x_wconf 87' lang='lat' dir='ltr'>lultus</span> <span class='ocrx_word' id='word_1_295' title='bbox 1582 2374 1717 2444; x_wconf 87' lang='lat' dir='ltr'>praesidio,</span> 
     </span>
    </p>
   </div>
   <div class='ocr_carea' id='block_1_13' title="bbox 68 2462 1833 2541">
    <p class='ocr_par' dir='ltr' id='par_1_13' title="bbox 68 2462 1833 2541">
     <span class='ocr_line' id='line_1_46' title="bbox 68 2462 1833 2541; baseline 0.003 -24"><span class='ocrx_word' id='word_1_296' title='bbox 68 2470 107 2527; x_wconf 62' lang='lat' dir='ltr'>na</span> <span class='ocrx_word' id='word_1_297' title='bbox 120 2472 266 2538; x_wconf 66' lang='lat' dir='ltr'>misceto</span> <span class='ocrx_word' id='word_1_298' title='bbox 275 2471 521 2540; x_wconf 69' lang='lat' dir='ltr'>patrenasntmts,</span> <span class='ocrx_word' id='word_1_299' title='bbox 539 2475 566 2525; x_wconf 68' lang='lat' dir='ltr'>et</span> <span class='ocrx_word' id='word_1_300' title='bbox 579 2471 697 2541; x_wconf 65' lang='lat' dir='ltr'>qualiter</span> <span class='ocrx_word' id='word_1_301' title='bbox 719 2473 869 2527; x_wconf 68' lang='lat' dir='ltr'>pean-icem</span> <span class='ocrx_word' id='word_1_302' title='bbox 926 2470 1021 2532; x_wconf 86' lang='lat' dir='ltr'>utpote</span> <span class='ocrx_word' id='word_1_303' title='bbox 1034 2462 1081 2517; x_wconf 90' lang='lat' dir='ltr'>viri</span> <span class='ocrx_word' id='word_1_304' title='bbox 1095 2462 1200 2518; x_wconf 86' lang='lat' dir='ltr'>viribus</span> <span class='ocrx_word' id='word_1_305' title='bbox 1213 2465 1319 2519; x_wconf 90' lang='lat' dir='ltr'>strenui</span> <span class='ocrx_word' id='word_1_306' title='bbox 1332 2475 1359 2520; x_wconf 89' lang='lat' dir='ltr'>et</span> <span class='ocrx_word' id='word_1_307' title='bbox 1372 2466 1455 2520; x_wconf 92' lang='lat' dir='ltr'>armis</span> <span class='ocrx_word' id='word_1_308' title='bbox 1469 2463 1570 2534; x_wconf 79' lang='lat' dir='ltr'>edocti,</span> <span class='ocrx_word' id='word_1_309' title='bbox 1585 2467 1724 2523; x_wconf 88' lang='lat' dir='ltr'>civitatem</span> <span class='ocrx_word' id='word_1_310' title='bbox 1829 2488 1833 2505; x_wconf 66' lang='grc' dir='ltr'>ι</span> 
     </span>
    </p>
   </div>
   <div class='ocr_carea' id='block_1_14' title="bbox 58 2543 1800 3842">
    <p class='ocr_par' dir='ltr' id='par_1_14' title="bbox 361 2543 1725 2630">
     <span class='ocr_line' id='line_1_47' title="bbox 361 2543 1725 2630; baseline 0.007 -23"><span class='ocrx_word' id='word_1_311' title='bbox 361 2543 444 2598; x_wconf 55' lang='lat' dir='ltr'>duffii</span> <span class='ocrx_word' id='word_1_312' title='bbox 463 2558 585 2597; x_wconf 63' lang='lat' dir='ltr'>mrem·</span> <span class='ocrx_word' id='word_1_313' title='bbox 926 2552 1016 2624; x_wconf 88' lang='lat' dir='ltr'>ipsam</span> <span class='ocrx_word' id='word_1_314' title='bbox 1024 2554 1156 2621; x_wconf 82' lang='lat' dir='ltr'>obtinuit;</span> <span class='ocrx_word' id='word_1_315' title='bbox 1169 2572 1251 2626; x_wconf 90' lang='lat' dir='ltr'>quem</span> <span class='ocrx_word' id='word_1_316' title='bbox 1261 2557 1313 2612; x_wconf 90' lang='lat' dir='ltr'>sibi</span> <span class='ocrx_word' id='word_1_317' title='bbox 1325 2557 1501 2628; x_wconf 89' lang='lat' dir='ltr'>postmodum</span> <span class='ocrx_word' id='word_1_318' title='bbox 1512 2559 1725 2630; x_wconf 86' lang='lat' dir='ltr'>ipseimperator</span> 
     </span>
    </p>

    <p class='ocr_par' dir='ltr' id='par_1_15' title="bbox 58 2645 1800 3842">
     <span class='ocr_line' id='line_1_48' title="bbox 103 2645 1800 2723; baseline -0.001 -14"><span class='ocrx_word' id='word_1_319' title='bbox 103 2652 263 2709; x_wconf 80' lang='lat' dir='ltr'>Borxilacius</span> <span class='ocrx_word' id='word_1_320' title='bbox 287 2661 389 2719; x_wconf 89' lang='lat' dir='ltr'>autem,</span> <span class='ocrx_word' id='word_1_321' title='bbox 406 2652 533 2709; x_wconf 91' lang='lat' dir='ltr'>Conrado</span> <span class='ocrx_word' id='word_1_322' title='bbox 548 2651 632 2708; x_wconf 90' lang='lat' dir='ltr'>lratre</span> <span class='ocrx_word' id='word_1_323' title='bbox 653 2650 795 2717; x_wconf 82' lang='lat' dir='ltr'>defuncto,</span> <span class='ocrx_word' id='word_1_324' title='bbox 810 2666 871 2706; x_wconf 86' lang='lat' dir='ltr'>me·</span> <span class='ocrx_word' id='word_1_325' title='bbox 925 2647 1051 2702; x_wconf 82' lang='lat' dir='ltr'>astrinxit</span> <span class='ocrx_word' id='word_1_326' title='bbox 1067 2645 1170 2723; x_wconf 86' lang='lat' dir='ltr'>loedere</span> <span class='ocrx_word' id='word_1_327' title='bbox 1189 2649 1354 2721; x_wconf 86' lang='lat' dir='ltr'>juramenti,</span> <span class='ocrx_word' id='word_1_328' title='bbox 1373 2658 1400 2705; x_wconf 91' lang='lat' dir='ltr'>et</span> <span class='ocrx_word' id='word_1_329' title='bbox 1415 2651 1502 2706; x_wconf 91' lang='lat' dir='ltr'>multo</span> <span class='ocrx_word' id='word_1_330' title='bbox 1514 2652 1590 2706; x_wconf 90' lang='lat' dir='ltr'>illum</span> <span class='ocrx_word' id='word_1_331' title='bbox 1615 2655 1723 2709; x_wconf 89' lang='lat' dir='ltr'>bonore</span> <span class='ocrx_word' id='word_1_332' title='bbox 1797 2666 1800 2673; x_wconf 91' lang='grc'><em>·</em></span> 
     </span>
     <span class='ocr_line' id='line_1_49' title="bbox 66 2738 1724 2819; baseline -0.001 -17"><span class='ocrx_word' id='word_1_333' title='bbox 66 2746 132 2819; x_wconf 80' lang='lat' dir='ltr'>gnis</span> <span class='ocrx_word' id='word_1_334' title='bbox 147 2746 253 2802; x_wconf 88' lang='lat' dir='ltr'>exstitit</span> <span class='ocrx_word' id='word_1_335' title='bbox 278 2746 368 2801; x_wconf 77' lang='lat' dir='ltr'>clanis</span> <span class='ocrx_word' id='word_1_336' title='bbox 388 2746 545 2801; x_wconf 85' lang='lat' dir='ltr'>virtutibus.</span> <span class='ocrx_word' id='word_1_337' title='bbox 566 2746 619 2800; x_wconf 87' lang='lat' dir='ltr'>Hic</span> <span class='ocrx_word' id='word_1_338' title='bbox 634 2745 709 2800; x_wconf 90' lang='lat' dir='ltr'>enim</span> <span class='ocrx_word' id='word_1_339' title='bbox 734 2744 761 2799; x_wconf 92' lang='lat' dir='ltr'>in</span> <span class='ocrx_word' id='word_1_340' title='bbox 773 2743 870 2814; x_wconf 87' lang='lat' dir='ltr'>puerili</span> <span class='ocrx_word' id='word_1_341' title='bbox 925 2738 1057 2811; x_wconf 89' lang='lat' dir='ltr'>provexit.</span> <span class='ocrx_word' id='word_1_342' title='bbox 1087 2740 1209 2795; x_wconf 81' lang='lat' dir='ltr'>Posthac</span> <span class='ocrx_word' id='word_1_343' title='bbox 1238 2742 1355 2797; x_wconf 83' lang='lat' dir='ltr'>ilenrico</span> <span class='ocrx_word' id='word_1_344' title='bbox 1370 2743 1452 2798; x_wconf 90' lang='lat' dir='ltr'>tertio</span> <span class='ocrx_word' id='word_1_345' title='bbox 1477 2743 1641 2813; x_wconf 88' lang='lat' dir='ltr'>imperante,</span> <span class='ocrx_word' id='word_1_346' title='bbox 1656 2746 1724 2802; x_wconf 90' lang='lat' dir='ltr'>dum</span> 
     </span>
     <span class='ocr_line' id='line_1_50' title="bbox 66 2832 1723 2912; baseline -0.001 -17"><span class='ocrx_word' id='word_1_347' title='bbox 66 2839 161 2896; x_wconf 83' lang='lat' dir='ltr'>adbuc</span> <span class='ocrx_word' id='word_1_348' title='bbox 173 2847 266 2904; x_wconf 81' lang='lat' dir='ltr'>estete,</span> <span class='ocrx_word' id='word_1_349' title='bbox 279 2839 388 2912; x_wconf 89' lang='lat' dir='ltr'>ingenio</span> <span class='ocrx_word' id='word_1_350' title='bbox 403 2839 491 2895; x_wconf 91' lang='lat' dir='ltr'>multo</span> <span class='ocrx_word' id='word_1_351' title='bbox 505 2839 601 2910; x_wconf 83' lang='lat' dir='ltr'>viguit,</span> <span class='ocrx_word' id='word_1_352' title='bbox 618 2847 646 2895; x_wconf 92' lang='lat' dir='ltr'>et</span> <span class='ocrx_word' id='word_1_353' title='bbox 656 2854 738 2894; x_wconf 88' lang='lat' dir='ltr'>sensu</span> <span class='ocrx_word' id='word_1_354' title='bbox 751 2836 870 2893; x_wconf 81' lang='lat' dir='ltr'>mirifico</span> <span class='ocrx_word' id='word_1_355' title='bbox 924 2832 959 2887; x_wconf 89' lang='lat' dir='ltr'>ad</span> <span class='ocrx_word' id='word_1_356' title='bbox 982 2832 1051 2888; x_wconf 90' lang='lat' dir='ltr'>bella</span> <span class='ocrx_word' id='word_1_357' title='bbox 1070 2842 1165 2888; x_wconf 89' lang='lat' dir='ltr'>contra</span> <span class='ocrx_word' id='word_1_358' title='bbox 1178 2833 1343 2906; x_wconf 88' lang='lat' dir='ltr'>Burgundos</span> <span class='ocrx_word' id='word_1_359' title='bbox 1358 2835 1431 2890; x_wconf 92' lang='lat' dir='ltr'>idem</span> <span class='ocrx_word' id='word_1_360' title='bbox 1446 2836 1622 2905; x_wconf 84' lang='lat' dir='ltr'>processisset</span> <span class='ocrx_word' id='word_1_361' title='bbox 1635 2838 1723 2909; x_wconf 90' lang='lat' dir='ltr'>impe-</span> 
     </span>
     <span class='ocr_line' id='line_1_51' title="bbox 65 2925 1721 3006; baseline -0.001 -18"><span class='ocrx_word' id='word_1_362' title='bbox 65 2933 178 3006; x_wconf 90' lang='lat' dir='ltr'>polluit.</span> <span class='ocrx_word' id='word_1_363' title='bbox 191 2932 253 2989; x_wconf 81' lang='lat' dir='ltr'>Fuit</span> <span class='ocrx_word' id='word_1_364' title='bbox 276 2947 385 3004; x_wconf 92' lang='lat' dir='ltr'>quoque</span> <span class='ocrx_word' id='word_1_365' title='bbox 398 2930 489 2989; x_wconf 80' lang='lat' dir='ltr'>forma</span> <span class='ocrx_word' id='word_1_366' title='bbox 503 2948 643 3004; x_wconf 86' lang='lat' dir='ltr'>procerus,</span> <span class='ocrx_word' id='word_1_367' title='bbox 659 2946 774 3002; x_wconf 91' lang='lat' dir='ltr'>corpore</span> <span class='ocrx_word' id='word_1_368' title='bbox 787 2926 869 2985; x_wconf 82' lang='lat' dir='ltr'>decd-</span> <span class='ocrx_word' id='word_1_369' title='bbox 924 2933 1009 2992; x_wconf 84' lang='lat' dir='ltr'>rator,</span> <span class='ocrx_word' id='word_1_370' title='bbox 1025 2925 1155 2996; x_wconf 85' lang='lat' dir='ltr'>praelatus</span> <span class='ocrx_word' id='word_1_371' title='bbox 1170 2926 1327 2983; x_wconf 87' lang='lat' dir='ltr'>Bonilaeius</span> <span class='ocrx_word' id='word_1_372' title='bbox 1349 2927 1375 2982; x_wconf 92' lang='lat' dir='ltr'>in</span> <span class='ocrx_word' id='word_1_373' title='bbox 1399 2928 1575 2998; x_wconf 90' lang='lat' dir='ltr'>imperatoris</span> <span class='ocrx_word' id='word_1_374' title='bbox 1588 2930 1721 2986; x_wconf 86' lang='lat' dir='ltr'>auxilium</span> 
     </span>
     <span class='ocr_line' id='line_1_52' title="bbox 65 3020 1722 3098; baseline -0.003 -15"><span class='ocrx_word' id='word_1_375' title='bbox 65 3043 127 3096; x_wconf 90' lang='lat' dir='ltr'>rus,</span> <span class='ocrx_word' id='word_1_376' title='bbox 154 3036 218 3083; x_wconf 78' lang='lat' dir='ltr'>actu</span> <span class='ocrx_word' id='word_1_377' title='bbox 233 3026 372 3098; x_wconf 78' lang='lat' dir='ltr'>providus,</span> <span class='ocrx_word' id='word_1_378' title='bbox 387 3026 491 3081; x_wconf 88' lang='lat' dir='ltr'>viribus</span> <span class='ocrx_word' id='word_1_379' title='bbox 517 3042 590 3095; x_wconf 89' lang='lat' dir='ltr'>acer,</span> <span class='ocrx_word' id='word_1_380' title='bbox 613 3025 727 3098; x_wconf 89' lang='lat' dir='ltr'>dapsilis</span> <span class='ocrx_word' id='word_1_381' title='bbox 754 3024 868 3090; x_wconf 91' lang='lat' dir='ltr'>cunctis,</span> <span class='ocrx_word' id='word_1_382' title='bbox 924 3020 1101 3075; x_wconf 86' lang='lat' dir='ltr'>memoranda</span> <span class='ocrx_word' id='word_1_383' title='bbox 1110 3020 1210 3092; x_wconf 91' lang='lat' dir='ltr'>pariter</span> <span class='ocrx_word' id='word_1_384' title='bbox 1223 3030 1249 3076; x_wconf 89' lang='lat' dir='ltr'>et</span> <span class='ocrx_word' id='word_1_385' title='bbox 1259 3020 1404 3094; x_wconf 78' lang='lat' dir='ltr'>magnilica</span> <span class='ocrx_word' id='word_1_386' title='bbox 1418 3021 1474 3093; x_wconf 89' lang='lat' dir='ltr'>ogit</span> <span class='ocrx_word' id='word_1_387' title='bbox 1487 3021 1514 3075; x_wconf 91' lang='lat' dir='ltr'>in</span> <span class='ocrx_word' id='word_1_388' title='bbox 1526 3021 1628 3078; x_wconf 87' lang='lat' dir='ltr'>hostes.</span> <span class='ocrx_word' id='word_1_389' title='bbox 1644 3025 1722 3078; x_wconf 90' lang='lat' dir='ltr'>Inter</span> 
     </span>
     <span class='ocr_line' id='line_1_53' title="bbox 64 3103 1719 3191; baseline -0.004 -14"><span class='ocrx_word' id='word_1_390' title='bbox 64 3119 102 3177; x_wconf 88' lang='lat' dir='ltr'>de</span> <span class='ocrx_word' id='word_1_391' title='bbox 126 3135 184 3191; x_wconf 92' lang='lat' dir='ltr'>quo</span> <span class='ocrx_word' id='word_1_392' title='bbox 207 3120 348 3191; x_wconf 82' lang='lat' dir='ltr'>Brytbraea</span> <span class='ocrx_word' id='word_1_393' title='bbox 371 3119 465 3190; x_wconf 83' lang='lat' dir='ltr'>sibylla</span> <span class='ocrx_word' id='word_1_394' title='bbox 483 3120 614 3190; x_wconf 80' lang='lat' dir='ltr'>praeclare</span> <span class='ocrx_word' id='word_1_395' title='bbox 637 3118 782 3179; x_wconf 85' lang='lat' dir='ltr'>vaticinata</span> <span class='ocrx_word' id='word_1_396' title='bbox 801 3126 868 3173; x_wconf 89' lang='lat' dir='ltr'>est:</span> <span class='ocrx_word' id='word_1_397' title='bbox 924 3128 985 3184; x_wconf 80' lang='lat' dir='ltr'>quae</span> <span class='ocrx_word' id='word_1_398' title='bbox 994 3113 1066 3168; x_wconf 92' lang='lat' dir='ltr'>istud</span> <span class='ocrx_word' id='word_1_399' title='bbox 1076 3114 1185 3169; x_wconf 90' lang='lat' dir='ltr'>silentio</span> <span class='ocrx_word' id='word_1_400' title='bbox 1199 3103 1420 3185; x_wconf 74' lang='lat' dir='ltr'>praetereundum</span> <span class='ocrx_word' id='word_1_401' title='bbox 1429 3114 1543 3171; x_wconf 88' lang='lat' dir='ltr'>minime</span> <span class='ocrx_word' id='word_1_402' title='bbox 1558 3114 1633 3170; x_wconf 91' lang='lat' dir='ltr'>duxi.</span> <span class='ocrx_word' id='word_1_403' title='bbox 1647 3120 1719 3171; x_wconf 87' lang='lat' dir='ltr'>Dum</span> 
     </span>
     <span class='ocr_line' id='line_1_54' title="bbox 65 3182 1720 3286; baseline -0.003 -17"><span class='ocrx_word' id='word_1_404' title='bbox 65 3213 156 3286; x_wconf 87' lang='lat' dir='ltr'>igitur</span> <span class='ocrx_word' id='word_1_405' title='bbox 173 3211 249 3268; x_wconf 89' lang='lat' dir='ltr'>enim</span> <span class='ocrx_word' id='word_1_406' title='bbox 264 3210 389 3269; x_wconf 81' lang='lat' dir='ltr'>futurum</span> <span class='ocrx_word' id='word_1_407' title='bbox 404 3211 504 3267; x_wconf 91' lang='lat' dir='ltr'>ducem</span> <span class='ocrx_word' id='word_1_408' title='bbox 527 3215 606 3283; x_wconf 88' lang='lat' dir='ltr'>cujus</span> <span class='ocrx_word' id='word_1_409' title='bbox 619 3211 741 3267; x_wconf 90' lang='lat' dir='ltr'>nominis</span> <span class='ocrx_word' id='word_1_410' title='bbox 767 3210 868 3282; x_wconf 86' lang='lat' dir='ltr'>prinei·</span> <span class='ocrx_word' id='word_1_411' title='bbox 886 3182 908 3244; x_wconf 75' lang='lat' dir='ltr'>C</span> <span class='ocrx_word' id='word_1_412' title='bbox 924 3206 999 3261; x_wconf 91' lang='lat' dir='ltr'>enim</span> <span class='ocrx_word' id='word_1_413' title='bbox 1023 3205 1050 3261; x_wconf 93' lang='lat' dir='ltr'>iu</span> <span class='ocrx_word' id='word_1_414' title='bbox 1065 3207 1207 3278; x_wconf 89' lang='lat' dir='ltr'>cujusdam</span> <span class='ocrx_word' id='word_1_415' title='bbox 1220 3207 1302 3262; x_wconf 88' lang='lat' dir='ltr'>castri</span> <span class='ocrx_word' id='word_1_416' title='bbox 1319 3207 1462 3264; x_wconf 90' lang='lat' dir='ltr'>obsidione</span> <span class='ocrx_word' id='word_1_417' title='bbox 1482 3208 1586 3263; x_wconf 91' lang='lat' dir='ltr'>multos</span> <span class='ocrx_word' id='word_1_418' title='bbox 1606 3207 1720 3264; x_wconf 88' lang='lat' dir='ltr'>Bonila-</span> 
     </span>
     <span class='ocr_line' id='line_1_55' title="bbox 64 3299 1721 3379; baseline -0.002 -18"><span class='ocrx_word' id='word_1_419' title='bbox 64 3305 145 3379; x_wconf 91' lang='lat' dir='ltr'>pium</span> <span class='ocrx_word' id='word_1_420' title='bbox 159 3304 211 3360; x_wconf 89' lang='lat' dir='ltr'>erit</span> <span class='ocrx_word' id='word_1_421' title='bbox 223 3306 269 3372; x_wconf 84' lang='lat' dir='ltr'>B,</span> <span class='ocrx_word' id='word_1_422' title='bbox 282 3303 329 3376; x_wconf 92' lang='lat' dir='ltr'>qui</span> <span class='ocrx_word' id='word_1_423' title='bbox 356 3303 438 3360; x_wconf 90' lang='lat' dir='ltr'>dictis</span> <span class='ocrx_word' id='word_1_424' title='bbox 458 3313 486 3360; x_wconf 91' lang='lat' dir='ltr'>et</span> <span class='ocrx_word' id='word_1_425' title='bbox 497 3305 603 3360; x_wconf 89' lang='lat' dir='ltr'>actibus</span> <span class='ocrx_word' id='word_1_426' title='bbox 618 3302 758 3376; x_wconf 91' lang='lat' dir='ltr'>limpidus,</span> <span class='ocrx_word' id='word_1_427' title='bbox 774 3318 870 3358; x_wconf 88' lang='lat' dir='ltr'>rerum</span> <span class='ocrx_word' id='word_1_428' title='bbox 924 3300 984 3354; x_wconf 89' lang='lat' dir='ltr'>cius</span> <span class='ocrx_word' id='word_1_429' title='bbox 1004 3315 1037 3355; x_wconf 92' lang='lat' dir='ltr'>ex</span> <span class='ocrx_word' id='word_1_430' title='bbox 1055 3301 1295 3372; x_wconf 83' lang='lat' dir='ltr'>Burgundionibus</span> <span class='ocrx_word' id='word_1_431' title='bbox 1321 3299 1393 3356; x_wconf 92' lang='lat' dir='ltr'>lerro</span> <span class='ocrx_word' id='word_1_432' title='bbox 1403 3301 1529 3373; x_wconf 89' lang='lat' dir='ltr'>cepisset,</span> <span class='ocrx_word' id='word_1_433' title='bbox 1544 3302 1664 3357; x_wconf 91' lang='lat' dir='ltr'>minatus</span> <span class='ocrx_word' id='word_1_434' title='bbox 1680 3311 1721 3358; x_wconf 87' lang='lat' dir='ltr'>est</span> 
     </span>
     <span class='ocr_line' id='line_1_56' title="bbox 62 3393 1719 3471; baseline -0.002 -17"><span class='ocrx_word' id='word_1_435' title='bbox 62 3398 200 3471; x_wconf 89' lang='lat' dir='ltr'>locuples,</span> <span class='ocrx_word' id='word_1_436' title='bbox 215 3412 298 3470; x_wconf 90' lang='lat' dir='ltr'>opere</span> <span class='ocrx_word' id='word_1_437' title='bbox 311 3397 452 3470; x_wconf 83' lang='lat' dir='ltr'>pacificus,</span> <span class='ocrx_word' id='word_1_438' title='bbox 465 3407 493 3453; x_wconf 94' lang='lat' dir='ltr'>et</span> <span class='ocrx_word' id='word_1_439' title='bbox 507 3397 534 3452; x_wconf 92' lang='lat' dir='ltr'>in</span> <span class='ocrx_word' id='word_1_440' title='bbox 545 3396 648 3468; x_wconf 86' lang='lat' dir='ltr'>preeliis</span> <span class='ocrx_word' id='word_1_441' title='bbox 663 3397 751 3452; x_wconf 89' lang='lat' dir='ltr'>victor</span> <span class='ocrx_word' id='word_1_442' title='bbox 760 3396 867 3451; x_wconf 90' lang='lat' dir='ltr'>existet.</span> <span class='ocrx_word' id='word_1_443' title='bbox 923 3408 1021 3448; x_wconf 92' lang='lat' dir='ltr'>eorum</span> <span class='ocrx_word' id='word_1_444' title='bbox 1039 3408 1121 3448; x_wconf 90' lang='lat' dir='ltr'>nasos</span> <span class='ocrx_word' id='word_1_445' title='bbox 1135 3402 1162 3449; x_wconf 93' lang='lat' dir='ltr'>et</span> <span class='ocrx_word' id='word_1_446' title='bbox 1180 3393 1315 3450; x_wconf 88' lang='lat' dir='ltr'>auriculas</span> <span class='ocrx_word' id='word_1_447' title='bbox 1327 3395 1464 3450; x_wconf 89' lang='lat' dir='ltr'>mutilare.</span> <span class='ocrx_word' id='word_1_448' title='bbox 1487 3394 1583 3451; x_wconf 76' lang='lat' dir='ltr'>solun</span> <span class='ocrx_word' id='word_1_449' title='bbox 1598 3395 1635 3451; x_wconf 90' lang='lat' dir='ltr'>ibi</span> <span class='ocrx_word' id='word_1_450' title='bbox 1662 3411 1719 3451; x_wconf 90' lang='lat' dir='ltr'>ma-</span> 
     </span>
     <span class='ocr_line' id='line_1_57' title="bbox 64 3486 1720 3563; baseline -0.004 -13"><span class='ocrx_word' id='word_1_451' title='bbox 64 3489 254 3550; x_wconf 86' lang='lat' dir='ltr'>Habuitidem</span> <span class='ocrx_word' id='word_1_452' title='bbox 262 3489 419 3547; x_wconf 88' lang='lat' dir='ltr'>Bonilacius</span> <span class='ocrx_word' id='word_1_453' title='bbox 430 3499 457 3546; x_wconf 91' lang='lat' dir='ltr'>et</span> <span class='ocrx_word' id='word_1_454' title='bbox 468 3491 548 3546; x_wconf 90' lang='lat' dir='ltr'>aliam</span> <span class='ocrx_word' id='word_1_455' title='bbox 559 3490 705 3563; x_wconf 88' lang='lat' dir='ltr'>conjugem</span> <span class='ocrx_word' id='word_1_456' title='bbox 720 3489 865 3554; x_wconf 88' lang='lat' dir='ltr'>illustrem,</span> <span class='ocrx_word' id='word_1_457' title='bbox 923 3495 999 3542; x_wconf 85' lang='lat' dir='ltr'>trem</span> <span class='ocrx_word' id='word_1_458' title='bbox 1019 3487 1145 3557; x_wconf 81' lang='lat' dir='ltr'>quaedam</span> <span class='ocrx_word' id='word_1_459' title='bbox 1160 3486 1260 3542; x_wconf 90' lang='lat' dir='ltr'>nobilis</span> <span class='ocrx_word' id='word_1_460' title='bbox 1273 3496 1301 3542; x_wconf 92' lang='lat' dir='ltr'>et</span> <span class='ocrx_word' id='word_1_461' title='bbox 1312 3486 1398 3555; x_wconf 89' lang='lat' dir='ltr'>dives,</span> <span class='ocrx_word' id='word_1_462' title='bbox 1413 3503 1475 3559; x_wconf 72' lang='lat' dir='ltr'>quse</span> <span class='ocrx_word' id='word_1_463' title='bbox 1493 3497 1601 3544; x_wconf 91' lang='lat' dir='ltr'>tantum</span> <span class='ocrx_word' id='word_1_464' title='bbox 1616 3489 1720 3563; x_wconf 87' lang='lat' dir='ltr'>argenti</span> 
     </span>
     <span class='ocr_line' id='line_1_58' title="bbox 61 3577 1720 3654; baseline -0.002 -13"><span class='ocrx_word' id='word_1_465' title='bbox 61 3584 171 3642; x_wconf 83' lang='lat' dir='ltr'>scilicet</span> <span class='ocrx_word' id='word_1_466' title='bbox 194 3582 347 3639; x_wconf 84' lang='lat' dir='ltr'>Beatrioem</span> <span class='ocrx_word' id='word_1_467' title='bbox 373 3599 405 3638; x_wconf 89' lang='lat' dir='ltr'>cx</span> <span class='ocrx_word' id='word_1_468' title='bbox 428 3583 527 3650; x_wconf 86' lang='lat' dir='ltr'>Gallia,</span> <span class='ocrx_word' id='word_1_469' title='bbox 557 3583 661 3638; x_wconf 88' lang='lat' dir='ltr'>scilicet</span> <span class='ocrx_word' id='word_1_470' title='bbox 677 3581 759 3654; x_wconf 86' lang='lat' dir='ltr'>regali</span> <span class='ocrx_word' id='word_1_471' title='bbox 782 3581 869 3653; x_wconf 88' lang='lat' dir='ltr'>stirpe</span> <span class='ocrx_word' id='word_1_472' title='bbox 922 3594 972 3649; x_wconf 92' lang='lat' dir='ltr'>pro</span> <span class='ocrx_word' id='word_1_473' title='bbox 984 3577 1032 3633; x_wconf 87' lang='lat' dir='ltr'>lilii</span> <span class='ocrx_word' id='word_1_474' title='bbox 1047 3579 1232 3652; x_wconf 88' lang='lat' dir='ltr'>redemptione</span> <span class='ocrx_word' id='word_1_475' title='bbox 1246 3596 1276 3635; x_wconf 89' lang='lat' dir='ltr'>se</span> <span class='ocrx_word' id='word_1_476' title='bbox 1285 3580 1413 3637; x_wconf 88' lang='lat' dir='ltr'>daturam</span> <span class='ocrx_word' id='word_1_477' title='bbox 1428 3589 1470 3637; x_wconf 92' lang='lat' dir='ltr'>est</span> <span class='ocrx_word' id='word_1_478' title='bbox 1489 3581 1619 3652; x_wconf 89' lang='lat' dir='ltr'>pollicita,</span> <span class='ocrx_word' id='word_1_479' title='bbox 1635 3599 1720 3654; x_wconf 88' lang='lat' dir='ltr'>quan·</span> 
     </span>
     <span class='ocr_line' id='line_1_59' title="bbox 61 3672 1716 3751; baseline -0.001 -19"><span class='ocrx_word' id='word_1_480' title='bbox 61 3676 251 3751; x_wconf 87' lang='lat' dir='ltr'>progenitam,</span> <span class='ocrx_word' id='word_1_481' title='bbox 264 3677 354 3733; x_wconf 91' lang='lat' dir='ltr'>multo</span> <span class='ocrx_word' id='word_1_482' title='bbox 366 3675 466 3732; x_wconf 83' lang='lat' dir='ltr'>formae</span> <span class='ocrx_word' id='word_1_483' title='bbox 480 3675 579 3731; x_wconf 91' lang='lat' dir='ltr'>decore</span> <span class='ocrx_word' id='word_1_484' title='bbox 588 3683 615 3731; x_wconf 90' lang='lat' dir='ltr'>et</span> <span class='ocrx_word' id='word_1_485' title='bbox 624 3675 765 3747; x_wconf 78' lang='lat' dir='ltr'>sapientia</span> <span class='ocrx_word' id='word_1_486' title='bbox 779 3673 869 3729; x_wconf 91' lang='lat' dir='ltr'>nitore</span> <span class='ocrx_word' id='word_1_487' title='bbox 921 3680 980 3726; x_wconf 89' lang='lat' dir='ltr'>tum</span> <span class='ocrx_word' id='word_1_488' title='bbox 993 3672 1023 3727; x_wconf 91' lang='lat' dir='ltr'>in</span> <span class='ocrx_word' id='word_1_489' title='bbox 1036 3672 1137 3728; x_wconf 90' lang='lat' dir='ltr'>trutina</span> <span class='ocrx_word' id='word_1_490' title='bbox 1154 3673 1277 3745; x_wconf 91' lang='lat' dir='ltr'>positum</span> <span class='ocrx_word' id='word_1_491' title='bbox 1292 3674 1379 3730; x_wconf 89' lang='lat' dir='ltr'>moles</span> <span class='ocrx_word' id='word_1_492' title='bbox 1404 3675 1528 3745; x_wconf 89' lang='lat' dir='ltr'>corporis</span> <span class='ocrx_word' id='word_1_493' title='bbox 1543 3676 1716 3744; x_wconf 89' lang='lat' dir='ltr'>ponderaret.</span> 
     </span>
     <span class='ocr_line' id='line_1_60' title="bbox 58 3764 1718 3842; baseline -0.002 -13"><span class='ocrx_word' id='word_1_494' title='bbox 58 3770 200 3837; x_wconf 75' lang='lat' dir='ltr'>donum,</span> <span class='ocrx_word' id='word_1_495' title='bbox 216 3769 295 3841; x_wconf 86' lang='lat' dir='ltr'>cujus</span> <span class='ocrx_word' id='word_1_496' title='bbox 309 3776 384 3842; x_wconf 90' lang='lat' dir='ltr'>pater</span> <span class='ocrx_word' id='word_1_497' title='bbox 402 3769 561 3836; x_wconf 81' lang='lat' dir='ltr'>Federicus,</span> <span class='ocrx_word' id='word_1_498' title='bbox 581 3778 608 3825; x_wconf 92' lang='lat' dir='ltr'>et</span> <span class='ocrx_word' id='word_1_499' title='bbox 620 3777 709 3824; x_wconf 91' lang='lat' dir='ltr'>mater</span> <span class='ocrx_word' id='word_1_500' title='bbox 727 3766 869 3823; x_wconf 85' lang='lat' dir='ltr'>blathildis</span> <span class='ocrx_word' id='word_1_501' title='bbox 921 3764 970 3821; x_wconf 86' lang='lat' dir='ltr'>Cui</span> <span class='ocrx_word' id='word_1_502' title='bbox 979 3764 1237 3838; x_wconf 84' lang='lat' dir='ltr'>Bonifacius,caput</span> <span class='ocrx_word' id='word_1_503' title='bbox 1249 3766 1376 3838; x_wconf 87' lang='lat' dir='ltr'>quatiens</span> <span class='ocrx_word' id='word_1_504' title='bbox 1392 3767 1490 3823; x_wconf 81' lang='lat' dir='ltr'>:Absit</span> <span class='ocrx_word' id='word_1_505' title='bbox 1502 3767 1564 3835; x_wconf 89' lang='lat' dir='ltr'>boc,</span> <span class='ocrx_word' id='word_1_506' title='bbox 1577 3768 1676 3840; x_wconf 92' lang='lat' dir='ltr'>iuquit,</span> <span class='ocrx_word' id='word_1_507' title='bbox 1686 3778 1718 3825; x_wconf 92' lang='lat' dir='ltr'>ut</span> 
     </span>
    </p>
   </div>
   <div class='ocr_carea' id='block_1_15' title="bbox 59 3857 1818 3936">
    <p class='ocr_par' dir='ltr' id='par_1_16' title="bbox 59 3857 1818 3936">
     <span class='ocr_line' id='line_1_61' title="bbox 59 3857 1818 3936; baseline -0.003 -14"><span class='ocrx_word' id='word_1_508' title='bbox 59 3864 243 3923; x_wconf 82' lang='lat' dir='ltr'>exstiterunt.</span> <span class='ocrx_word' id='word_1_509' title='bbox 256 3864 300 3920; x_wconf 79' lang='lat' dir='ltr'>Ad</span> <span class='ocrx_word' id='word_1_510' title='bbox 310 3878 394 3936; x_wconf 91' lang='lat' dir='ltr'>quam</span> <span class='ocrx_word' id='word_1_511' title='bbox 404 3862 626 3935; x_wconf 89' lang='lat' dir='ltr'>desponsandam</span> <span class='ocrx_word' id='word_1_512' title='bbox 634 3879 698 3918; x_wconf 87' lang='lat' dir='ltr'>cum</span> <span class='ocrx_word' id='word_1_513' title='bbox 707 3860 868 3917; x_wconf 89' lang='lat' dir='ltr'>Bonilacius</span> <span class='ocrx_word' id='word_1_514' title='bbox 921 3858 1013 3914; x_wconf 89' lang='lat' dir='ltr'>hostes</span> <span class='ocrx_word' id='word_1_515' title='bbox 1029 3857 1102 3916; x_wconf 81' lang='lat' dir='ltr'>terro</span> <span class='ocrx_word' id='word_1_516' title='bbox 1117 3860 1187 3932; x_wconf 89' lang='lat' dir='ltr'>capti</span> <span class='ocrx_word' id='word_1_517' title='bbox 1203 3859 1372 3916; x_wconf 88' lang='lat' dir='ltr'>redimantur</span> <span class='ocrx_word' id='word_1_518' title='bbox 1388 3864 1515 3932; x_wconf 86' lang='lat' dir='ltr'>argento!</span> <span class='ocrx_word' id='word_1_519' title='bbox 1541 3861 1603 3917; x_wconf 85' lang='lat' dir='ltr'>volo</span> <span class='ocrx_word' id='word_1_520' title='bbox 1617 3870 1649 3916; x_wconf 92' lang='lat' dir='ltr'>ut</span> <span class='ocrx_word' id='word_1_521' title='bbox 1663 3860 1716 3917; x_wconf 92' lang='lat' dir='ltr'>bu·</span> <span class='ocrx_word' id='word_1_522' title='bbox 1814 3864 1818 3875; x_wconf 91' lang='lat'>&#39;</span> 
     </span>
    </p>
   </div>
   <div class='ocr_carea' id='block_1_16' title="bbox 57 3952 1716 4678">
    <p class='ocr_par' dir='ltr' id='par_1_17' title="bbox 57 3952 1716 4678">
     <span class='ocr_line' id='line_1_62' title="bbox 58 3952 1716 4029; baseline -0.003 -13"><span class='ocrx_word' id='word_1_523' title='bbox 58 3958 92 4015; x_wconf 88' lang='lat' dir='ltr'>in</span> <span class='ocrx_word' id='word_1_524' title='bbox 116 3957 237 4015; x_wconf 81' lang='lat' dir='ltr'>Gelliam</span> <span class='ocrx_word' id='word_1_525' title='bbox 251 3964 419 4029; x_wconf 88' lang='lat' dir='ltr'>properaret,</span> <span class='ocrx_word' id='word_1_526' title='bbox 441 3964 545 4027; x_wconf 70' lang='lat' dir='ltr'>«quanto</span> <span class='ocrx_word' id='word_1_527' title='bbox 558 3955 665 4012; x_wconf 89' lang='lat' dir='ltr'>bonore</span> <span class='ocrx_word' id='word_1_528' title='bbox 687 3955 813 4026; x_wconf 91' lang='lat' dir='ltr'>polleret,</span> <span class='ocrx_word' id='word_1_529' title='bbox 841 3962 867 4009; x_wconf 87' lang='lat' dir='ltr'>et</span> <span class='ocrx_word' id='word_1_530' title='bbox 917 3952 1041 4024; x_wconf 88' lang='lat' dir='ltr'>jusmodi</span> <span class='ocrx_word' id='word_1_531' title='bbox 1075 3969 1154 4024; x_wconf 82' lang='lat' dir='ltr'>poena</span> <span class='ocrx_word' id='word_1_532' title='bbox 1180 3952 1330 4025; x_wconf 87' lang='lat' dir='ltr'>posteritati</span> <span class='ocrx_word' id='word_1_533' title='bbox 1356 3961 1453 4008; x_wconf 84' lang='lat' dir='ltr'>vestrae</span> <span class='ocrx_word' id='word_1_534' title='bbox 1481 3953 1516 4009; x_wconf 92' lang='lat' dir='ltr'>sit</span> <span class='ocrx_word' id='word_1_535' title='bbox 1538 3955 1716 4025; x_wconf 89' lang='lat' dir='ltr'>opprobrium</span> 
     </span>
     <span class='ocr_line' id='line_1_63' title="bbox 60 4046 1713 4125; baseline -0.001 -21"><span class='ocrx_word' id='word_1_536' title='bbox 60 4066 153 4125; x_wconf 82' lang='lat' dir='ltr'>quam</span> <span class='ocrx_word' id='word_1_537' title='bbox 179 4048 287 4122; x_wconf 87' lang='lat' dir='ltr'>ingenti</span> <span class='ocrx_word' id='word_1_538' title='bbox 314 4064 424 4122; x_wconf 88' lang='lat' dir='ltr'>quoque</span> <span class='ocrx_word' id='word_1_539' title='bbox 454 4049 538 4122; x_wconf 88' lang='lat' dir='ltr'>gloria</span> <span class='ocrx_word' id='word_1_540' title='bbox 573 4048 719 4115; x_wconf 88' lang='lat' dir='ltr'>emineret,</span> <span class='ocrx_word' id='word_1_541' title='bbox 743 4056 867 4118; x_wconf 91' lang='lat' dir='ltr'>patenter</span> <span class='ocrx_word' id='word_1_542' title='bbox 919 4046 1237 4118; x_wconf 84' lang='lat' dir='ltr'>sempiternumlncisis</span> <span class='ocrx_word' id='word_1_543' title='bbox 1252 4047 1713 4119; x_wconf 88' lang='lat' dir='ltr'>igiturnaribusetsectisauribus,</span> 
     </span>
     <span class='ocr_line' id='line_1_64' title="bbox 58 4139 1715 4213; baseline -0.004 -11"><span class='ocrx_word' id='word_1_544' title='bbox 58 4140 193 4202; x_wconf 80' lang='lat' dir='ltr'>ostendit.</span> <span class='ocrx_word' id='word_1_545' title='bbox 204 4144 277 4199; x_wconf 87' lang='lat' dir='ltr'>Nam</span> <span class='ocrx_word' id='word_1_546' title='bbox 290 4143 440 4199; x_wconf 85' lang='lat' dir='ltr'>comitatus</span> <span class='ocrx_word' id='word_1_547' title='bbox 452 4141 655 4198; x_wconf 91' lang='lat' dir='ltr'>solemnissimo</span> <span class='ocrx_word' id='word_1_548' title='bbox 668 4141 823 4212; x_wconf 88' lang='lat' dir='ltr'>principum</span> <span class='ocrx_word' id='word_1_549' title='bbox 840 4150 867 4196; x_wconf 91' lang='lat' dir='ltr'>et</span> <span class='ocrx_word' id='word_1_550' title='bbox 918 4147 974 4194; x_wconf 87' lang='lat' dir='ltr'>tres</span> <span class='ocrx_word' id='word_1_551' title='bbox 980 4139 1064 4210; x_wconf 87' lang='lat' dir='ltr'>jussit</span> <span class='ocrx_word' id='word_1_552' title='bbox 1075 4140 1199 4194; x_wconf 89' lang='lat' dir='ltr'>onustari</span> <span class='ocrx_word' id='word_1_553' title='bbox 1209 4141 1327 4213; x_wconf 83' lang='lat' dir='ltr'>clypeos.</span> <span class='ocrx_word' id='word_1_554' title='bbox 1342 4142 1426 4196; x_wconf 88' lang='lat' dir='ltr'>Hunc</span> <span class='ocrx_word' id='word_1_555' title='bbox 1439 4139 1590 4210; x_wconf 87' lang='lat' dir='ltr'>imperator</span> <span class='ocrx_word' id='word_1_556' title='bbox 1614 4141 1715 4196; x_wconf 80' lang='lat' dir='ltr'>ilenri-</span> 
     </span>
     <span class='ocr_line' id='line_1_65' title="bbox 59 4231 1715 4305; baseline -0.001 -13"><span class='ocrx_word' id='word_1_557' title='bbox 59 4234 202 4293; x_wconf 88' lang='lat' dir='ltr'>nobilium</span> <span class='ocrx_word' id='word_1_558' title='bbox 217 4243 301 4303; x_wconf 85' lang='lat' dir='ltr'>coetu,</span> <span class='ocrx_word' id='word_1_559' title='bbox 317 4235 388 4290; x_wconf 87' lang='lat' dir='ltr'>iuter</span> <span class='ocrx_word' id='word_1_560' title='bbox 402 4242 500 4292; x_wconf 83' lang='lat' dir='ltr'>caetera</span> <span class='ocrx_word' id='word_1_561' title='bbox 528 4249 585 4290; x_wconf 86' lang='lat' dir='ltr'>suae</span> <span class='ocrx_word' id='word_1_562' title='bbox 612 4232 726 4305; x_wconf 86' lang='lat' dir='ltr'>insignia</span> <span class='ocrx_word' id='word_1_563' title='bbox 743 4232 866 4303; x_wconf 86' lang='lat' dir='ltr'>magnili-</span> <span class='ocrx_word' id='word_1_564' title='bbox 917 4247 966 4287; x_wconf 88' lang='lat' dir='ltr'>cus</span> <span class='ocrx_word' id='word_1_565' title='bbox 990 4231 1063 4288; x_wconf 89' lang='lat' dir='ltr'>idem</span> <span class='ocrx_word' id='word_1_566' title='bbox 1078 4231 1258 4297; x_wconf 80' lang='lat' dir='ltr'>Bonifatium,</span> <span class='ocrx_word' id='word_1_567' title='bbox 1281 4234 1339 4288; x_wconf 92' lang='lat' dir='ltr'>sola</span> <span class='ocrx_word' id='word_1_568' title='bbox 1352 4232 1508 4288; x_wconf 88' lang='lat' dir='ltr'>stimulante</span> <span class='ocrx_word' id='word_1_569' title='bbox 1522 4234 1634 4302; x_wconf 90' lang='lat' dir='ltr'>invidia,</span> <span class='ocrx_word' id='word_1_570' title='bbox 1649 4250 1715 4291; x_wconf 89' lang='lat' dir='ltr'>oum</span> 
     </span>
     <span class='ocr_line' id='line_1_66' title="bbox 58 4324 1713 4401; baseline -0.001 -16"><span class='ocrx_word' id='word_1_571' title='bbox 58 4328 166 4387; x_wconf 77' lang='lat' dir='ltr'>centiae</span> <span class='ocrx_word' id='word_1_572' title='bbox 196 4343 330 4401; x_wconf 89' lang='lat' dir='ltr'>equorum</span> <span class='ocrx_word' id='word_1_573' title='bbox 356 4326 471 4399; x_wconf 92' lang='lat' dir='ltr'>pedibus</span> <span class='ocrx_word' id='word_1_574' title='bbox 494 4328 579 4400; x_wconf 90' lang='lat' dir='ltr'>jussit</span> <span class='ocrx_word' id='word_1_575' title='bbox 614 4335 757 4399; x_wconf 88' lang='lat' dir='ltr'>argenteas</span> <span class='ocrx_word' id='word_1_576' title='bbox 775 4325 864 4381; x_wconf 89' lang='lat' dir='ltr'>soleas</span> <span class='ocrx_word' id='word_1_577' title='bbox 918 4324 1023 4379; x_wconf 87' lang='lat' dir='ltr'>videret</span> <span class='ocrx_word' id='word_1_578' title='bbox 1048 4339 1113 4379; x_wconf 91' lang='lat' dir='ltr'>eum</span> <span class='ocrx_word' id='word_1_579' title='bbox 1134 4325 1285 4397; x_wconf 86' lang='lat' dir='ltr'>magnillcis</span> <span class='ocrx_word' id='word_1_580' title='bbox 1309 4324 1415 4381; x_wconf 83' lang='lat' dir='ltr'>actibus</span> <span class='ocrx_word' id='word_1_581' title='bbox 1437 4334 1593 4393; x_wconf 89' lang='lat' dir='ltr'>strenuum,</span> <span class='ocrx_word' id='word_1_582' title='bbox 1615 4327 1713 4399; x_wconf 86' lang='lat' dir='ltr'>saepius</span> 
     </span>
     <span class='ocr_line' id='line_1_67' title="bbox 58 4418 1710 4497; baseline -0.002 -18"><span class='ocrx_word' id='word_1_583' title='bbox 58 4421 176 4497; x_wconf 81' lang='lat' dir='ltr'>apponi.</span> <span class='ocrx_word' id='word_1_584' title='bbox 193 4422 260 4493; x_wconf 79' lang='lat' dir='ltr'>Quae</span> <span class='ocrx_word' id='word_1_585' title='bbox 273 4421 296 4477; x_wconf 90' lang='lat' dir='ltr'>si</span> <span class='ocrx_word' id='word_1_586' title='bbox 311 4437 376 4477; x_wconf 89' lang='lat' dir='ltr'>casu</span> <span class='ocrx_word' id='word_1_587' title='bbox 390 4421 481 4494; x_wconf 93' lang='lat' dir='ltr'>aliquo</span> <span class='ocrx_word' id='word_1_588' title='bbox 489 4420 634 4488; x_wconf 90' lang='lat' dir='ltr'>resilirent,</span> <span class='ocrx_word' id='word_1_589' title='bbox 650 4435 733 4475; x_wconf 89' lang='lat' dir='ltr'>nemo</span> <span class='ocrx_word' id='word_1_590' title='bbox 748 4435 863 4476; x_wconf 89' lang='lat' dir='ltr'>suorum</span> <span class='ocrx_word' id='word_1_591' title='bbox 918 4418 1035 4473; x_wconf 90' lang='lat' dir='ltr'>tentavit</span> <span class='ocrx_word' id='word_1_592' title='bbox 1057 4419 1122 4474; x_wconf 94' lang='lat' dir='ltr'>dolo</span> <span class='ocrx_word' id='word_1_593' title='bbox 1137 4419 1272 4474; x_wconf 90' lang='lat' dir='ltr'>occidere.</span> <span class='ocrx_word' id='word_1_594' title='bbox 1288 4418 1350 4481; x_wconf 83' lang='lat' dir='ltr'>Sed,</span> <span class='ocrx_word' id='word_1_595' title='bbox 1365 4422 1426 4474; x_wconf 92' lang='lat' dir='ltr'>Deo</span> <span class='ocrx_word' id='word_1_596' title='bbox 1438 4418 1611 4474; x_wconf 89' lang='lat' dir='ltr'>custodiente</span> <span class='ocrx_word' id='word_1_597' title='bbox 1635 4428 1663 4475; x_wconf 89' lang='lat' dir='ltr'>et</span> <span class='ocrx_word' id='word_1_598' title='bbox 1677 4436 1710 4476; x_wconf 89' lang='lat' dir='ltr'>eo</span> 
     </span>
     <span class='ocr_line' id='line_1_68' title="bbox 57 4511 1712 4607; baseline -0.002 -34"><span class='ocrx_word' id='word_1_599' title='bbox 57 4530 238 4573; x_wconf 69' lang='lat' dir='ltr'>remumere</span> <span class='ocrx_word' id='word_1_600' title='bbox 250 4513 427 4587; x_wconf 86' lang='lat' dir='ltr'>dignabatur,</span> <span class='ocrx_word' id='word_1_601' title='bbox 446 4513 493 4570; x_wconf 90' lang='lat' dir='ltr'>sed</span> <span class='ocrx_word' id='word_1_602' title='bbox 509 4514 612 4585; x_wconf 89' lang='lat' dir='ltr'>passim</span> <span class='ocrx_word' id='word_1_603' title='bbox 624 4529 672 4584; x_wconf 90' lang='lat' dir='ltr'>per</span> <span class='ocrx_word' id='word_1_604' title='bbox 685 4529 765 4586; x_wconf 84' lang='lat' dir='ltr'>agros</span> <span class='ocrx_word' id='word_1_605' title='bbox 777 4520 805 4569; x_wconf 90' lang='lat' dir='ltr'>et</span> <span class='ocrx_word' id='word_1_606' title='bbox 823 4529 862 4569; x_wconf 92' lang='lat' dir='ltr'>se·</span> <span class='ocrx_word' id='word_1_607' title='bbox 874 4544 901 4607; x_wconf 75' lang='lat' dir='ltr'>D</span> <span class='ocrx_word' id='word_1_608' title='bbox 916 4527 1026 4583; x_wconf 90' lang='lat' dir='ltr'>semper</span> <span class='ocrx_word' id='word_1_609' title='bbox 1042 4512 1157 4568; x_wconf 92' lang='lat' dir='ltr'>insidias</span> <span class='ocrx_word' id='word_1_610' title='bbox 1169 4511 1371 4578; x_wconf 87' lang='lat' dir='ltr'>dissimulante,</span> <span class='ocrx_word' id='word_1_611' title='bbox 1388 4512 1540 4584; x_wconf 90' lang='lat' dir='ltr'>imperator</span> <span class='ocrx_word' id='word_1_612' title='bbox 1553 4528 1603 4568; x_wconf 91' lang='lat' dir='ltr'>suo</span> <span class='ocrx_word' id='word_1_613' title='bbox 1628 4529 1712 4569; x_wconf 90' lang='lat' dir='ltr'>oona·</span> 
     </span>
     <span class='ocr_line' id='line_1_69' title="bbox 59 4603 1712 4678; baseline -0.002 -12"><span class='ocrx_word' id='word_1_614' title='bbox 59 4608 161 4675; x_wconf 89' lang='lat' dir='ltr'>mitas,</span> <span class='ocrx_word' id='word_1_615' title='bbox 174 4624 189 4663; x_wconf 88' lang='lat' dir='ltr'>a</span> <span class='ocrx_word' id='word_1_616' title='bbox 203 4605 409 4664; x_wconf 88' lang='lat' dir='ltr'>transeuntibus</span> <span class='ocrx_word' id='word_1_617' title='bbox 423 4606 599 4662; x_wconf 86' lang='lat' dir='ltr'>tollebantur.</span> <span class='ocrx_word' id='word_1_618' title='bbox 615 4608 682 4663; x_wconf 80' lang='lat' dir='ltr'>tlaec</span> <span class='ocrx_word' id='word_1_619' title='bbox 697 4606 750 4662; x_wconf 90' lang='lat' dir='ltr'>sibi</span> <span class='ocrx_word' id='word_1_620' title='bbox 763 4606 862 4678; x_wconf 91' lang='lat' dir='ltr'>oppida</span> <span class='ocrx_word' id='word_1_621' title='bbox 915 4605 991 4660; x_wconf 90' lang='lat' dir='ltr'>mine</span> <span class='ocrx_word' id='word_1_622' title='bbox 1004 4605 1149 4661; x_wconf 88' lang='lat' dir='ltr'>lrustratus</span> <span class='ocrx_word' id='word_1_623' title='bbox 1160 4612 1211 4661; x_wconf 90' lang='lat' dir='ltr'>est.</span> <span class='ocrx_word' id='word_1_624' title='bbox 1223 4605 1285 4662; x_wconf 82' lang='lat' dir='ltr'>Fuit</span> <span class='ocrx_word' id='word_1_625' title='bbox 1298 4620 1408 4677; x_wconf 92' lang='lat' dir='ltr'>quoque</span> <span class='ocrx_word' id='word_1_626' title='bbox 1428 4620 1499 4675; x_wconf 86' lang='lat' dir='ltr'>saepe</span> <span class='ocrx_word' id='word_1_627' title='bbox 1519 4603 1618 4661; x_wconf 89' lang='lat' dir='ltr'>diebus</span> <span class='ocrx_word' id='word_1_628' title='bbox 1631 4607 1712 4662; x_wconf 93' lang='lat' dir='ltr'>Boni-</span> 
     </span>
    </p>
   </div>
   <div class='ocr_carea' id='block_1_17' title="bbox 56 4699 864 5519">
    <p class='ocr_par' dir='ltr' id='par_1_18' title="bbox 56 4699 864 5519">
     <span class='ocr_line' id='line_1_70' title="bbox 60 4699 864 4770; baseline -0.004 -11"><span class='ocrx_word' id='word_1_629' title='bbox 60 4710 90 4759; x_wconf 89' lang='lat' dir='ltr'>et</span> <span class='ocrx_word' id='word_1_630' title='bbox 104 4700 196 4769; x_wconf 88' lang='lat' dir='ltr'>villas,</span> <span class='ocrx_word' id='word_1_631' title='bbox 211 4717 306 4757; x_wconf 88' lang='lat' dir='ltr'>servos</span> <span class='ocrx_word' id='word_1_632' title='bbox 318 4709 346 4757; x_wconf 90' lang='lat' dir='ltr'>et</span> <span class='ocrx_word' id='word_1_633' title='bbox 360 4700 471 4756; x_wconf 81' lang='lat' dir='ltr'>ancillas</span> <span class='ocrx_word' id='word_1_634' title='bbox 484 4700 512 4756; x_wconf 91' lang='lat' dir='ltr'>in</span> <span class='ocrx_word' id='word_1_635' title='bbox 527 4700 624 4756; x_wconf 75' lang='lat' dir='ltr'>Galliae</span> <span class='ocrx_word' id='word_1_636' title='bbox 641 4699 764 4770; x_wconf 91' lang='lat' dir='ltr'>partibus</span> <span class='ocrx_word' id='word_1_637' title='bbox 778 4700 864 4756; x_wconf 89' lang='lat' dir='ltr'>dona-</span> 
     </span>
     <span class='ocr_line' id='line_1_71' title="bbox 59 4792 863 4865; baseline -0.001 -16"><span class='ocrx_word' id='word_1_638' title='bbox 59 4795 103 4851; x_wconf 81' lang='lat' dir='ltr'>rit</span> <span class='ocrx_word' id='word_1_639' title='bbox 122 4794 267 4851; x_wconf 85' lang='lat' dir='ltr'>indolem.</span> <span class='ocrx_word' id='word_1_640' title='bbox 285 4794 377 4865; x_wconf 85' lang='lat' dir='ltr'>Quam</span> <span class='ocrx_word' id='word_1_641' title='bbox 389 4792 458 4849; x_wconf 93' lang='lat' dir='ltr'>dum</span> <span class='ocrx_word' id='word_1_642' title='bbox 470 4808 594 4849; x_wconf 87' lang='lat' dir='ltr'>reversus</span> <span class='ocrx_word' id='word_1_643' title='bbox 606 4793 717 4848; x_wconf 88' lang='lat' dir='ltr'>aGallia</span> <span class='ocrx_word' id='word_1_644' title='bbox 733 4793 759 4847; x_wconf 92' lang='lat' dir='ltr'>iu</span> <span class='ocrx_word' id='word_1_645' title='bbox 774 4795 863 4848; x_wconf 94' lang='lat' dir='ltr'>Lom-</span> 
     </span>
     <span class='ocr_line' id='line_1_72' title="bbox 59 4885 863 4960; baseline -0.004 -15"><span class='ocrx_word' id='word_1_646' title='bbox 59 4887 190 4947; x_wconf 89' lang='lat' dir='ltr'>bardiam</span> <span class='ocrx_word' id='word_1_647' title='bbox 205 4886 327 4954; x_wconf 89' lang='lat' dir='ltr'>duceret,</span> <span class='ocrx_word' id='word_1_648' title='bbox 344 4902 445 4960; x_wconf 87' lang='lat' dir='ltr'>magno</span> <span class='ocrx_word' id='word_1_649' title='bbox 459 4902 475 4942; x_wconf 91' lang='lat' dir='ltr'>a</span> <span class='ocrx_word' id='word_1_650' title='bbox 489 4886 597 4942; x_wconf 89' lang='lat' dir='ltr'>cunetis</span> <span class='ocrx_word' id='word_1_651' title='bbox 615 4885 748 4957; x_wconf 90' lang='lat' dir='ltr'>applausu</span> <span class='ocrx_word' id='word_1_652' title='bbox 761 4895 789 4940; x_wconf 91' lang='lat' dir='ltr'>et</span> <span class='ocrx_word' id='word_1_653' title='bbox 810 4886 863 4942; x_wconf 91' lang='lat' dir='ltr'>bo-</span> 
     </span>
     <span class='ocr_line' id='line_1_73' title="bbox 58 4978 862 5053; baseline -0.007 -13"><span class='ocrx_word' id='word_1_654' title='bbox 58 4997 133 5040; x_wconf 83' lang='lat' dir='ltr'>nore</span> <span class='ocrx_word' id='word_1_655' title='bbox 154 4981 311 5053; x_wconf 85' lang='lat' dir='ltr'>suscipitur.</span> <span class='ocrx_word' id='word_1_656' title='bbox 326 4980 427 5036; x_wconf 89' lang='lat' dir='ltr'>Tribus</span> <span class='ocrx_word' id='word_1_657' title='bbox 441 4980 583 5035; x_wconf 89' lang='lat' dir='ltr'>mensibus</span> <span class='ocrx_word' id='word_1_658' title='bbox 595 4980 754 5050; x_wconf 88' lang='lat' dir='ltr'>nuptiarum</span> <span class='ocrx_word' id='word_1_659' title='bbox 768 4978 862 5035; x_wconf 86' lang='lat' dir='ltr'>cdnvi-</span> 
     </span>
     <span class='ocr_line' id='line_1_74' title="bbox 57 5072 863 5147; baseline -0.005 -15"><span class='ocrx_word' id='word_1_660' title='bbox 57 5076 116 5143; x_wconf 85' lang='lat' dir='ltr'>ria,</span> <span class='ocrx_word' id='word_1_661' title='bbox 152 5074 284 5147; x_wconf 89' lang='lat' dir='ltr'>impensis</span> <span class='ocrx_word' id='word_1_662' title='bbox 320 5072 520 5146; x_wconf 80' lang='lat' dir='ltr'>profusioribus</span> <span class='ocrx_word' id='word_1_663' title='bbox 556 5072 708 5145; x_wconf 87' lang='lat' dir='ltr'>grandique</span> <span class='ocrx_word' id='word_1_664' title='bbox 735 5072 863 5128; x_wconf 90' lang='lat' dir='ltr'>omnium</span> 
     </span>
     <span class='ocr_line' id='line_1_75' title="bbox 57 5160 862 5239; baseline -0.006 -13"><span class='ocrx_word' id='word_1_665' title='bbox 57 5160 167 5227; x_wconf 75' lang='lat' dir='ltr'>letitia</span> <span class='ocrx_word' id='word_1_666' title='bbox 188 5167 381 5239; x_wconf 86' lang='lat' dir='ltr'>perdurarunt.</span> <span class='ocrx_word' id='word_1_667' title='bbox 406 5170 439 5222; x_wconf 91' lang='lat' dir='ltr'>ln</span> <span class='ocrx_word' id='word_1_668' title='bbox 464 5166 562 5238; x_wconf 90' lang='lat' dir='ltr'>quibus</span> <span class='ocrx_word' id='word_1_669' title='bbox 583 5164 718 5239; x_wconf 91' lang='lat' dir='ltr'>quidquid</span> <span class='ocrx_word' id='word_1_670' title='bbox 732 5181 862 5222; x_wconf 90' lang='lat' dir='ltr'>vasorum</span> 
     </span>
     <span class='ocr_line' id='line_1_76' title="bbox 56 5259 862 5331; baseline -0.005 -11"><span class='ocrx_word' id='word_1_671' title='bbox 56 5270 121 5321; x_wconf 83' lang='lat' dir='ltr'>erat</span> <span class='ocrx_word' id='word_1_672' title='bbox 147 5268 260 5331; x_wconf 86' lang='lat' dir='ltr'>argento</span> <span class='ocrx_word' id='word_1_673' title='bbox 275 5260 416 5328; x_wconf 88' lang='lat' dir='ltr'>rutilabat,</span> <span class='ocrx_word' id='word_1_674' title='bbox 438 5269 466 5316; x_wconf 94' lang='lat' dir='ltr'>et</span> <span class='ocrx_word' id='word_1_675' title='bbox 491 5276 559 5316; x_wconf 90' lang='lat' dir='ltr'>auro</span> <span class='ocrx_word' id='word_1_676' title='bbox 573 5259 741 5331; x_wconf 89' lang='lat' dir='ltr'>splendebat.</span> <span class='ocrx_word' id='word_1_677' title='bbox 758 5263 799 5316; x_wconf 90' lang='lat' dir='ltr'>Ex</span> <span class='ocrx_word' id='word_1_678' title='bbox 811 5259 862 5316; x_wconf 89' lang='lat' dir='ltr'>hae</span> 
     </span>
     <span class='ocr_line' id='line_1_77' title="bbox 57 5352 862 5427; baseline -0.006 -14"><span class='ocrx_word' id='word_1_679' title='bbox 57 5353 187 5413; x_wconf 82' lang='lat' dir='ltr'>Beatrice</span> <span class='ocrx_word' id='word_1_680' title='bbox 202 5354 303 5411; x_wconf 88' lang='lat' dir='ltr'>liberos</span> <span class='ocrx_word' id='word_1_681' title='bbox 317 5355 420 5427; x_wconf 88' lang='lat' dir='ltr'>genuit,</span> <span class='ocrx_word' id='word_1_682' title='bbox 436 5352 597 5409; x_wconf 85' lang='lat' dir='ltr'>Feden&#39;cum</span> <span class='ocrx_word' id='word_1_683' title='bbox 619 5353 736 5421; x_wconf 88' lang='lat' dir='ltr'>scilicet,</span> <span class='ocrx_word' id='word_1_684' title='bbox 751 5364 778 5410; x_wconf 91' lang='lat' dir='ltr'>et</span> <span class='ocrx_word' id='word_1_685' title='bbox 799 5356 862 5410; x_wconf 88' lang='lat' dir='ltr'>bla-</span> 
     </span>
     <span class='ocr_line' id='line_1_78' title="bbox 56 5445 861 5519; baseline -0.005 -13"><span class='ocrx_word' id='word_1_686' title='bbox 56 5447 181 5506; x_wconf 87' lang='lat' dir='ltr'>tbildam</span> <span class='ocrx_word' id='word_1_687' title='bbox 201 5446 323 5504; x_wconf 90' lang='lat' dir='ltr'>nobilem</span> <span class='ocrx_word' id='word_1_688' title='bbox 336 5447 517 5513; x_wconf 88' lang='lat' dir='ltr'>comitissam,</span> <span class='ocrx_word' id='word_1_689' title='bbox 530 5445 563 5503; x_wconf 91' lang='lat' dir='ltr'>de</span> <span class='ocrx_word' id='word_1_690' title='bbox 575 5462 627 5518; x_wconf 92' lang='lat' dir='ltr'>qua</span> <span class='ocrx_word' id='word_1_691' title='bbox 643 5463 764 5519; x_wconf 82' lang='lat' dir='ltr'>praesens</span> <span class='ocrx_word' id='word_1_692' title='bbox 779 5447 861 5503; x_wconf 90' lang='lat' dir='ltr'>babe-</span> 
     </span>
    </p>
   </div>
   <div class='ocr_carea' id='block_1_18' title="bbox 916 4697 1772 4875">
    <p class='ocr_par' dir='ltr' id='par_1_19' title="bbox 916 4697 1772 4875">
     <span class='ocr_line' id='line_1_79' title="bbox 916 4697 1713 4765; baseline 0.003 -11"><span class='ocrx_word' id='word_1_693' title='bbox 916 4697 1005 4754; x_wconf 81' lang='lat' dir='ltr'>lacius</span> <span class='ocrx_word' id='word_1_694' title='bbox 1025 4700 1054 4754; x_wconf 91' lang='lat' dir='ltr'>in</span> <span class='ocrx_word' id='word_1_695' title='bbox 1076 4699 1174 4754; x_wconf 86' lang='lat' dir='ltr'>divinis</span> <span class='ocrx_word' id='word_1_696' title='bbox 1194 4698 1336 4765; x_wconf 87' lang='lat' dir='ltr'>sollicitus,</span> <span class='ocrx_word' id='word_1_697' title='bbox 1350 4713 1430 4753; x_wconf 91' lang='lat' dir='ltr'>savos</span> <span class='ocrx_word' id='word_1_698' title='bbox 1444 4699 1611 4765; x_wconf 80' lang='lat' dir='ltr'>(955)etiam</span> <span class='ocrx_word' id='word_1_699' title='bbox 1626 4699 1713 4757; x_wconf 92' lang='lat' dir='ltr'>bono-</span> 
     </span>
     <span class='ocr_line' id='line_1_80' title="bbox 916 4790 1772 4875; baseline 0.004 -28"><span class='ocrx_word' id='word_1_700' title='bbox 916 4792 985 4847; x_wconf 87' lang='lat' dir='ltr'>ravit</span> <span class='ocrx_word' id='word_1_701' title='bbox 999 4791 1153 4862; x_wconf 89' lang='lat' dir='ltr'>pontifices,</span> <span class='ocrx_word' id='word_1_702' title='bbox 1164 4791 1322 4864; x_wconf 89' lang='lat' dir='ltr'>clerumque</span> <span class='ocrx_word' id='word_1_703' title='bbox 1337 4790 1413 4847; x_wconf 89' lang='lat' dir='ltr'>valde</span> <span class='ocrx_word' id='word_1_704' title='bbox 1423 4791 1525 4860; x_wconf 91' lang='lat' dir='ltr'>dilexit,</span> <span class='ocrx_word' id='word_1_705' title='bbox 1538 4800 1565 4847; x_wconf 91' lang='lat' dir='ltr'>et</span> <span class='ocrx_word' id='word_1_706' title='bbox 1575 4793 1712 4865; x_wconf 85' lang='lat' dir='ltr'>praecipue</span> <span class='ocrx_word' id='word_1_707' title='bbox 1767 4870 1772 4875; x_wconf 87' lang='lat'>.</span> 
     </span>
    </p>
   </div>
   <div class='ocr_carea' id='block_1_19' title="bbox 909 4884 1711 4951">
    <p class='ocr_par' dir='ltr' id='par_1_20' title="bbox 909 4884 1711 4951">
     <span class='ocr_line' id='line_1_81' title="bbox 909 4884 1711 4951; baseline 0.005 -12"><span class='ocrx_word' id='word_1_708' title='bbox 909 4884 1076 4941; x_wconf 89' lang='lat' dir='ltr'>monachos.</span> <span class='ocrx_word' id='word_1_709' title='bbox 1088 4888 1141 4942; x_wconf 90' lang='lat' dir='ltr'>Pro</span> <span class='ocrx_word' id='word_1_710' title='bbox 1150 4885 1242 4942; x_wconf 91' lang='lat' dir='ltr'>divino</span> <span class='ocrx_word' id='word_1_711' title='bbox 1253 4894 1346 4940; x_wconf 89' lang='lat' dir='ltr'>autem</span> <span class='ocrx_word' id='word_1_712' title='bbox 1356 4900 1463 4951; x_wconf 88' lang='lat' dir='ltr'>amore,</span> <span class='ocrx_word' id='word_1_713' title='bbox 1478 4893 1506 4941; x_wconf 91' lang='lat' dir='ltr'>et</span> <span class='ocrx_word' id='word_1_714' title='bbox 1516 4886 1711 4944; x_wconf 80' lang='lat' dir='ltr'>munificentiae</span> 
     </span>
    </p>
   </div>
   <div class='ocr_carea' id='block_1_20' title="bbox 914 4978 1712 5517">
    <p class='ocr_par' dir='ltr' id='par_1_21' title="bbox 914 4978 1712 5517">
     <span class='ocr_line' id='line_1_82' title="bbox 916 4978 1709 5052; baseline 0.001 -17"><span class='ocrx_word' id='word_1_715' title='bbox 916 4994 972 5035; x_wconf 83' lang='lat' dir='ltr'>suae</span> <span class='ocrx_word' id='word_1_716' title='bbox 1000 4980 1039 5034; x_wconf 89' lang='lat' dir='ltr'>eis</span> <span class='ocrx_word' id='word_1_717' title='bbox 1053 4978 1198 5035; x_wconf 83' lang='lat' dir='ltr'>dexteram</span> <span class='ocrx_word' id='word_1_718' title='bbox 1213 4979 1339 5052; x_wconf 76' lang='lat' dir='ltr'>aperuit,</span> <span class='ocrx_word' id='word_1_719' title='bbox 1355 4978 1509 5051; x_wconf 88' lang='lat' dir='ltr'>delictaque</span> <span class='ocrx_word' id='word_1_720' title='bbox 1532 4980 1641 5052; x_wconf 89' lang='lat' dir='ltr'>propria</span> <span class='ocrx_word' id='word_1_721' title='bbox 1656 4980 1709 5036; x_wconf 89' lang='lat' dir='ltr'>illis</span> 
     </span>
     <span class='ocr_line' id='line_1_83' title="bbox 916 5071 1710 5144; baseline -0.001 -15"><span class='ocrx_word' id='word_1_722' title='bbox 916 5071 1710 5144; x_wconf 86' lang='lat' dir='ltr'>conlidens,condignamsumpsitpoenitentiam.Tandem</span> 
     </span>
     <span class='ocr_line' id='line_1_84' title="bbox 914 5165 1711 5239; baseline -0.003 -17"><span class='ocrx_word' id='word_1_723' title='bbox 914 5181 978 5222; x_wconf 90' lang='lat' dir='ltr'>cnm</span> <span class='ocrx_word' id='word_1_724' title='bbox 993 5174 1089 5221; x_wconf 89' lang='lat' dir='ltr'>votum</span> <span class='ocrx_word' id='word_1_725' title='bbox 1107 5166 1225 5222; x_wconf 88' lang='lat' dir='ltr'>vovisset</span> <span class='ocrx_word' id='word_1_726' title='bbox 1246 5165 1344 5222; x_wconf 87' lang='lat' dir='ltr'>Christi</span> <span class='ocrx_word' id='word_1_727' title='bbox 1371 5167 1482 5224; x_wconf 88' lang='lat' dir='ltr'>visitare</span> <span class='ocrx_word' id='word_1_728' title='bbox 1496 5167 1666 5239; x_wconf 90' lang='lat' dir='ltr'>sepulcrum,</span> <span class='ocrx_word' id='word_1_729' title='bbox 1684 5175 1711 5221; x_wconf 92' lang='lat' dir='ltr'>et</span> 
     </span>
     <span class='ocr_line' id='line_1_85' title="bbox 917 5259 1711 5332; baseline 0.001 -18"><span class='ocrx_word' id='word_1_730' title='bbox 917 5274 966 5331; x_wconf 92' lang='lat' dir='ltr'>pro</span> <span class='ocrx_word' id='word_1_731' title='bbox 981 5276 1030 5315; x_wconf 92' lang='lat' dir='ltr'>sua</span> <span class='ocrx_word' id='word_1_732' title='bbox 1045 5260 1213 5332; x_wconf 88' lang='lat' dir='ltr'>expedienda</span> <span class='ocrx_word' id='word_1_733' title='bbox 1227 5261 1447 5332; x_wconf 88' lang='lat' dir='ltr'>peregrinatione</span> <span class='ocrx_word' id='word_1_734' title='bbox 1469 5261 1562 5316; x_wconf 88' lang='lat' dir='ltr'>omnia</span> <span class='ocrx_word' id='word_1_735' title='bbox 1589 5259 1711 5331; x_wconf 89' lang='lat' dir='ltr'>comple·</span> 
     </span>
     <span class='ocr_line' id='line_1_86' title="bbox 916 5353 1712 5426; baseline 0.003 -19"><span class='ocrx_word' id='word_1_736' title='bbox 916 5354 1007 5421; x_wconf 90' lang='lat' dir='ltr'>visset,</span> <span class='ocrx_word' id='word_1_737' title='bbox 1034 5354 1079 5409; x_wconf 89' lang='lat' dir='ltr'>illo</span> <span class='ocrx_word' id='word_1_738' title='bbox 1094 5362 1206 5409; x_wconf 87' lang='lat' dir='ltr'>vocante</span> <span class='ocrx_word' id='word_1_739' title='bbox 1225 5354 1251 5409; x_wconf 91' lang='lat' dir='ltr'>in</span> <span class='ocrx_word' id='word_1_740' title='bbox 1277 5355 1357 5426; x_wconf 73' lang='lat' dir='ltr'>cuius</span> <span class='ocrx_word' id='word_1_741' title='bbox 1384 5369 1466 5409; x_wconf 91' lang='lat' dir='ltr'>manu</span> <span class='ocrx_word' id='word_1_742' title='bbox 1480 5361 1545 5408; x_wconf 91' lang='lat' dir='ltr'>sunt</span> <span class='ocrx_word' id='word_1_743' title='bbox 1566 5353 1712 5409; x_wconf 83' lang='lat' dir='ltr'>hominurn</span> 
     </span>
     <span class='ocr_line' id='line_1_87' title="bbox 914 5446 1712 5517; baseline 0.001 -15"><span class='ocrx_word' id='word_1_744' title='bbox 914 5446 988 5513; x_wconf 82' lang='lat' dir='ltr'>vitae,</span> <span class='ocrx_word' id='word_1_745' title='bbox 1004 5447 1136 5503; x_wconf 85' lang='lat' dir='ltr'>universae</span> <span class='ocrx_word' id='word_1_746' title='bbox 1150 5447 1240 5502; x_wconf 87' lang='lat' dir='ltr'>carnis</span> <span class='ocrx_word' id='word_1_747' title='bbox 1255 5448 1330 5503; x_wconf 84' lang='lat' dir='ltr'>riom</span> <span class='ocrx_word' id='word_1_748' title='bbox 1353 5449 1489 5517; x_wconf 85' lang='lat' dir='ltr'>ingressus</span> <span class='ocrx_word' id='word_1_749' title='bbox 1504 5453 1556 5511; x_wconf 86' lang='lat' dir='ltr'>est,</span> <span class='ocrx_word' id='word_1_750' title='bbox 1570 5461 1643 5503; x_wconf 89' lang='lat' dir='ltr'>anno</span> <span class='ocrx_word' id='word_1_751' title='bbox 1658 5449 1712 5503; x_wconf 89' lang='lat' dir='ltr'>Bo-</span> 
     </span>
    </p>
   </div>
   <div class='ocr_carea' id='block_1_21' title="bbox 55 5538 1713 5707">
    <p class='ocr_par' dir='ltr' id='par_1_22' title="bbox 55 5538 1713 5707">
     <span class='ocr_line' id='line_1_88' title="bbox 55 5538 1712 5610; baseline -0.004 -10"><span class='ocrx_word' id='word_1_752' title='bbox 55 5540 245 5601; x_wconf 80' lang='lat' dir='ltr'>turbietcria.</span> <span class='ocrx_word' id='word_1_753' title='bbox 263 5538 317 5597; x_wconf 86' lang='lat' dir='ltr'>Sed</span> <span class='ocrx_word' id='word_1_754' title='bbox 331 5539 464 5596; x_wconf 77' lang='lat' dir='ltr'>Pederico</span> <span class='ocrx_word' id='word_1_755' title='bbox 479 5540 642 5596; x_wconf 88' lang='lat' dir='ltr'>etBeatrice</span> <span class='ocrx_word' id='word_1_756' title='bbox 663 5539 696 5596; x_wconf 85' lang='lat' dir='ltr'>sb</span> <span class='ocrx_word' id='word_1_757' title='bbox 721 5541 772 5597; x_wconf 89' lang='lat' dir='ltr'>bac</span> <span class='ocrx_word' id='word_1_758' title='bbox 804 5541 863 5597; x_wconf 87' lang='lat' dir='ltr'>luce</span> <span class='ocrx_word' id='word_1_759' title='bbox 915 5539 1026 5595; x_wconf 81' lang='lat' dir='ltr'>minicae</span> <span class='ocrx_word' id='word_1_760' title='bbox 1050 5540 1250 5596; x_wconf 87' lang='lat' dir='ltr'>incarnationis</span> <span class='ocrx_word' id='word_1_761' title='bbox 1265 5540 1412 5596; x_wconf 90' lang='lat' dir='ltr'>millesimo</span> <span class='ocrx_word' id='word_1_762' title='bbox 1427 5538 1712 5610; x_wconf 88' lang='lat' dir='ltr'>quinquagesimose·</span> 
     </span>
     <span class='ocr_line' id='line_1_89' title="bbox 55 5627 1713 5707; baseline -0.004 -14"><span class='ocrx_word' id='word_1_763' title='bbox 55 5634 221 5703; x_wconf 82' lang='lat' dir='ltr'>subtractis,</span> <span class='ocrx_word' id='word_1_764' title='bbox 234 5633 378 5691; x_wconf 82' lang='lat' dir='ltr'>Matbildis</span> <span class='ocrx_word' id='word_1_765' title='bbox 392 5642 530 5707; x_wconf 86' lang='lat' dir='ltr'>superstes</span> <span class='ocrx_word' id='word_1_766' title='bbox 540 5633 619 5691; x_wconf 90' lang='lat' dir='ltr'>unice</span> <span class='ocrx_word' id='word_1_767' title='bbox 634 5635 704 5706; x_wconf 88' lang='lat' dir='ltr'>patri</span> <span class='ocrx_word' id='word_1_768' title='bbox 717 5634 862 5693; x_wconf 84' lang='lat' dir='ltr'>Bonifacio</span> <span class='ocrx_word' id='word_1_769' title='bbox 915 5634 1018 5701; x_wconf 90' lang='lat' dir='ltr'>cundo,</span> <span class='ocrx_word' id='word_1_770' title='bbox 1033 5635 1081 5705; x_wconf 92' lang='lat' dir='ltr'>qui</span> <span class='ocrx_word' id='word_1_771' title='bbox 1093 5634 1144 5690; x_wconf 88' lang='lat' dir='ltr'>luit</span> <span class='ocrx_word' id='word_1_772' title='bbox 1155 5651 1244 5692; x_wconf 87' lang='lat' dir='ltr'>annus</span> <span class='ocrx_word' id='word_1_773' title='bbox 1258 5633 1437 5691; x_wconf 91' lang='lat' dir='ltr'>duodecimus</span> <span class='ocrx_word' id='word_1_774' title='bbox 1452 5632 1567 5689; x_wconf 86' lang='lat' dir='ltr'>Henrioi</span> <span class='ocrx_word' id='word_1_775' title='bbox 1584 5635 1669 5701; x_wconf 84' lang='lat' dir='ltr'>tertii,</span> <span class='ocrx_word' id='word_1_776' title='bbox 1683 5627 1713 5687; x_wconf 82' lang='lat' dir='ltr'>et&#39;</span> 
     </span>
    </p>
   </div>
   <div class='ocr_carea' id='block_1_22' title="bbox 94 5812 1247 5887">
    <p class='ocr_par' dir='ltr' id='par_1_23' title="bbox 94 5812 1247 5887">
     <span class='ocr_line' id='line_1_90' title="bbox 94 5812 1247 5887; baseline -0.004 -16"><span class='ocrx_word' id='word_1_777' title='bbox 94 5816 177 5887; x_wconf 76' lang='lat'>(9⁵5)</span> <span class='ocrx_word' id='word_1_778' title='bbox 190 5812 281 5870; x_wconf 85' lang='lat' dir='ltr'>idest</span> <span class='ocrx_word' id='word_1_779' title='bbox 296 5812 444 5886; x_wconf 85' lang='lat' dir='ltr'>sapientes.</span> <span class='ocrx_word' id='word_1_780' title='bbox 459 5817 506 5869; x_wconf 79' lang='lat' dir='ltr'>An</span> <span class='ocrx_word' id='word_1_781' title='bbox 521 5813 614 5887; x_wconf 89' lang='lat' dir='ltr'>potius</span> <span class='ocrx_word' id='word_1_782' title='bbox 627 5812 776 5887; x_wconf 87' lang='lat' dir='ltr'>legendum</span> <span class='ocrx_word' id='word_1_783' title='bbox 787 5820 911 5873; x_wconf 82' lang='lat' dir='ltr'>sanctos?</span> <span class='ocrx_word' id='word_1_784' title='bbox 921 5813 1015 5871; x_wconf 85' lang='lat' dir='ltr'>Scribe</span> <span class='ocrx_word' id='word_1_785' title='bbox 1026 5832 1033 5870; x_wconf 92' lang='lat'>:</span> <span class='ocrx_word' id='word_1_786' title='bbox 1046 5817 1150 5872; x_wconf 70' lang='lat' dir='ltr'>Sonos.</span> <span class='ocrx_word' id='word_1_787' title='bbox 1165 5814 1247 5869; x_wconf 85' lang='lat' dir='ltr'>Mun.</span> 
     </span>
    </p>
   </div>
   <div class='ocr_carea' id='block_1_23' title="bbox 0 0 1940 6164">
    <p class='ocr_par' dir='ltr' id='par_1_24' title="bbox 0 0 1940 6164">
     <span class='ocr_line' id='line_1_91' title="bbox 0 0 1940 6164; baseline 0 9"><span class='ocrx_word' id='word_1_788' title='bbox 0 0 1940 6164; x_wconf 95' lang='lat' dir='ltr'> </span> 
     </span>
    </p>
   </div>
  </div>
 </body>
</html>
