3870 6164
148 249 212 305 tlol
599 247 806 302 aerenum.
827 246 1337 305 -110113113111131131101111111,
1482 236 1488 249 Χ
1664 261 1670 273 ’
1709 210 1794 308 *llot
1881 313 1885 319 ,

68 368 74 381 “
145 370 226 429 fossis
239 368 340 437 oeulis,
354 369 488 426 truncatis
499 369 626 426 omnibus
643 386 710 442 pene
724 370 857 427 membris
870 386 944 428 mar·
959 376 985 439 A
1000 372 1087 428 manis
1103 374 1218 446 turpiter
1231 373 1385 444 expellitur,
1400 381 1428 432 et
1440 388 1474 429 ne
1484 375 1601 446 amplius
1613 350 1806 448 apostolicam

145 467 208 523 tirio
231 472 392 521 coronatur.
416 466 448 519 ln
469 464 611 520 allemania
632 464 697 521 Otto
720 480 829 531 eomes,
850 465 941 538 impu·
996 466 1090 523 sedem
1113 466 1239 523 invadere
1263 476 1422 538 praesumat,
1445 468 1603 539 juramento
1635 469 1793 541 promittere

144 558 321 618 dentissimus
336 556 452 623 adulter,
469 566 496 613 et
513 574 562 628 pro
573 558 705 615 adulterio
716 575 731 614 a
743 560 943 616 constantiensi
995 560 1177 632 compellitur.
1199 562 1246 616 Set
1262 560 1321 632 jam
1340 560 1542 633 aliquantulum
1564 561 1690 618 diuturna
1715 556 1792 636 regui

144 651 271 725 episeopo
286 651 564 719 excommunicatus,
586 651 636 708 Dei
657 650 764 723 judicio
787 653 942 723 turpissime
995 652 1130 710 discordia
1150 654 1219 710 inter
1240 653 1390 710 catholicos
1410 661 1437 710 et
1461 654 1632 711 scismaticos
1652 664 1792 728 tepescere

143 744 324 803 decollatura
339 743 472 800 militibus
486 742 619 801 Ludovici
637 744 758 814 comitis,
778 745 855 817 eujus
873 761 943 802 uxo·
995 746 1075 818 cepit,
1102 757 1133 802 nt
1154 763 1209 802 non
1232 747 1292 818 jam
1306 747 1410 805 bellum
1424 744 1459 803 ad
1482 747 1609 817 invicem,
1630 749 1679 818 sed
1699 763 1791 822 pacem

144 854 204 897 rem
228 838 346 910 publicis
360 837 472 910 nuptiis,
497 853 531 893 eo
545 837 663 906 vivente,
679 838 730 895 sibi
745 837 943 897 nefandissime
995 854 1162 908 componere
1181 840 1273 895 sanius
1292 821 1462 912 iudicarent.
1474 842 1649 914 Quapropter
1663 842 1746 900 duces
1766 851 1794 901 et

143 932 298 1004 copulavit3
313 931 359 1004 qui
373 931 447 1003 apud
467 931 665 987 monasterium
685 932 714 986 in
730 932 832 1003 praedio
855 932 941 1003 ipsius
994 931 1110 987 comites
1120 930 1209 987 saneti
1222 933 1292 988 Petri
1303 933 1396 989 fideles
1406 949 1471 991 cum
1482 935 1611 991 Heinrico
1623 936 1791 1009 colloquium

143 1033 335 1083 constructum
356 1040 370 1079 a
395 1024 453 1081 suis
473 1024 612 1096 sepultus,
629 1025 710 1096 jussu
723 1025 941 1083 constantiensis
995 1024 1162 1094 habuerunt,
1186 1024 1265 1095 eique
1288 1041 1370 1082 suum
1394 1027 1584 1084 consiliumet
1605 1028 1735 1085 auxilium
1755 1029 1791 1086 ad

143 1119 262 1192 episcopi
277 1118 396 1191 ejicitur,
413 1125 449 1188 et,
468 1125 501 1174 ut
512 1118 646 1190 seriptum
660 1127 711 1188 est,
727 1118 761 1174 ad
773 1120 941 1191 sepulturam
994 1117 1176 1174 obtinendum
1189 1133 1302 1191 regnum
1318 1118 1474 1176 firmissime
1485 1121 1681 1193 promiserunt,
1693 1123 1714 1179 si
1727 1123 1792 1179 Gui·

143 1213 216 1270 asini
227 1211 386 1286 deputatur.
399 1211 501 1269 Milites
516 1226 625 1284 quoque
639 1211 699 1285 ejus
717 1228 783 1285 opes
805 1212 888 1284 ipsius
903 1212 942 1270 di·
996 1212 1105 1268 berlum
1120 1212 1321 1268 heresiarcham
1347 1214 1426 1268 vellet
1448 1213 1597 1282 dimittere,
1613 1225 1640 1272 et
1663 1215 1698 1273 ad
1712 1216 1790 1272 aecle-

143 1306 294 1378 ripemunt,
315 1313 343 1362 et
355 1313 414 1361 tam
429 1304 561 1362 allodium
573 1305 631 1377 eJus
647 1320 729 1377 quam
750 1305 862 1362 feodum
884 1321 940 1362 non
993 1305 1129 1365 siastioam
1153 1307 1375 1363 communionem
1390 1322 1439 1379 per
1463 1306 1628 1365 catholicum
1653 1317 1791 1381 pastorem

141 1398 256 1456 heredes
269 1398 362 1471 ipsius,
376 1406 418 1454 set
430 1399 554 1455 extranei
568 1396 759 1470 possederunt,
774 1399 854 1473 juxta
866 1399 941 1473 quod
993 1414 1126 1456 remeare.
1141 1401 1229 1470 Quam
1248 1399 1360 1472 quidem
1374 1400 1558 1468 conditionem
1578 1417 1628 1459 nee
1645 1402 1704 1474 ipse
1717 1404 1792 1459 mul-

142 1492 170 1550 iu
185 1491 424 1549 maledictionibus
438 1492 519 1548 tudae
533 1492 711 1564 prophetatur
727 1512 733 1548 :
753 1496 789 1550 st
801 1493 941 1564 diripient
992 1500 1052 1549 tum
1075 1503 1216 1565 respueret
1229 1492 1272 1562 ⁸⁰⁸,
1288 1492 1313 1551 si
1333 1495 1469 1550 tamenin
1484 1494 1538 1551 hoc
1562 1495 1586 1551 ei
1601 1495 1736 1568 principes
1749 1495 1792 1553 sui

142 1589 228 1643 alieni
244 1587 346 1642 labores
371 1587 428 1656 cias
447 1587 530 1654 (Psal.
547 1601 636 1655 cvrrr,
654 1591 708 1655 11).
734 1587 780 1644 Sic
798 1587 893 1660 utique
911 1597 938 1645 et
993 1586 1128 1642 assentire
1141 1586 1250 1656 vellent,
1265 1586 1391 1644 videlicet
1403 1588 1522 1660 episcopi
1538 1589 1583 1660 qui
1597 1603 1626 1644 se
1640 1604 1705 1644 cum
1719 1588 1791 1647 (1111-
1848 1632 1850 1637 .
1912 1597 1914 1602 ·

142 1688 341 1753 postmortem
358 1695 436 1736 nram
449 1679 477 1734 in
488 1680 628 1751 sepultura
641 1688 670 1737 et
682 1680 710 1737 in
722 1680 877 1754 direptione
893 1697 938 1738 re·
992 1678 1069 1735 berto
1090 1679 1265 1752 deponendos
1280 1696 1340 1737 esse
1364 1697 1421 1737 non
1439 1681 1646 1746 dubitaremnt,
1660 1696 1692 1737 eo
1715 1681 1790 1754 quod
1882 1735 1890 1741 .

142 1790 205 1832 rum
225 1789 338 1830 suarum
360 1771 560 1830 evidentissime
584 1772 715 1831 indicarit
738 1790 823 1849 quam
846 1774 935 1832 eliioa·
951 1765 975 1829 B
990 1772 1018 1829 in
1032 1773 1089 1846 eius
1104 1781 1178 1846 parte
1186 1773 1400 1843 ordinationem,
1414 1775 1716 1834 immoereorationem
1727 1790 1789 1846 per·

142 1868 208 1924 citer
234 1866 398 1924 sententiam
425 1866 715 1925 excommunicationis
740 1869 883 1941 exceperit.
909 1868 940 1925 ln
993 1875 1134 1939 oeperunt.
1150 1868 1187 1923 Hi
1204 1884 1268 1942 ergo
1286 1868 1310 1924 ei
1326 1869 1435 1940 penitus
1453 1868 1504 1924 hae
1517 1868 1575 1924 rice
1588 1867 1790 1936 dissuaserunt,

142 1960 221 2018 ltalia
242 1960 412 2018 nobilissima
435 1959 470 1995 ⁸⁰³
492 1960 550 2017 dur
565 1961 705 2018 hlatbildis
729 1961 784 2018 lilia
808 1961 940 2019 Boniiacii
992 1975 1027 2016 ne
1046 1969 1150 2018 sanetae
1170 1961 1255 2018 matri
1278 1961 1391 2019 aeclesiae
1414 1961 1645 2018 reconciliaretur.
1662 1964 1790 2018 Domnus

143 2052 319 2122 marchionis,
335 2054 383 2111 sed
400 2053 481 2111 vidua
496 2052 631 2111 Goteiridi
644 2054 731 2123 ducis,
744 2053 863 2112 Welioni
879 2055 940 2112 duci
992 2068 1060 2126 papa
1075 2055 1404 2127 constantinopolitanum
1418 2057 1614 2128 imperatorem
1628 2055 1665 2105 ¹⁰⁹
1686 2055 1720 2111 ab
1742 2071 1790 2112 err·
1855 2046 1857 2051 ’

143 2146 198 2203 lilio
212 2145 350 2204 Welionis
368 2147 447 2206 ducis
466 2147 593 2221 conjugio
607 2148 762 2220 copulatur,
777 2156 805 2204 et
818 2147 872 2204 hoe
887 2149 939 2206 uti·
992 2149 1241 2205 communicatione
1256 2165 1304 2220 per
1318 2149 1419 2220 legatos
1440 2165 1505 2205 suos
1526 2147 1651 2216 absolvit,
1671 2146 1745 2204 idem
1760 2147 1791 2204 li·
1839 2219 1840 2223 Ἰ
1893 2148 1899 2156 “

142 2255 263 2311 quenon
280 2248 339 2296 tam
355 2256 404 2314 pro
426 2240 625 2298 incontinentia
646 2256 728 2312 quam
752 2256 802 2312 pro
819 2241 939 2298 Romani
991 2249 1066 2297 teras
1085 2240 1203 2314 Philippi
1226 2241 1298 2314 regis
1319 2244 1488 2298 Francorum
1507 2241 1629 2299 debitam
1651 2241 1675 2299 ei
1698 2241 1790 2315 subje·

140 2333 276 2406 pontilicis
289 2333 454 2402 obedientia,
470 2333 598 2390 videlieet
618 2341 649 2388 ut
667 2342 743 2390 tanto
759 2333 864 2391 virilius
878 2351 940 2392 san·
991 2333 1096 2391 tionem
1108 2335 1294 2408 promittentis
1306 2334 1438 2407 suscepit.

141 2434 195 2483 ctas
206 2429 340 2484 Romanae
349 2427 465 2485 aeclesiae
474 2435 568 2483 eontra
583 2427 839 2483 excommunicatos
848 2438 941 2499 posset
1344 2429 1435 2485 lllCll.

140 2519 295 2577 subvenire.
311 2521 362 2590 Qui
375 2521 469 2576 statim
489 2519 619 2575 maritum
634 2520 692 2591 ejus
704 2520 836 2591 impetere
850 2521 941 2577 velue
1026 2522 1060 2575 In
1074 2520 1198 2592 baioaria
1213 2520 1306 2577 fideles
1326 2521 1412 2576 sancti
1431 2521 1505 2577 Petri
1515 2520 1575 2592 jam
1602 2521 1671 2578 adeo
1694 2530 1791 2579 contra

140 2621 217 2682 runt,
238 2621 280 2670 set
293 2628 357 2670 oum
377 2613 400 2671 ei
420 2613 545 2670 resistere
566 2628 624 2669 non
643 2622 769 2684 possent3
784 2621 892 2670 treuvas
905 2613 940 2670 ab
991 2611 1161 2669 scismaticos
1182 2611 1363 2679 invaluerunt,
1385 2621 1415 2667 ut
1428 2611 1456 2667 in
1473 2613 1663 2687 salchurgensi
1680 2615 1791 2686 episco-

139 2721 173 2763 eo
187 2721 272 2778 usque
288 2707 317 2762 in
341 2705 440 2778 paseha
456 2724 505 2780 per
520 2708 709 2763 interventum
731 2707 856 2779 conjugis
880 2708 941 2781 ejus
992 2713 1057 2778 patu
1071 2705 1237 2761 catholicum
1253 2703 1414 2760 ordinarent
1428 2704 1664 2777 archiepiscopum
1680 2713 1790 2776 (1313);

139 2800 363 2872 impetraverunt.
389 2799 537 2857 lleinricus
551 2815 599 2856 rex
619 2800 709 2856 dietus
723 2799 758 2834 ⁵⁰⁸
773 2800 890 2857 multum
906 2801 941 2858 de
992 2813 1074 2871 quem
1098 2798 1190 2853 statim
1213 2796 1433 2869 religiosissimus
1455 2796 1622 2853 Pataviensis
1646 2799 1790 2871 episeopus

140 2891 272 2965 praedicto
285 2892 413 2966 conjugio
422 2893 563 2962 tristatnr;
577 2892 622 2965 qui
634 2893 732 2950 iterum
748 2893 775 2950 in
790 2894 940 2951 Saroniam
992 2898 1018 2947 ct
1039 2889 1144 2946 Urbani
1159 2904 1235 2962 papae
1256 2889 1361 2962 legatus
1374 2905 1439 2945 eum
1452 2888 1674 2962 Wirceburgensi
1689 2899 1716 2946 et
1729 2892 1789 2946 Fri·

139 3000 206 3042 oum
220 2985 391 3058 expeditione
400 2984 551 3059 proiectus,
567 2987 626 3042 sine
638 2985 744 3043 honore
754 2987 854 3043 reverti
865 3002 943 3043 com·
992 2983 1108 3057 singensi
1144 2983 1278 3057 episeopis
1302 2982 1469 3039 sollemniter
1496 2983 1673 3039 consecravit.
1702 2984 1791 3041 llere·

138 3076 259 3152 pellitur.
275 3081 370 3135 Petrus
382 3079 433 3151 piae
447 3078 590 3137 memoriae
604 3080 771 3137 albanensis
784 3080 940 3154 episeopus,
998 3093 1112 3133 mannus
1126 3077 1178 3151 piae
1203 3076 1344 3134 memoriae
1363 3075 1492 3133 Metensis
1512 3075 1664 3148 episcopus,
1680 3086 1708 3132 et
1726 3079 1791 3134 Ber·
1835 3142 1839 3151 .
1873 3084 1876 3089 '

137 3169 171 3229 in
183 3171 216 3208 ⁸⁰⁸
230 3187 312 3230 eausa
329 3174 415 3229 sancti
430 3173 502 3230 Petri
517 3173 744 3242 ferventissimos,
760 3173 885 3246 migravit
904 3173 940 3231 ad
955 3143 979 3210 C
997 3171 1108 3229 thaldus
1127 3169 1188 3228 dux
1213 3170 1392 3240 alemanniae,
1413 3169 1483 3226 lilius
1497 3168 1627 3227 Roudolii
1654 3170 1735 3243 regis,
1762 3168 1789 3228 in

139 3264 296 3323 dominum.
319 3266 371 3322 llio
384 3265 418 3301 ⁸⁰⁰
438 3276 480 3324 est
501 3268 547 3323 ille
569 3270 674 3335 Petrus,
697 3267 743 3339 qui
764 3272 872 3324 Petrum
888 3268 938 3323 Pa·
992 3265 1124 3322 fidelitate
1144 3265 1231 3321 sancti
1249 3265 1321 3320 Petri
1342 3264 1414 3320 lllaio
1428 3278 1524 3321 mense
1538 3264 1612 3321 diem
1630 3271 1789 3321 extremum
1856 3291 1858 3294 ·

137 3359 275 3431 pieneem,
292 3360 441 3416 Florentini
455 3361 627 3432 episcopatus
650 3361 816 3426 invasorem,
832 3374 880 3431 per
891 3360 938 3432 Ju·
993 3358 1335 3431 clausere,‘magnumque
1350 3373 1488 3415 merorem
1503 3357 1659 3426 catholicis,
1675 3366 1704 3414 et
1716 3358 1790 3414 erul-

137 3450 243 3509 dicium
266 3453 337 3526 ignis
358 3453 539 3509 simoniacum
565 3468 625 3509 esse
650 3451 785 3523 probavit,
811 3451 885 3509 unde
911 3461 939 3510 et
993 3452 1124 3508 tationem
1144 3451 1303 3509 scismaticis
1318 3450 1461 3522 reliquere.
1477 3452 1561 3507 Soror
1584 3463 1693 3523 quoque
1718 3465 1788 3523 prae·

138 3544 268 3618 deinceps
280 3546 358 3603 illum
374 3555 466 3602 sancta
480 3545 583 3602 aeelesia
597 3545 708 3618 igneum
721 3545 936 3616 cognominavit.
994 3542 1042 3599 lati
1057 3544 1145 3612 ducis,
1161 3544 1253 3616 regina
1268 3546 1448 3616 Ungarorum
1464 3543 1565 3616 (1313),
1584 3542 1683 3599 eodem
1695 3559 1790 3600 mense

137 3638 213 3695 Nam
237 3654 364 3713 magnam
383 3639 472 3711 piram
486 3637 648 3695 fiducialiter
662 3638 812 3709 ingressus,
834 3637 939 3711 absque
994 3637 1070 3693 obiit.
1092 3641 1131 3693 Er
1146 3645 1221 3709 parte
1240 3645 1334 3693 autem
1349 3637 1653 3693 excommunicatorum
1667 3636 1702 3673 ⁸¹⁰
1722 3637 1789 3694 Lui·

138 3733 221 3788 omni
241 3733 342 3789 lesione
356 3731 525 3804 pertransiit,
546 3738 577 3787 ut
591 3738 618 3787 et
632 3730 755 3787 llammae
777 3733 940 3804 vestesque
993 3729 1084 3787 toldus
1097 3731 1132 3768 ³¹¹
1152 3731 1207 3786 dux
1226 3730 1429 3787 carinthiorum
1447 3730 1589 3802 inopinata
1611 3738 1700 3788 morte
1718 3746 1789 3803 prae·

136 3840 238 3882 susum
253 3827 426 3895 ventilarent,
441 3840 492 3881 nee
512 3833 605 3880 tamen
620 3823 697 3890 illas,
720 3824 825 3881 nedum
847 3824 938 3896 ipsum
992 3824 1100 3894 ripitur,
1120 3839 1183 3879 eum
1203 3824 1358 3896 nuperrime
1377 3831 1473 3880 eontra
1488 3821 1530 3879 ias
1550 3832 1577 3880 et
1589 3824 1635 3897 jus
1648 3824 1789 3897 repudiata

137 3916 327 3989 aliquomodo
343 3917 578 3985 lederenahart).
594 3916 938 3988 Undeetpraedictusl’a·
992 3917 1100 3988 propria
1123 3932 1205 3972 uxore
1226 3918 1308 3973 aliam
1332 3915 1569 3989 superinduxerit,
1596 3915 1732 3974 Goiberto
1755 3918 1790 3954 ⁸¹²

136 4009 241 4082 piensis
266 4012 363 4065 Petrus
376 4009 411 4065 ab
425 4007 582 4066 Alexandro
603 4025 672 4081 papa
694 4009 856 4080 deponitur3
871 4012 940 4067 alter
992 4010 1105 4084 quidem
1124 4010 1293 4066 heresiarcha
1310 4009 1364 4066 boe
1381 4009 1406 4065 ei
1421 4010 1599 4067 concedente.
1619 4010 1789 4083 liggebertus

136 4109 236 4159 autem
250 4105 357 4171 Petrus,
380 4102 547 4174 pauperrimi
568 4101 602 4136 ⁸⁰⁷
617 4103 778 4158 monasterii
791 4111 858 4158 tune
880 4118 939 4160 mo
992 4119 1101 4176 quoque
1115 4104 1238 4160 marchio
1249 4103 1282 4160 de
1292 4103 1421 4172 Saronia,
1433 4103 1461 4158 in
1472 4102 1506 4137 ⁶¹³
1516 4117 1598 4160 causa
1610 4103 1698 4158 saneti
1709 4102 1785 4158 Petri

135 4193 262 4263 naehus,
291 4197 321 4252 in
342 4196 525 4253 albanensem
547 4196 738 4268 episcopatum
765 4197 938 4253 sublimatur.
992 4197 1057 4252 satis
1070 4205 1263 4251 strennuus-
1276 4193 1341 4251 dolo
1355 4194 1498 4277 cujusdam
1513 4194 1657 4252 abbatissae
1669 4192 1704 4251 de
1721 4194 1788 4264 Qui·

139 4290 207 4344 Erat
225 4289 298 4345 enim
312 4297 394 4346 tantae
412 4289 574 4356 sanctitatis,
594 4288 756 4345 constantiae
770 4297 797 4345 et
818 4289 892 4358 lidei,
908 4298 939 4347 ut
992 4287 1145 4360 telineburg
1156 4287 1258 4359 (1314),
1280 4287 1382 4343 sororis
1401 4288 1514 4360 inquam
1530 4287 1653 4344 Heinriei
1665 4288 1745 4359 regis,
1758 4295 1790 4346 ut

138 4380 184 4436 vir
198 4381 298 4455 aliquis
317 4383 360 4437 sui
378 4382 508 4453 temporis
521 4381 544 4437 ei
559 4382 682 4453 potuerit
702 4382 863 4453 comparari.
887 4382 939 4439 Hie
992 4382 1071 4438 aiunt
1089 4410 1114 4421 -
1125 4395 1174 4452 per
1182 4378 1297 4436 iusidias
1311 4378 1455 4437 occiditur.
1471 4382 1596 4436 Domnus
1612 4395 1684 4451 papa
1695 4380 1787 4460 Urba-

139 4488 208 4545 ergo
221 4473 255 4529 de
269 4473 321 4529 hae
339 4473 393 4529 vita
407 4472 558 4542 discedens,
575 4489 708 4545 magnum
734 4487 872 4531 merorem
890 4491 938 4531 ca-
993 4490 1047 4531 nus
1065 4472 1101 4510 ⁸¹⁸
1126 4474 1285 4547 generalem
1309 4473 1440 4530 sinodum
1462 4473 1598 4545 episeopis
1616 4472 1786 4532 diversarum

137 4563 249 4622 tholieis
267 4567 385 4638 reliquit.
409 4570 535 4622 Domnus
550 4582 618 4637 papa
638 4567 768 4623 Urbanus
780 4568 936 4638 generalem
951 4549 977 4614 Ῑ)
990 4567 1192 4640 provinciarum
1216 4581 1265 4639 per
1284 4567 1388 4638 legatos
1408 4581 1474 4622 suos
1488 4565 1514 4620 in
1541 4566 1677 4622 Tolosana
1695 4569 1786 4641 (1315)

138 4658 272 4716 sinodum
294 4665 345 4716 115
365 4659 557 4731 episcoporum
577 4659 695 4731 collegit,
718 4666 746 4714 et
765 4661 942 4719 aeclesiastica*
993 4661 1101 4718 civitate
1115 4660 1189 4716 eirca
1211 4666 1388 4730 pentecosten
1410 4658 1529 4730 collegit,
1544 4658 1634 4730 ibique
1653 4661 1739 4717 multa
1758 4661 1787 4717 in

138 4759 245 4809 statuta
271 4766 384 4808 suorum
400 4751 632 4822 praedeeessorum
649 4751 798 4824 apostolica
817 4756 939 4811 auetori-
992 4753 1173 4811 aeclesiasticis
1185 4752 1286 4821 causis,
1296 4767 1359 4824 quae
1372 4752 1534 4825 corrigenda
1548 4759 1638 4820 erant,
1652 4755 1785 4812 correxit.

138 4853 197 4902 tate
210 4845 339 4903 firmarit.
360 4845 510 4902 Guibertne
524 4853 619 4901 autem
640 4843 826 4903 heresiarches
849 4863 865 4904 a
883 4851 939 4905 Ro·
992 4849 1023 4904 ln
1037 4862 1093 4919 qua
1107 4845 1205 4902 sinodo
1218 4846 1527 4918 Tolosanusepiscopus
1548 4849 1640 4915 (1313)
1658 4846 1693 4905 de
1706 4848 1787 4904 illatis

777 4964 899 5020 VARIAE
934 4964 1144 5023 LECTIONES.

176 5076 255 5133 ιο111.
274 5077 447 5134 ddesunta.
486 5076 518 5112 '⁰‘
532 5078 604 5134 deest
623 5082 649 5134 3.
685 5078 720 5113 ⁵⁰⁸
740 5078 757 5134 i.
770 5094 794 5135 c.
811 5094 833 5135 s.
846 5082 876 5135 P.
888 5077 909 5135 1.
924 5081 1056 5138 monta.
1096 5078 1192 5134 ⁵⁰⁸Hie
1213 5077 1400 5134 —eatholicis
1419 5077 1528 5150 reliquit
1541 5080 1673 5135 desecta.
1713 5075 1785 5148 ⁵⁰³p.

138 5150 494 5206 m.t.m.inloeorasot.
533 5148 791 5206 ⁵⁰⁸ialocorosol.
831 5149 1023 5223 retrogemz.
1061 5151 1225 5224 ⁸¹⁰regis2.
1263 5147 1441 5206 ⁸¹¹leitoldui
1453 5155 1477 5206 1.
1517 5150 1555 5187 ⁵¹¹
1574 5151 1610 5208 G.
1626 5146 1696 5218 qb.
1715 5147 1744 5202 h.
1759 5163 1784 5202 c.

138 5235 164 5277 o.
178 5221 274 5279 datore
292 5225 317 5278 2.
348 5219 385 5257 ⁸¹⁸
397 5220 466 5277 ios.
483 5223 514 5278 P.
529 5236 553 5278 s.
568 5236 589 5276 s.
602 5221 699 5279 desunt
709 5225 737 5276 2.
775 5220 813 5259 ⁵¹⁸
828 5223 901 5280 deest
917 5227 947 5279 3.

902 5331 1017 5389 Nffl'AE.

176 5429 266 5494 (1311)
280 5428 315 5482 V.
327 5441 409 5498 supra
423 5426 457 5483 ad
471 5435 515 5483 an.
533 5430 611 5482 1333.
991 5427 1141 5487 Gerbertus
1155 5426 1224 5484 llirt
1239 5427 1319 5484 Silvae
1337 5428 1432 5493 ntrrae
1443 5432 1464 5479 t.
1480 5425 1503 5492 l,
1519 5436 1546 5493 p.
1561 5425 1626 5488 133,
1643 5427 1672 5479 et
1684 5422 1714 5479 in
1726 5430 1784 5482 tra·

172 5500 267 5564 (1311)
276 5497 490 5555 Thiemonems.
504 5498 577 5553 Petri
588 5496 716 5553 abbatem
730 5513 773 5555 rrr
784 5498 830 5557 ld.
847 5499 933 5572 April.
989 5508 1063 5555 otatu
1076 5498 1110 5553 de
1125 5498 1269 5571 liudolpho
1283 5508 1311 5554 et
1323 5497 1427 5555 iamilia
1444 5491 1663 5551 Rheinieldenei.
1681 5496 1748 5553 Ues.

135 5579 342 5625 consecratum.
355 5571 421 5625 Ues.
1025 5575 1117 5636 (1311)
1131 5568 1299 5626 Adalbeidae.

173 5640 266 5708 (1313)
283 5642 360 5696 Hauc
374 5638 459 5696 fuisse
474 5637 654 5696 adelheidem
667 5637 806 5712 liudolphi
822 5641 935 5699 antieae·
1038 5644 1115 5704 1315)
1136 5640 1195 5696 Vid.
1213 5642 1300 5697 blansi
1314 5639 1383 5704 XX,
1396 5642 1461 5694 133.

134 5712 206 5766 saris
226 5709 324 5779 liliam,
347 5719 461 5783 nuptum
486 5713 514 5767 s.
541 5710 668 5767 Ladislao
692 5712 839 5839 hungariae
864 5713 934 5786 regi,
1038 5713 1117 5784 1313)
1133 5714 1253 5769 lsarnus.

134 5789 232 5837 eontm
246 5780 327 5855 hujus
350 5782 494 5840 coelibatus
514 5789 665 5841 assertores
686 5782 757 5854 pluri
777 5797 810 5840 us
832 5783 934 5855 probat
