3870 6164
76 284 141 338 leot
529 285 672 341 APPEND.
694 286 737 341 ΙΙΙ.
757 315 793 327 -·
809 284 1019 343 Monaesum
1038 287 1269 346 tantoniam.
1653 297 1722 351 {202

73 413 130 473 tur,
146 407 238 478 ipsum
253 408 339 463 etiam
361 406 516 480 symbolum
530 424 595 464 cum
614 409 663 465 tali
684 409 871 466 additamento
887 411 992 478 Archa
1005 411 1081 469 sinus
1094 422 1121 468 et
1137 415 1282 469 Lucentius
1294 415 1422 487 episcopi,
1439 425 1465 473 et
1477 417 1632 476 Boniiacius
1647 436 1720 492 pres·

73 500 180 557 recitari
196 501 357 557 venerabilis
371 504 428 558 Leo
445 517 513 573 papa
528 502 576 558 illo
597 512 720 575 tempore
734 503 873 575 probibuit
921 505 1005 578 byter
1019 507 1076 561 vice
1086 508 1115 573 s.
1128 508 1228 563 Leonis
1237 523 1314 580 papae
1326 508 1508 580 praeiuerunt3
1522 508 1570 582 qui
1582 521 1610 568 et
1618 510 1729 570 statuta'

72 610 107 651 eo
130 594 205 667 quod
229 594 314 650 sancti
335 598 429 651 Patres
451 594 612 665 hujusmodi
638 597 819 669 adiectionem
843 599 871 654 in
924 598 997 654 illins
1009 599 1107 672 synodi
1120 600 1311 667 firmaverunt,
1323 610 1350 658 et
1362 603 1491 673 praedicto
1503 605 1630 661 Anatolio
1640 606 1721 679 quid-

72 688 205 761 symbolis
239 688 348 759 penitus
380 688 578 760 prohibuerint.
610 692 731 746 Romani
763 708 871 765 quoque
925 691 991 748 dam
1003 699 1107 748 temere
1130 694 1307 764 praesumenti
1319 695 1347 750 in
1365 696 1470 768 synodo
1492 697 1640 753 liberaliter
1654 716 1720 755 con-

71 797 161 854 usque
174 781 208 837 ad
222 789 345 853 tempora
359 780 430 839 divae
445 783 586 839 memoriae
600 785 712 840 ilenrici
728 785 810 856 primi
822 784 872 841 im
925 784 1105 842 tradirernnt.
1120 789 1161 841 lle
1177 787 1231 843 hoo
1243 789 1357 845 coneilio
1372 792 1452 846 multi
1471 799 1564 864 postea
1580 791 1726 849 dubitave·

72 875 207 948 peratoris
228 891 260 931 eo
275 875 400 948 symbolo
417 876 458 931 uti
472 877 630 932 noluerunt.
646 877 699 934 Sed
720 876 795 933 idem
814 880 871 934 im·
925 885 1000 946 runt,
1023 887 1051 933 et
1074 886 1106 934 ut
1126 889 1318 937 retractaretur
1340 884 1511 940 omnimodis
1537 884 1644 942 efficere
1665 895 1721 943 stu-

71 976 184 1040 perator
204 967 257 1024 hoo
281 984 296 1024 a
321 970 449 1025 Romano
465 970 594 1041 pontilice
607 971 770 1042 impetravit,
792 980 824 1027 nt
844 983 872 1030 et
924 970 1051 1027 dneruut.
1068 971 1131 1039 Sed,
1145 973 1208 1046 quia
1223 974 1274 1029 hoe
1287 991 1484 1047 nequaquama
1498 981 1530 1033 B.
1546 981 1638 1035 Leone
1650 995 1720 1052 papa
1864 1049 1868 1058 ¹

71 1063 194 1119 Romani
208 1061 285 1131 illud,
300 1077 376 1119 more
390 1062 520 1130 aliorum,
534 1061 723 1135 decantarent,
741 1066 870 1122 sicutte·
925 1065 1142 1134 permittebatur,
1152 1065 1264 1122 tandem
1278 1068 1487 1139 abimperatorc
1504 1070 1721 1142 impetraverunt
1809 1124 1813 1133 .

71 1155 211 1212 nerandus
219 1154 304 1211 abbas
312 1157 402 1211 Beruo
411 1164 525 1212 testatur
540 1157 569 1212 in
582 1157 653 1213 libro
667 1173 718 1214 suo
732 1161 774 1215 De
789 1159 871 1216 insti·
924 1164 955 1212 ut
978 1174 1027 1230 per
1050 1159 1191 1216 universas
1219 1161 1373 1231 provincias
1396 1161 1430 1218 ad
1451 1178 1548 1219 omnes
1575 1165 1720 1237 episcopos

70 1248 177 1306 tutione
190 1248 349 1304 missarum.
924 1250 972 1323 qui
992 1250 1163 1309 Chalcedone
1176 1263 1359 1310 convenerant
1371 1255 1476 1311 litteras
1499 1257 1639 1328 dirigeret,
1658 1259 1720 1329 qui·
1775 1316 1777 1321 ,

106 1342 339 1412 Quamvisautem
357 1343 497 1399 Nicaenum
511 1344 668 1416 symbolum
684 1345 795 1417 majoris
809 1362 872 1402 auo-
924 1343 977 1399 bus
988 1360 1083 1401 eorum
1096 1346 1260 1403 sententiam
1271 1347 1304 1403 de
1314 1347 1412 1405 eodem
1419 1350 1540 1405 concilio
1551 1351 1714 1422 exploraret.

69 1435 191 1492 toritatis
205 1450 264 1490 esse
278 1435 403 1491 videatur
424 1452 506 1508 quam
522 1438 869 1511 constantinopolitanum,
926 1437 979 1508 Qui
1000 1453 1096 1494 omnes
1110 1439 1273 1495 unanimiter
1287 1441 1488 1512 rescripserunt
1502 1442 1719 1503 chalcedonense

69 1537 230 1584 nostaman
245 1529 582 1600 constantinopolitanum
602 1531 692 1603 magis
706 1533 735 1587 in
752 1534 871 1589 Ecclesia
925 1530 1072 1587 concilium
1098 1547 1184 1603 usque
1211 1532 1246 1589 ad
1282 1534 1443 1606 sanguinem
1479 1551 1539 1593 esse
1569 1535 1719 1593 deiendan-
1784 1578 1798 1594 .

68 1637 130 1679 non
148 1621 287 1677 immerito
316 1621 534 1694 frequentamus.
558 1625 630 1679 Nam
653 1626 682 1679 in
709 1624 754 1681 illo
792 1627 871 1698 plura
925 1623 1003 1680 dum.

67 1723 164 1771 eontra
203 1714 349 1771 haereticos
383 1719 537 1772 necessaria
572 1733 656 1789 quam
692 1719 720 1773 in
756 1719 870 1776 Nicaeno
958 1720 1063 1774 Praeter
1087 1717 1146 1775 haeo
1172 1728 1263 1775 autem
1288 1722 1417 1791 quintum
1447 1722 1598 1779 universale
1625 1725 1720 1779 conci-

66 1808 234 1881 reperimus,
258 1808 321 1880 quia
343 1818 438 1865 contra
464 1810 581 1866 Arianos
615 1811 769 1882 specialiter
797 1815 863 1885 agit.
925 1811 991 1866 lium
1016 1813 1251 1884 Constantinopoli
1273 1814 1373 1888 legitur
1400 1823 1597 1888 congregatum
1624 1818 1725 1873 contra

67 1902 128 1957 Nec
160 1908 203 1957 tot
240 1900 389 1957 haeresibus
424 1911 492 1974 quot
531 1890 868 1977 constantinopolitanum
922 1918 1019 1961 omnes
1051 1904 1208 1975 haereticos,
1245 1914 1273 1962 et
1310 1908 1430 1963 maxime
1468 1917 1562 1965 contra
1594 1908 1722 1966 Theodo-

66 1995 128 2050 snis
153 1994 296 2050 sententiis
331 1993 460 2050 obviavit.
485 1999 517 2051 ln
532 1995 579 2052 illo
607 1997 683 2052 enim
704 1996 740 2053 de
765 1998 869 2057 unitate
922 2013 984 2052 urm
999 1999 1233 2068 lllopsnestenum,
1258 2000 1304 2070 qui
1323 2000 1428 2056 dicebat
1448 2001 1532 2056 olium
1551 2017 1609 2057 esse
1631 2006 1721 2059 Deum

66 2088 198 2145 Ecclesiae
207 2090 263 2144 sive
276 2088 415 2160 baptismi,
427 2089 668 2147 deresurrectione
682 2100 868 2162 mortuorum,
922 2089 1054 2155 Verbum,
1079 2098 1107 2145 et
1125 2091 1208 2146 alium
1232 2091 1381 2159 Christum,
1396 2101 1424 2148 et
1449 2109 1557 2149 sacram
1578 2095 1722 2166 Virginem

66 2187 98 2238 et
118 2181 172 2238 vita
193 2179 276 2236 irritari
290 2181 385 2238 saeculi
401 2181 529 2250 babetur,
547 2183 620 2255 qnod
634 2184 662 2238 in
686 2183 798 2240 Nicaeno
812 2201 870 2241 non
922 2183 973 2237 Dei
981 2182 1098 2255 negabat
1109 2183 1415 2255 genitricem,tempore
1425 2185 1570 2241 iustiniani
1581 2186 1720 2258 principis,

65 2275 213 2348 reperitur.
229 2274 337 2330 Plenius
352 2275 437 2330 etiam
448 2276 505 2347 agit
514 2275 548 2332 de
560 2276 662 2347 Spiritu
676 2285 771 2333 sancto
785 2295 868 2350 quam
922 2275 1012 2347 Vigilii
1028 2291 1115 2347 papae,
1140 2275 1236 2331 domni
1251 2277 1426 2347 antiocheni,
1448 2278 1574 2350 Eutychii
1588 2280 1723 2336 Constan-

64 2368 228 2431 Ilioaenum3
243 2366 315 2423 unde
329 2376 356 2422 et
370 2368 540 2424 nostratibus
552 2369 727 2440 potissimum
743 2371 773 2425 in
788 2387 869 2427 usum
923 2368 1106 2439 tinopolitani.
1129 2370 1158 2424 ln
1182 2384 1237 2441 quo
1259 2371 1374 2426 coneilio
1396 2371 1604 2442 quatuordecim
1628 2373 1719 2444 capita

65 2460 176 2517 senisse
196 2461 336 2516 asseritur.
360 2460 506 2517 Sciendum
526 2471 620 2517 autem
645 2463 709 2533 quia
734 2479 785 2518 nos
814 2479 869 2520 non
923 2460 1160 2518 subanathemate
1175 2462 1303 2534 leguntur
1317 2464 1449 2519 instituta.

65 2553 161 2611 solum
171 2569 272 2609 nomen
283 2552 388 2609 Filiide
397 2569 452 2626 qno
463 2553 708 2625 praedirimus,sed
722 2555 807 2611 multa
818 2556 870 2613 alia
960 2557 1031 2608 ltem
1058 2561 1166 2609 sextum
1199 2554 1435 2626 Constantinopoli
1469 2556 1595 2613 habitum
1626 2566 1668 2614 est
1705 2576 1721 2616 a

65 2646 97 2704 in
112 2645 212 2703 eodem
229 2647 367 2719 symbolo,
394 2648 530 2719 praecipue
545 2663 577 2703 ex
598 2648 710 2703 Nicaeno
733 2649 869 2720 symbolo,
924 2661 960 2702 cn
970 2649 1091 2713 (toalea)
1100 2644 1226 2724 Patribus
1240 2655 1336 2702 eontra
1348 2648 1501 2704 Macarium
1515 2649 1721 2707 antiochenum

65 2738 188 2813 adjicere
210 2722 342 2803 solemus,
364 2748 405 2808 ut,
429 2745 514 2797 Deum
536 2741 569 2795 de
583 2743 645 2805 Deo,
669 2742 757 2796 lumea
778 2742 811 2796 de
825 2744 871 2795 hr-
924 2748 952 2795 et
965 2738 1052 2794 socios
1066 2739 1134 2809 ejus,
1150 2739 1195 2809 qui
1209 2752 1294 2793 unam
1307 2739 1476 2795 voluntatem
1492 2749 1519 2796 ot
1532 2742 1720 2813 operationem

64 2836 155 2901 mine3
179 2833 284 2904 inquo
309 2842 401 2889 tamen
425 2848 480 2889 non
506 2833 576 2890 adeo
602 2834 785 2906 peccavimus,
807 2852 871 2892 oum
924 2831 951 2887 in
974 2830 1084 2887 Christo
1102 2830 1172 2886 falso
1198 2830 1366 2894 asserebant,
1399 2840 1525 2903 tompore
1548 2836 1721 2890 Constantini

20 2940 27 2953 ·
66 2929 198 2984 Romana
220 2926 342 2982 Ecclesia
360 2926 414 2998 jam
437 2943 495 2983 non
522 2927 701 2994 contradicat,
729 2928 786 2983 imo
806 2944 870 2984 cum
925 2925 1068 2996 principis,
1081 2923 1235 2996 agathonis
1244 2938 1332 2995 papae,
1345 2924 1456 2996 Georgii
1468 2925 1721 2999 Constantinopoli-

65 3028 96 3078 et
120 3021 178 3092 ipsa
204 3018 364 3092 hujusmodi
388 3019 555 3091 adjectiones
578 3019 724 3077 admittere
749 3036 803 3076 non
822 3037 867 3078 re·
921 3017 988 3073 tani.
1006 3020 1036 3073 ln
1049 3033 1105 3089 quo
1119 3017 1249 3083 concilio,
1269 3017 1399 3089 praedicto
1413 3018 1544 3082 Macerio,
1558 3018 1626 3075 dum
1639 3019 1721 3076 dam-

67 3122 149 3170 num.
887 3110 1045 3175 Gnaretur,
1069 3110 1222 3166 oratorium
1247 3108 1387 3183 [orarium]
1412 3126 1426 3165 a
1449 3109 1571 3183 quodam
1593 3112 1721 3184 episcopo

102 3208 228 3266 Tertium
247 3224 311 3264 voro
332 3208 484 3265 universale
499 3208 648 3264 concilium
669 3208 771 3281 Ephesi
787 3209 868 3266 habi·
918 3204 998 3275 jussu
1013 3203 1110 3276 synodi
1124 3202 1257 3271 aufertur,
1281 3212 1308 3258 et
1322 3204 1378 3274 ipse
1392 3219 1456 3258 cum
1477 3205 1640 3276 sequacibus
1663 3207 1721 3263 suis

64 3310 131 3359 tum
143 3312 185 3359 est
198 3317 214 3357 a
229 3317 264 3359 oo
279 3302 404 3358 Patribus
426 3310 521 3359 contra
538 3302 695 3358 Nestorium
709 3303 868 3359 Constanti·
921 3311 936 3352 a
951 3297 1056 3369 synodo
1066 3295 1183 3367 tanpiter
1195 3311 1259 3351 cnm
1271 3294 1371 3351 throno
1385 3312 1436 3353 suo
1447 3296 1562 3369 ejicitur,
1579 3297 1652 3353 utin
1666 3302 1721 3355 Ro·

65 3395 258 3468 nopolitanum
273 3397 444 3468 episcopum,
457 3395 504 3466 qui
513 3394 622 3451 dicebat
633 3397 661 3451 s.
676 3397 792 3451 Mariam
807 3398 869 3452 vaf.
921 3404 1005 3444 mano
1018 3387 1167 3460 pontificali
1182 3388 1288 3461 legitur.
1301 3390 1368 3444 Post
1377 3404 1497 3461 quorum
1508 3387 1719 3448 damnationem

64 3488 224 3563 ginemnon
235 3488 295 3555 Dei,
306 3488 355 3544 sad
364 3488 684 3544 hoministantummodo
692 3489 865 3559 genitricem,
921 3481 1017 3537 mullae
1031 3496 1192 3537 aranearum
1211 3480 1271 3537 1⁰¹ae
1287 3481 1316 3535 in
1335 3481 1460 3536 medium
1473 3480 1643 3552 deciderunt,
1659 3499 1721 3555 <ll¹ae

13 3628 29 3651 ,
65 3581 203 3639 attaliam
231 3596 374 3653 personam
395 3581 496 3649 carnis,
522 3581 604 3636 aliam
625 3580 728 3637 faceret
750 3581 867 3643 deitatis,
920 3573 1030 3629 inanem
1053 3572 1188 3629 fallaciam
1212 3573 1405 3629 haereticorum
1431 3573 1565 3647 dejectam
1579 3591 1639 3631 esse
1656 3592 1720 3648 por·

64 3688 124 3733 stra
134 3688 315 3741 occentum,
327 3683 452 3746 tempore
463 3673 611 3730 Theodosii
622 3674 753 3741 iunioris,
766 3676 795 3730 s.
809 3677 868 3732 Coe.
920 3666 1076 3723 tenderunt.
1100 3666 1202 3722 Deinde
1216 3682 1315 3723 novem
1334 3667 1370 3723 ibi
1390 3667 1479 3739 capita
1494 3668 1622 3741 leguntur
1639 3669 1721 3725 iusti-

63 3766 163 3825 lestini
176 3783 263 3839 papae,
276 3767 369 3841 cyrilli
384 3766 571 3835 Alexandrini,
584 3768 868 3823 JuvenalisConstan-
921 3767 990 3816 tuta.
1007 3760 1080 3815 Huic
1093 3758 1209 3816 coneilio
1228 3759 1310 3832 legati
1333 3759 1579 3832 sedisapostolicae
1604 3761 1718 3832 praefue-

63 3859 241 3931 tinopolitant
253 3858 526 3931 [Hierosolymitanil.
541 3861 572 3914 ln
582 3875 638 3931 qno
646 3859 762 3915 concilio
771 3868 866 3917 contra
920 3861 997 3923 runt,
1013 3852 1086 3908 inter
1099 3868 1168 3924 quos
1177 3852 1228 3908 luit
1234 3854 1355 3909 J0³1me⁸
1366 3856 1501 3910 Romanae
1516 3855 1644 3911 Ecclesiae
1655 3863 1719 3911 tutto

62 3951 226 4011 Nestorium
241 3951 387 4009 duodecim
407 3951 497 4023 capita
512 3952 637 4008 instituta
650 3961 726 4021 sunt,
740 3968 802 4024 quae
816 3968 867 4010 sae-
919 3947 1128 4014 diaconus,sed
1139 3963 1194 4003 non
1208 3947 1297 4003 multo
1308 3955 1371 4019 post
1382 3949 1558 4019 apostolicus.
1615 4011 1619 4021 Ι

61 4042 182 4119 pinsitam
204 4047 236 4101 B.
256 4045 356 4117 Cyrillo
374 4045 559 4101 ascribuntur.
574 4045 644 4100 Huic
657 4045 765 4116 synodo
785 4047 867 4119 legati
956 4043 997 4095 De
1012 4040 1249 4112 praedictisaotem
1264 4050 1382 4113 quatuor
1391 4042 1517 4097 conciliis
1528 4043 1557 4097 S.
1573 4041 1719 4114 Gregorius

62 4136 142 4199 sadis
163 4138 320 4210 apostoticae
341 4138 414 4194 idem
428 4137 555 4210 cyrillus,
570 4144 598 4192 et
610 4136 745 4193 Arcadius
757 4138 866 4210 opisco—
920 4149 989 4205 papa
999 4134 1123 4190 scribens
1136 4134 1170 4189 ad
1182 4133 1368 4189 Secundinum
1383 4149 1492 4189 sewum
1509 4134 1560 4190 Dei
1570 4133 1719 4202 inclusum,

60 4246 121 4305 pus
135 4245 169 4287 es
183 4230 263 4287 ltalia
278 4230 335 4287 vice
351 4233 379 4287 S.
398 4229 540 4287 Coelestini
556 4244 634 4301 papae
647 4229 827 4300 praefuerunt,
839 4238 866 4286 et
919 4227 1142 4283 consuetudinem
1164 4225 1247 4282 fuisse
1263 4235 1379 4282 testatur
1404 4235 1435 4282 ut
1458 4227 1572 4298 quilibet
1598 4229 1719 4283 novitius

63 4324 158 4399 msam
173 4323 323 4395 apostolica
340 4324 507 4379 auctoritate
527 4322 734 4378 roboraverunt.
750 4323 792 4379 ad
813 4323 866 4379 hoo
918 4318 1070 4392 patriarcba
1082 4317 1166 4373 seille
1180 4318 1400 4386 observaturum,
1415 4319 1499 4374 missa
1513 4319 1653 4391 synodica,
1672 4335 1719 4375 re·
1817 4306 1826 4330 X

63 4415 215 4475 eonsilium
229 4418 260 4472 B.
276 4417 448 4488 Augustinus
463 4432 510 4488 per
524 4432 632 4472 sacram
650 4414 868 4472 Theodosiiim·
924 4413 1006 4485 liquis
1039 4410 1198 4483 patriarchis
1220 4410 1404 4482 profiteretur,
1433 4419 1580 4482 antequam
1611 4411 1718 4467 abillis

62 4509 200 4586 potatoris
219 4509 350 4566 invitatus
368 4509 476 4582 legitur,
496 4509 545 4565 sed
558 4509 633 4580 prius
647 4508 705 4580 ipse
721 4509 756 4564 ad
770 4510 867 4566 Domi·
923 4507 994 4562 inter
1019 4504 1190 4578 patriarchas
1212 4504 1331 4576 reputari
1354 4510 1514 4558 mereretur.
1537 4502 1619 4559 Unde
1645 4504 1718 4559 idem

63 4617 139 4661 num
160 4602 288 4673 migravit
319 4618 404 4674 quam
432 4601 467 4659 ad
490 4603 582 4675 ipsum
608 4602 724 4673 epistola
747 4605 867 4660 Romani
921 4599 1087 4673 apostolicus
1097 4599 1127 4653 in
1141 4596 1254 4654 exordio
1270 4596 1449 4653 ordinationis
1462 4611 1530 4663 suae,
1541 4597 1623 4653 missa
1638 4612 1718 4671 syno-

25 4766 28 4771 .
62 4694 199 4771 principis
218 4695 377 4767 pervenerit.
921 4694 994 4763 dica,
1007 4692 1167 4766 patriarchis
1173 4693 1208 4747 ita
1215 4690 1353 4763 professus
1367 4698 1409 4746 est
1420 4690 1454 4746 de
1461 4689 1564 4747 eisdem
1576 4691 1715 4749 conciliis:

102 4770 239 4859 Quartum
247 4788 398 4845 universale
406 4787 552 4845 concilium
561 4786 734 4845 Chalcedone
743 4786 868 4844 habitum
926 4807 940 4841 e
958 4788 1043 4857 Sicut,
1061 4809 1074 4834 ι
1088 4785 1185 4856 inquit,
1200 4807 1212 4833 a
1227 4785 1311 4841 sancti
1327 4783 1463 4856 Evangelii
1477 4799 1509 4840 tv
1522 4785 1616 4853 libms‚
1631 4786 1671 4842 sic
1686 4802 1720 4843 tv

11 4902 15 4909 ·
62 4889 135 4941 esta
150 4896 253 4939 ncxxx
267 4882 396 4939 Patribus
406 4890 502 4938 contra
513 4879 664 4953 Eutychem
678 4881 869 4939 Constantino
922 4880 1036 4937 concilia
1050 4877 1187 4948 suscipere
1200 4887 1228 4934 et
1240 4879 1363 4935 venerari
1377 4894 1423 4935 me
1439 4877 1529 4934 fateor
1552 4880 1720 4936 :llieaenum

63 4973 222 5051 politanum
252 4974 393 5039 abbatem,
426 4974 473 5046 qui
498 4974 614 5031 asseruit
634 4974 782 5042 Christum,
806 4982 870 5045 post
922 4973 1036 5044 scilicet,
1051 4970 1383 5043 constantinopolitanum
1398 4971 1528 5043 primunr,
1548 4971 1720 5043 Ephesinum

29 5072 42 5081 “
63 5070 220 5129 itomanam
242 5069 470 5141 assumptionem,
490 5083 547 5124 non
575 5083 608 5123 ex
633 5064 739 5123 duabus
761 5067 869 5124 naturis
922 5066 1055 5138 primum,
1077 5062 1310 5132 Chalcedonense;
1325 5065 1389 5135 quia
1405 5064 1433 5120 in
1450 5064 1506 5133 bis,
1520 5066 1595 5121 velut
1609 5065 1636 5120 in
1651 5080 1720 5136 qua-

63 5161 232 5229 ooneistere,
247 5161 295 5218 sed
307 5161 395 5217 solum
410 5160 438 5216 in
451 5175 485 5216 eo
498 5159 616 5216 divinam
630 5175 800 5231 permanere,
814 5175 867 5216 aera
922 5159 1001 5215 drato
1013 5157 1112 5231 lapide,
1124 5155 1298 5213 sanotaefidei
1308 5166 1444 5214 amictura
1454 5159 1607 5228 consurgit.
1620 5159 1663 5224 Et,
1675 5173 1720 5213 cu·

10 5292 12 5297 ·
63 5269 274 5324 ooccnxxxtx,
284 5252 431 5328 [timpore]
440 5253 574 5310 Marciani
585 5253 870 5326 principis,S.Leonis
918 5252 1032 5325 Jualibet
1044 5252 1108 5308 vitae
1121 5259 1204 5323 atquc
1220 5251 1343 5307 actionis
1357 5250 1466 5317 existat,
1489 5249 1610 5321 quisquis
1624 5263 1720 5305 eorum

63 5364 157 5425 papae,
172 5348 315 5406 iuvenalis
330 5346 583 5419 Hierosolymitani,
597 5345 715 5402 Anatolii
734 5348 868 5403 Constan·
922 5346 1089 5403 soliditatem
1102 5360 1158 5401 non
1167 5352 1251 5413 tenet,
1263 5344 1372 5400 etiamsi
1381 5343 1451 5415 lapis
1464 5357 1523 5399 esse
1532 5339 1665 5410 videatur,
1680 5349 1721 5397 ta-

10 5470 16 5481 ·
64 5440 256 5514 tinopolitani.
269 5443 302 5497 ln
322 5456 377 5512 quo
390 5440 505 5496 concilio
524 5439 618 5510 viginti
631 5447 737 5511 septem
751 5455 869 5497 canones
921 5454 986 5495 men
1001 5446 1077 5495 extra
1098 5437 1246 5494 aedilicium
1258 5437 1338 5510 jacet.
1355 5437 1488 5506 Quintum
1507 5447 1616 5505 quoque
1629 5435 1722 5492 conci·

10 5546 41 5591 Ξ,-
65 5542 238 5595 mmunhu.
252 5534 327 5591 Huio
340 5532 447 5606 synodo
461 5533 542 5606 legati
556 5531 800 5605 sedisapostolicae
813 5537 866 5590 Pa·
923 5534 991 5588 lium
1006 5531 1104 5604 pariter
1118 5534 1243 5599 ieneror,
1258 5531 1350 5603 inquo
1364 5527 1490 5599 epistola,
1504 5541 1565 5599 quae
1577 5526 1634 5585 ibae
1648 5528 1719 5585 dici-
1772 5564 1832 5632 Ι

104 5746 231 5813 (ibba-e)
241 5757 409 5813 ccnmrx,
418 5740 478 5798 ride
488 5741 619 5798 Bellarm.
628 5740 675 5797 lib.
688 5745 750 5798 1De
759 5742 869 5812 concil,
921 5746 1000 5802 alios.
1015 5743 1083 5802 Vide
1095 5742 1273 5802 Anastesium
1287 5736 1419 5799 biblioth.
1431 5739 1460 5795 itt
1472 5738 1623 5811 agathone.

48 5830 95 5889 e.
121 5820 150 5884 b,
165 5813 216 5871 aad
237 5814 391 5873 Beroaldus
411 5814 537 5886 sequitur
559 5813 673 5881 Bedam,
688 5814 825 5881 Adonem,
842 5821 871 5871 et
