3870 6164
133 245 200 302 titt
309 272 320 302 -,
423 270 424 274 a
570 224 680 294 ‘an
699 236 859 293 osseis.
880 238 1041 295 onnoonu
1060 238 1276 295 ieenuoicus.
1723 231 1783 287 rus

30 384 37 391 ·
131 375 188 425 tem
208 366 260 424 Dei
285 364 375 434 (Psol.
398 368 482 429 xcv).
498 360 551 418 Sed
568 360 612 418 ille
632 364 688 419 Vas
709 361 863 428 electionis,
879 361 964 434 quiA
982 363 1057 430 (Gal.
1079 363 1118 435 ι).
1138 365 1199 420 Hoc
1216 360 1362 420 anathema
1375 373 1432 415 non
1454 357 1489 414 de
1508 353 1644 428 protense
1663 353 1784 412 nodutis

131 459 264 534 usquead
284 457 395 515 tertium
410 455 512 512 coelum
531 463 627 527 raptus
641 458 684 522 (ll
701 453 761 512 Cor.
778 459 852 522 xxx),
871 469 929 512 non
983 454 1105 526 usuario,
1127 455 1175 513 sed
1195 455 1230 512 de
1250 455 1330 511 tertio
1344 449 1464 509 intonuit
1485 448 1573 507 coelo.
1596 450 1642 504 De
1663 446 1724 503 istit
1742 465 1781 504 au·

130 552 283 612 secondum
311 549 466 618 hominem,
497 547 545 606 tad
574 564 622 621 per
648 548 842 607 revelationem
864 549 929 605 lesu
982 555 1039 615 tem
1052 550 1267 622 quitpuomutet
1280 547 1486 621 catuntius,
1500 548 1529 600 et
1543 545 1703 614 quaeruues
1716 557 1783 599 suas

131 645 230 706 Christi
252 644 432 718 Evangelium
451 656 532 700 suum
547 640 643 699 didicit
659 642 736 709 (Get.
759 646 801 711 1),
824 642 927 712 ottenb,
981 647 1110 709 staurus,
1126 644 1245 716 imtitioe
1269 642 1320 698 Dei
1333 656 1386 698 uon
1405 644 1469 697 mat
1484 637 1607 709 subiecti
1630 639 1726 703 (Rom.
1744 641 1783 705 x),

130 738 229 812 inquit,
241 741 336 795 auimo
349 739 527 810 potestatibus
538 736 740 792 sublimioribus
756 735 867 792 subdita
881 737 928 791 sit.
981 736 1143 795 fiducialiter
1155 736 1270 794 dixerim
1286 736 1501 794 :Muledimutur
1519 720 1607 804 [torte
1620 731 1784 802 maledicent]

129 837 188 892 Nou
210 835 281 888 euim
298 837 337 889 est
357 837 486 904 potestas,
501 833 555 887 nisi
576 848 593 885 a
619 833 680 886 lieo.
695 818 756 898 ¹Qui
776 834 865 885 autern
884 845 929 885 re·
981 832 1035 896 ilii,
1050 837 1077 888 et
1091 837 1121 888 tu
1139 832 1287 898 bemdiceu
1303 831 1353 902 qui
1371 830 1525 902 insurgunt
1547 828 1578 882 iu
1597 841 1656 890 ane,
1676 827 1785 892 mntem·

128 931 202 984 sistit
213 929 354 999 potestati,
367 930 417 982 Dei
435 926 603 982 ordinationi
616 926 722 981 resistit
734 927 827 991 (Rom.
839 921 927 994 xm).
961 925 1094 991 ,duetus
1115 940 1207 984 semus
1223 929 1315 981 cutem
1333 929 1395 980 tuus
1410 923 1553 978 tutabitur
1566 921 1664 987 (Psoi.
1682 923 1783 986 semu

130 1023 207 1080 Sicut
219 1021 302 1078 amici
313 1020 400 1078 nostri
415 1020 485 1076 inter
503 1019 679 1076 mulierculas
689 1025 717 1074 et
738 1016 853 1091 simplex
866 1014 927 1072 vul·
981 1018 1112 1092 quoniam
1123 1023 1169 1088 (ut
1179 1018 1230 1087 ais,
1254 1016 1381 1090 Domine)
1400 1020 1459 1074 siue
1472 1032 1518 1072 nte
1530 1015 1608 1070 nitu
1620 1015 1735 1085 potestis
1745 1017 1786 1082 [o-

130 1131 181 1189 gns
194 1116 343 1184 somniant,
367 1115 450 1188 regiae
470 1113 598 1187 potestati
620 1111 700 1170 subdi
715 1126 772 1168 non
790 1116 927 1184 oportere,
981 1116 1139 1182 certumst.
1149 1112 1407 1185 xv>:uecdcmucs
1411 1113 1531 1184 justum,
1543 1125 1611 1166 eum
1616 1108 1785 1180 judicabitur

129 1208 228 1267 ialsum
252 1225 312 1267 esse
335 1222 399 1282 ergo
421 1206 496 1280 quod
519 1221 631 1263 ornnem
654 1204 776 1261 animam
799 1201 927 1276 potestati
981 1209 1274 1281 itli1(l’sul.xxxvx).
1296 1209 1336 1263 tu
1357 1209 1416 1278 quis
1430 1221 1457 1262 es
1470 1207 1524 1277 qui
1536 1203 1658 1276 judicus
1675 1205 1785 1260 murman

130 1303 212 1361 subdi
231 1310 364 1376 oporteat.
384 1300 438 1359 Sed
457 1299 580 1373 nunquid
599 1297 706 1357 Veritas
725 1296 861 1355 mendacii
883 1311 927 1353 ar·
980 1306 1107 1360 sernum?
1119 1319 1168 1360 suo
1180 1303 1286 1359 domiuo
1295 1304 1361 1371 stat,
1374 1298 1513 1357 cutoudit
1527 1301 1720 1365 (Romus).

130 1395 239 1471 guenda
257 1399 314 1453 est?
335 1399 380 1452 An
396 1394 614 1467 experimentum
638 1407 793 1465 queramus
807 1391 866 1465 eJus
880 1389 929 1464 qui

130 1491 158 1547 in
172 1490 306 1562 apostolo
317 1488 489 1562 loquebatur,
505 1487 651 1544 Christus?
665 1488 704 1555 (li
716 1485 777 1542 Gor.
790 1490 872 1552 xxxx.)
882 1488 927 1541 An

132 1584 297 1642 emulemur
306 1580 928 1654 DominumtNunquidtortioresiliosnmust
1017 1582 1076 1638 Has
1091 1596 1158 1639 saue
1169 1581 1273 1639 litteras
1286 1579 1430 1654 predictas
1441 1594 1540 1636 comes
1552 1576 1721 1635 Ludoricus
1731 1594 1781 1636 sns-

131 1678 285 1735 Fortiorem
309 1692 340 1733 se
361 1675 474 1734 coaddit
493 1675 540 1748 qui
561 1675 611 1731 Dei
633 1673 795 1731 ordinationi
814 1673 926 1742 resistit,
981 1674 1096 1747 cipiens,
1120 1684 1216 1733 vocato
1239 1674 1275 1732 ad
1296 1690 1327 1733 sc
1346 1672 1497 1731 venerabili
1520 1671 1682 1746 Stephano,
1703 1673 1745 1746 qui
1759 1681 1781 1730 et

130 1771 259 1845 quoniam
271 1787 323 1828 uou
338 1775 377 1828 est
387 1775 515 1844 potestas,
532 1773 587 1826 uest
606 1785 624 1824 u
645 1772 707 1824 lieo.
724 1768 789 1836 Sed,
804 1765 871 1840 quid
891 1766 929 1823 ait
945 1750 969 1814 Β
983 1768 1153 1840 Horrendus,
1165 1767 1388 1827 Helverstadensi
1402 1767 1553 1841 episcopo,
1572 1781 1624 1823 eas
1634 1765 1741 1823 tradidit
1751 1766 1780 1823 le

130 1866 276 1939 propheta!
292 1866 502 1934 confunduntur
515 1880 602 1921 omues
617 1864 667 1936 qui
682 1867 807 1935 pugnaui
826 1862 928 1918 aduu-
980 1862 1095 1937 gendes,
1113 1863 1271 1939 rogavitque
1285 1879 1351 1920 enm
1365 1871 1517 1936 quatenus,
1533 1859 1583 1919 his
1600 1859 1720 1934 diligenti
1730 1877 1778 1917 exa

131 1950 192 2019 sum
205 1966 242 2027 te,
261 1962 388 2030 Dumium
413 1963 439 2016 et
454 1959 586 2032 peribunt
599 1960 655 2015 oiri
667 1957 716 2029 qui
733 1959 862 2013 resumat
877 1955 930 2012 tibi
979 1956 1131 2016 minatione
1144 1957 1305 2031 perspectis,
1321 1955 1403 2031 juxta
1421 1955 1571 2013 rationem
1586 1955 1706 2014 tentatis
1723 1971 1777 2012 ooo·

1194 1441 1272 1500 Finis
1285 1441 1417 1515 Epistola
1427 1439 1601 1498 Waltrami.

130 2057 212 2122 (isai.
226 2059 303 2122 ιιι).

166 2148 341 2223 Rodolplrus,
361 2147 573 2218 Hildebrandus,
599 2145 778 2222 Eggebertus,
800 2153 828 2204 et
847 2145 928 2202 innu-

80 2251 84 2257 '
130 2244 199 2301 meri
214 2242 361 2317 principes,
381 2244 429 2299 Dei
444 2241 608 2298 ordinationi
624 2241 652 2297 in
667 2240 796 2298 Heinrico
809 2240 928 2312 impera·

130 2346 192 2395 tore
206 2336 373 2394 restiterunt.
394 2338 427 2391 Et
440 2350 515 2403 ecce,
529 2334 606 2406 quasi
630 2349 687 2390 nou
709 2332 822 2401 fuerint,
840 2333 929 2404 perie-

131 2431 283 2501 suntquis
299 2428 421 2501 proiecto
436 2442 547 2483 necesse
559 2434 600 2482 est
611 2426 715 2483 malum
729 2424 813 2482 luisse
826 2426 928 2499 prinei-

132 2523 220 2597 pium,
236 2537 354 2595 quorum
375 2520 437 2577 linis
456 2520 592 2594 pessimus
611 2519 774 2576 subsecutus
787 2527 836 2576 est.
851 2523 930 2584 Nunc

132 2632 208 2689 ergo,
223 2614 352 2689 qnoniam
364 2613 412 2687 qui
426 2629 461 2671 ex
476 2612 591 2671 adverso
611 2622 687 2682 sunt,
701 2612 759 2671 suis
782 2613 928 2672 adeersum

131 2725 182 2768 nos
205 2709 314 2768 eminus
340 2707 522 2785 digladiantur
543 2706 811 2776 rodocioatiouibus3
838 2715 929 2766 vestro

131 2804 247 2878 judicio,
260 2803 306 2860 ubi
316 2802 373 2876 jus,
387 2804 428 2859 vel
445 2802 527 2860 etiam
541 2801 570 2858 in
580 2810 670 2859 vestro
682 2800 786 2876 Judieio
799 2817 928 2860 consera-

12 2906 20 2922 '
133 2916 207 2970 mus,
220 2898 359 2956 domicilio
381 2906 488 2955 motum
500 2912 555 2954 non
571 2911 622 2954 suo
636 2896 771 2962 usurario,
788 2895 838 2954 sed
851 2897 929 2955 Chri-

984 2070 1053 2128 grua
1073 2053 1194 2112 obviaret
1207 2053 1396 2127 responsione,
1408 2061 1436 2110 et
1458 2052 1593 2126 lingnam
1606 2051 1774 2126 umbrosu-

984 2149 1029 2216 tis,
1052 2164 1082 2205 os
1096 2163 1206 2223 quoque
1226 2148 1319 2221 iniqua
1340 2146 1509 2221 proterentis
1523 2155 1633 2204 contra
1647 2146 1771 2220 mabam,

983 2243 1144 2300 auctoritate
1165 2243 1250 2299 sancti
1270 2243 1400 2315 Spiritus,
1420 2249 1450 2298 st
1481 2240 1651 2299 testimonio
1671 2240 1775 2314 Scripti-

984 2351 1077 2392 rarum
1098 2336 1263 2405 obstrueret,
1275 2351 1310 2392 na
1322 2334 1440 2407 amplius
1453 2342 1560 2410 contra
1580 2334 1725 2392 Ecclesam
1735 2333 1776 2389 bei

984 2429 1098 2487 latratus
1121 2429 1257 2503 proferret
1283 2430 1405 2497 insanos,
1428 2437 1459 2485 et
1482 2428 1609 2485 fureret.
1634 2427 1777 2486 Venembilis

983 2531 1075 2580 autern
1086 2524 1242 2597 episcopus,
1256 2521 1407 2582 secundnm
1421 2521 1601 2595 petitionem
1615 2522 1720 2580 maritis
1729 2537 1776 2578 ms·

983 2617 1069 2690 ceptis
1090 2618 1196 2687 littaris,
1218 2633 1250 2674 ec
1268 2617 1389 2690 diligenti
1403 2616 1620 2675 examinatione
1642 2617 1778 2690 perspectis,

982 2719 1080 2769 vocato
1094 2712 1214 2783 notario,
1235 2710 1380 2786 epistolam
1399 2709 1529 2783 dictavit,
1557 2711 1590 2767 in
1606 2727 1659 2784 qus
1679 2711 1780 2784 primun

983 2804 1173 2879 prescriptum
1195 2807 1365 2863 valtramum
1379 2804 1552 2878 episcopum
1568 2804 1730 2864 hemum
1747 2805 1780 2862 Si·

983 2900 1141 2958 moniacam
1155 2900 1313 2975 redarguit,
1323 2915 1416 2973 regem
1427 2900 1522 2957 etiam
1535 2900 1706 2958 Heinricum
1712 2899 1782 2956 hare

131 2994 165 3050 sti
180 3002 208 3050 et
225 2992 400 3065 anuquorum
412 2994 528 3048 Petrum
537 2998 650 3047 utamur
659 2990 828 3047 testimonio.
842 2994 883 3048 Ac
893 3006 929 3048 ne
981 2993 1069 3051 ticum
1084 3002 1111 3051 et
1125 2993 1404 3061 excommunicatum,
1427 2993 1559 3067 ideoque
1573 3011 1629 3053 nec
1647 3010 1732 3070 amem
1749 2993 1781 3048 di-

133 3086 201 3144 torte
220 3095 373 3156 recusetur,
394 3085 437 3143 lex
452 3084 535 3157 huJus
547 3092 606 3142 esto
631 3083 796 3154 certaminis,
819 3083 860 3141 vel
882 3100 928 3143 me
982 3086 1101 3145 cendum
1118 3087 1327 3162 comprobavit,
1343 3086 1525 3162 episcopatus
1540 3105 1600 3164 pro
1616 3089 1732 3163 pentum,
1744 3105 1784 3161 prs

941 3135 965 3202 G

51 3182 54 3191 '
131 3181 159 3237 in
182 3183 345 3253 populorum
366 3179 484 3237 transire
508 3178 681 3247 sententiam,
705 3177 746 3233 tel
770 3193 802 3235 ex
832 3188 928 3236 nostro
983 3181 1083 3254 gladio,
1100 3198 1150 3254 pro
1173 3181 1317 3252 adulterio,
1338 3196 1388 3254 pro
1410 3181 1603 3242 sodomitica
1623 3183 1784 3241 immunditia

9 3306 14 3313 .
132 3272 273 3346 triumpho
291 3289 337 3331 vos
356 3273 479 3330 Domino
493 3279 588 3330 nostm
606 3271 764 3343 imperatori
778 3271 929 3330 lucrifacia-
984 3275 1146 3332 vendentem
1159 3274 1319 3334 declaravit.
1341 3275 1395 3333 Sed
1416 3276 1511 3347 ipsius
1529 3277 1600 3350 jam
1613 3278 1781 3352 epistolares·

133 3380 205 3423 mus.
221 3366 387 3422 attendatur
401 3372 430 3420 et
442 3363 508 3420 illud
522 3382 529 3422 t
544 3366 576 3422 Si
594 3367 654 3436 ques
667 3366 746 3422 aliter
763 3369 932 3437 evangelizat
984 3376 1030 3426 tus
1056 3376 1220 3442 exponatur,
1240 3377 1272 3426 ut
1295 3368 1369 3426 iliius
1391 3369 1569 3428 venerabilis
1591 3373 1643 3428 viri
1664 3371 1743 3428 terror
1759 3370 1783 3423 in

131 3465 229 3531 preter
243 3461 314 3531 quod
334 3459 546 3530 evangelizatum
563 3463 602 3515 est
623 3460 707 3524 uobis,
731 3461 876 3518 anathemo
895 3465 931 3518 sit
984 3471 1081 3521 tenore
1091 3462 1203 3536 justitiae
1217 3471 1388 3538 agnoscatur.

511 3721 800 3868 sersaoni
834 3774 1126 3872 iunctior
1160 3775 1405 3872 conius

728 4094 1199 4214 susanam

670 4304 1040 4372 Haueausuausltsts
1060 4309 1248 4375 EPISCOPl.

268 4452 275 4459 .
291 4460 304 4499 t
669 4474 673 4481 .
842 4459 1072 4476 --

171 4580 269 4638 Conres
279 4580 459 4639 Lunovrcns
472 4577 588 4637 domino
603 4579 783 4652 vanamne,
798 4582 930 4657 quidquid
944 4589 970 4653 Ι)
985 4585 1115 4657 tetigere,
1128 4589 1160 4641 ut
1175 4584 1237 4642 bene
1247 4588 1350 4656 aguet,-
1364 4584 1548 4656 incautiorem
1562 4589 1717 4647 mediatis
1730 4593 1794 4645 atei

136 4672 184 4727 tali
197 4674 327 4730 vocabulo
339 4674 457 4748 dignum
478 4682 529 4732 est.
987 4686 1070 4743 cubili
1081 4700 1129 4742 suo
1139 4673 1228 4754 (Ptol.
1243 4690 1346 4756 xxxv).
1355 4684 1494 4756 Quamvis
1503 4702 1578 4764 ergo
1592 4698 1731 4764 quanmm
1746 4705 1796 4763 per·

171 4766 247 4822 Sicut
270 4766 358 4824 bonus
378 4767 464 4827 homo
483 4768 517 4826 de
538 4768 612 4825 bono
626 4769 756 4828 thesauro
778 4769 870 4829 cordis
889 4773 932 4830 sul
984 4802 1089 4857 versus,
1113 4792 1221 4842 tanum
1252 4800 1378 4859 perversa
1401 4784 1518 4845 locutus
1551 4790 1606 4859 sis,
1633 4807 1688 4849 nos
1715 4800 1797 4848 mmet

136 4859 243 4932 prolcrt
259 4859 374 4932 bonum,
394 4863 431 4920 ita
445 4863 536 4921 malus
548 4863 634 4922 homo
654 4864 691 4922 de
711 4864 786 4923 malo
804 4864 932 4924 thesauro
985 4885 1025 4942 015
1048 4891 1144 4941 nostm
1172 4881 1327 4941 custodum
1343 4897 1444 4956 ponem
1463 4881 1671 4961 deu-emm,
1685 4895 1714 4948 „g
1731 4887 1796 4947 ,put

135 4953 240 5028 profert
250 4953 480 5023 malumfflottlu'
490 4960 627 5030 x113Luo.
640 4962 698 5026 vx).
709 4958 792 5017 Unda
800 4959 848 5017 tibi
857 4969 932 5018 mnes
985 5000 1059 5054 mm,
1074 5001 1139 5044 cum
1152 4985 1315 5045 mmmm,
1330 4994 1457 5059 mm„
1469 4988 1637 5050 ,dmum
1656 5008 1712 5052 m
1724 4990 1797 5064 (M

135 5049 290 5123 arrogantia
312 5055 345 5106 ut
364 5063 410 5105 me
430 5050 465 5108 ad
482 5050 701 5125 indignationem
714 5061 773 5111 tam
793 5053 933 5128 injuriosis
985 5088 1136 5161 num
1159 5087 1211 5147 Sed
1231 5088 1331 5147 mim
1350 5103 1401 5147 ως
1422 5103 1522 5150 „mo
1535 5092 1669 5166 dimus,
1692 5094 1796 5154 dium.

1347 5190 1499 5250 bem

133 5332 258 5404 guinem,
268 5331 373 5391 similes
387 5333 506 5401 Satanae,
528 5331 638 5407 oblique
647 5336 780 5407 appellas,
792 5337 933 5395 etmonitn
983 5296 1061 5365 pm
1074 5292 1201 5409 ”affatur
1214 5296 1309 5409 <Q
1328 5296 1429 5409 ξω·
1442 5294 1588 5372 Nunquffl
1604 5301 1687 5360 enim
1698 5300 1799 5361 {mim

134 5420 239 5495 salutis,
263 5441 325 5499 quae
345 5435 508 5502 suggerunt,
528 5426 603 5484 inter
624 5429 801 5487 mulierculas
822 5440 851 5490 et
863 5431 932 5491 sim·
986 5395 1155 5470 mmm
1180 5405 1209 5455 ⁰⁸
1228 5403 1359 5472 “mmm
1379 5395 1585 5458 ⁰bm¹¹¹⁸⁸oeff
1605 5403 1746 5478 quuid
1765 5403 1796 5460 ¹⁰⁴

135 5520 197 5593 plex
219 5520 313 5592 uilgus
330 5522 468 5580 somniare
488 5520 564 5579 dicis.
585 5523 717 5596 Nunquid
731 5528 805 5583 Deus
827 5526 934 5600 indiget
986 5507 1088 5574 ‘lum‘
1101 5498 1290 5571 m⁰⁰d⁸⁰i¹¹m2
1309 5509 1337 5559 ⁰¹
1354 5500 1456 5559 ’πίω
1469 5502 1590 5563 ’ΜΠ
1611 5507 1753 5584 numid
1765 5516 1794 5563 η’

15 5596 24 5607 ’
134 5621 183 5669 tuo
201 5612 318 5686 judicio,
331 5622 363 5671 ut
377 5631 426 5688 pro
446 5615 492 5673 illo
512 5615 634 5689 loquaris
647 5616 744 5676 dolosi
759 5619 863 5679 Docuit
879 5621 940 5696 ini·⁴
985 5604 1078 5663 nebi&
1087 5604 1794 5677 Wiemimmtetfflmissffimorietuttlw

39 5758 67 5783 ὦ
79 5702 86 5783 Ἰ
133 5706 225 5779 quites
247 5723 279 5764 os
300 5715 390 5779 mum,
413 5715 441 5766 et
460 5709 578 5768 imitaris
592 5710 715 5784 linguam
737 5713 930 5786 blaspheman-
986 5710 1036 5765 luc
1050 5712 1080 5765 io
1092 5710 1208 5768 tenebris
1219 5711 1297 5780 lucet,
1314 5714 1339 5768 et
1351 5711 1468 5769 terebro
1480 5728 1544 5772 catu
1554 5730 1622 5777 nott
1631 5716 1792 5793 marpesia

149 5799 217 5869 nm,
230 5798 266 5856 ita
280 5809 312 5858 ut
330 5810 406 5861 recte
418 5801 455 5860 de
469 5811 497 5862 te
509 5803 583 5862 dicat
602 5804 758 5878 Propheta:
777 5808 872 5867 Noluit
885 5811 931 5867 tu·
986 5811 1084 5871 mmet
1098 5813 1190 5884 (icam
1212 5815 1252 5885 ι).
1273 5813 1333 5884 Qtra
1352 5814 1582 5879 consumeitdo
1596 5822 1742 5882 meminit
1752 5832 1791 5877 mr
