3870 6164
139 257 207 313 som
638 251 684 306 an
703 204 816 305 onnus
835 249 862 303 s.
883 245 1044 303 canantur
1063 224 1279 303 snennnrcss.
1723 242 1784 297 ross

137 379 350 450 mentum,quod
359 392 410 447 per
424 375 605 431 illumdatum
618 372 931 444 estinaliieperfectio-
948 373 1110 438 Allicaenis
1138 370 1264 427 Patribus
1294 375 1383 424 ratam
1400 381 1460 424 esse
1486 363 1627 438 probarit,
1641 380 1707 420 cum
1726 379 1785 421 enm

137 489 198 529 nem
211 468 738 534 suauirtutisobtinuiteiantemobfuit
753 466 834 539 (963).
847 466 934 536 [Qtnd
984 483 1042 524 non
1064 464 1277 524 reordinandum
1288 477 1347 520 esse
1357 460 1498 534 judicavit,
1515 458 1566 517 sed
1586 466 1733 530 acceptum
1743 474 1785 514 or-

137 582 197 621 cum
211 569 251 619 ita
264 567 310 626 sit,
324 561 665 632 editom.]aliquorumin
678 566 822 616 tantumse
842 569 933 617 eaten-
986 562 1079 619 dinem
1108 559 1298 617 administrare
1330 556 1510 628 permitteret.
1541 556 1614 610 item
1647 553 1784 608 liicaenum

137 655 936 729 ditcuricsasuspicio,utimaqinentur‚prolatoapnpaFe·
986 656 1132 713 concilium
1159 654 1272 711 clericos
1290 641 1506 708 donatianorum
1530 662 1600 704 cum
1622 645 1723 703 ordine
1743 660 1784 701 re-

136 749 935 820 licejudicio‚posteainesfiaaciterinsamamentisquaericn-
986 751 1069 822 cepit.
1084 748 1184 806 Itidem
1199 745 1358 803 Africanum
1379 742 1527 800 concilium
1548 741 1587 799 de
1613 739 1723 796 clericis
1735 740 1783 794 lto-

136 843 196 899 cius
207 846 360 913 usurpauit,
375 842 638 912 eqnse3acproindc
653 842 786 913 [perinde
797 841 837 896 sic
847 843 931 896 Rom.
987 845 1152 900 natistarum
1174 840 1248 908 iecit,
1272 838 1399 895 videlicet
1419 845 1451 893 ut
1470 833 1642 892 reconciliati
1667 830 1782 889 ordinem

135 935 191 1004 ed.]
219 952 261 992 eos
282 942 402 992 metuere
420 939 470 1007 qui
491 936 533 991 vel
560 937 591 990 in
613 935 867 1002 damnationibus,
893 934 935 988 uel
988 938 1090 994 utiliter
1102 933 1333 998 administrarent,
1359 946 1442 1003 quem
1456 938 1532 985 extra
1557 925 1715 984 Ecclesiam
1736 940 1782 979 stne

135 1032 167 1086 in
182 1031 344 1101 baptismate
359 1032 488 1099 mysteria
501 1030 605 1084 tradita
614 1032 799 1097 susceperunt.
812 1030 935 1083 neirrita
987 1031 1098 1098 ellectu,
1126 1028 1179 1085 hoc
1200 1037 1242 1084 est
1271 1027 1329 1083 sine
1361 1026 1450 1081 salute
1472 1023 1586 1091 animae,
1614 1021 1678 1077 imo
1703 1020 1780 1091 perni-

137 1126 359 1194 batetlsiadiuina
365 1123 520 1186 uideantur,
526 1124 708 1192 meminerint,
716 1123 747 1176 in
756 1122 824 1176 lanc
828 1127 935 1192 partem
988 1125 1062 1180 ciose
1073 1121 1265 1194 percepissent.
1279 1119 1354 1175 Hinc
1377 1119 1410 1174 B.
1429 1116 1602 1190 Augustinus
1617 1113 1742 1171 scribens
1752 1112 1780 1168 ad

136 1235 242 1291 quoque
257 1218 317 1286 [bac
334 1231 437 1287 quoque
449 1221 540 1289 parte,
555 1214 599 1272 ed.
619 1217 717 1284 Rom]
728 1216 854 1270 similiter
878 1220 935 1270 tra·
987 1215 1160 1273 Boniiacium
1170 1215 1205 1271 de
1218 1213 1323 1271 clericis
1332 1211 1543 1270 Donatistarum
1554 1208 1700 1266 conamus
1715 1208 1779 1265 :sm

138 1317 241 1368 etatum
254 1311 401 1383 manutere
413 1311 585 1379 superiorem,
601 1310 668 1379 quio
677 1324 732 1363 non
745 1310 802 1363 sine
816 1323 936 1379 usurpa·
989 1311 1091 1384 inquit,
1105 1313 1136 1366 in
1150 1311 1267 1365 Ecclesia
1282 1309 1385 1375 clami,
1400 1309 1458 1362 sint
1478 1305 1600 1376 episcopi
1610 1303 1730 1370 utiliter,
1742 1303 1779 1373 qui

137 1407 211 1462 timec
224 1405 368 1461 sacerdotii
384 1403 558 1473 adjudicatus
573 1403 620 1457 boe
646 1404 704 1472 epit
715 1421 723 1468 ;
735 1403 765 1456 in
777 1418 832 1473 quo
846 1404 936 1458 virtu·
989 1409 1081 1460 sonim
1093 1404 1292 1470 illuminarunt
1305 1400 1445 1455 hostiliter.
1455 1400 1563 1455 Omnes
1576 1411 1647 1452 saue
1661 1393 1778 1468 ejusmodi

137 1503 190 1555 tem
201 1514 278 1554 utam
289 1497 474 1552 obtinentibus
487 1497 632 1566 mysteriis,
647 1497 678 1549 in
691 1496 849 1565 ltocqucque
859 1495 934 1564 aliis,
989 1496 1146 1563 sententias,
1159 1510 1221 1569 qnae
1233 1493 1466 1551 consecrationem
1486 1490 1557 1547 ioris
1573 1490 1680 1546 iactam
1693 1489 1720 1544 in
1729 1497 1778 1543 tan-

137 1608 185 1648 rea
202 1592 258 1647 sibi
267 1606 386 1661 persona
398 1605 452 1645 non
466 1591 565 1644 nocuit.
581 1591 650 1647 Nom
673 1589 710 1643 ad
729 1588 808 1643 illum
817 1590 937 1658 pertinet
990 1599 1050 1647 tum
1074 1588 1209 1646 damnant
1222 1596 1253 1645 ut
1280 1602 1341 1644 eam
1359 1585 1484 1643 nonnisi
1499 1583 1716 1641 damnationem
1732 1581 1776 1637 sire

139 1687 290 1756 [pertinuit
305 1684 349 1740 td·
374 1684 468 1751 ΗΘΜ]
483 1682 555 1753 111οἅ
577 1682 643 1737 iuba
657 1681 792 1738 Dividit
811 1684 935 1750 canum,-
991 1685 1205 1743 exsecrationem
1219 1689 1245 1739 et
1257 1680 1478 1738 maledictionem
1488 1678 1598 1745 dicant,
1614 1692 1677 1732 non
1690 1674 1723 1732 ad
1732 1675 1775 1746 ipsa

140 1781 332 1837 Verumtamen
354 1780 421 1833 Deus
445 1776 635 1847 mumussubit
648 1778 740 1847 cupita
761 1776 936 1830 intentionum
954 1760 1173 1846 Bsacramenta,
1187 1776 1237 1833 sed
1249 1774 1284 1832 ad
1298 1773 1427 1833 ellectum
1446 1788 1546 1830 eorum
1560 1766 1774 1844 congruenciam

137 1888 257 1941 morum,
270 1873 393 1928 ominem
407 1871 502 1941 capilli
516 1869 765 1940 perambulantium
777 1871 807 1923 in
828 1870 933 1924 deliciis
988 1890 1060 1942 mus,
1086 1887 1121 1928 ne
1147 1870 1242 1927 eadem
1264 1876 1436 1926 sacramenta
1461 1865 1615 1923 ersuiilare
1638 1862 1774 1929 videamur,

66 1952 70 1973 ⁹
137 1964 191 2034 [ed.
206 1968 303 2033 Rome
314 1965 428 2031 delitlss]
439 1966 495 2018 ³1⁴ss
510 1964 592 2028 (Pisi
608 1965 715 2032 uult).
730 1965 799 2021 Num
807 1963 935 2032 superbia
987 1982 1050 2040 quae
1071 1964 1158 2022 sancti
1175 1966 1270 2020 Patres
1302 1962 1332 2018 in
1345 1959 1512 2018 inconversis
1531 1959 1645 2031 integra
1667 1971 1721 2013 me
1738 1954 1775 2012 do

136 2074 240 2128 semper
258 2058 322 2120 sibi,
346 2072 398 2112 non
412 2057 474 2111 aliis
488 2058 558 2123 tacit
575 2057 700 2122 ruinam,-
718 2055 790 2127 quod
804 2057 934 2110 uniuema
988 2067 1112 2125 atterunt,
1125 2072 1191 2114 cum
1204 2070 1351 2113 conuersos
1369 2069 1427 2110 non
1444 2051 1657 2122 reordinarent,
1671 2047 1776 2106 redieris

137 2152 343 2221 Scripturarum
370 2153 486 2205 testatur
503 2149 658 2205 auctmitas.
692 2149 767 2205 Sicut
786 2150 867 2204 etiam
884 2163 935 2219 pet·
987 2161 1133 2225 acceptum
1147 2150 1272 2208 ordinem
1280 2146 1474 2205 administrare
1487 2145 1695 2218 permitterent

39 2228 55 2294 ¹.
137 2245 271 2314 Spiritum
279 2247 402 2299 sanctum
411 2242 514 2296 dicitur
522 2242 686 2312 inpropbeta
698 2260 707 2293 .·
723 2243 784 2297 Non
796 2241 935 2297 imbitabit
1024 2245 1094 2301 lllnd
1108 2258 1216 2316 quoque
1228 2246 1300 2310 (tsi)
1313 2240 1386 2314 quod
1402 2241 1434 2296 B.
1446 2220 1576 2312 Pelagius
1591 2254 1664 2311 papa
1672 2235 1775 2293 sentens

140 2340 170 2392 ²⁴²¹
187 2337 276 2392 mtdw
289 2337 383 2392 domus
408 2350 474 2390 ΜΒ
487 2336 536 2405 qui
548 2336 618 2402 taut
628 2334 785 2405 superbiam
795 2336 877 2401 (Psal.
895 2339 933 2401 c).
987 2339 1139 2396 illustribus
1152 2337 1229 2404 viris,
1244 2335 1350 2393 viatori
1366 2342 1394 2390 et
1409 2333 1567 2399 Pancratio,
1579 2331 1653 2388 dicit
1672 2350 1679 2385 r
1692 2330 1774 2401 coquus

144 2431 219 2487 Unde
241 2445 300 2484 eum
322 2429 378 2483 sibi
394 2427 542 2483 scandatis
559 2443 654 2482 nomm
677 2428 854 2482 uindicauerit
876 2444 935 2483 con·
988 2435 1161 2489 Domininan
1171 2445 1236 2500 esse,
1251 2429 1521 2500 quodscltismaticus
1532 2428 1654 2497 mnttcit,
1669 2424 1707 2481 ita
1721 2438 1774 2478 oon·

138 2524 290 2591 demontus,
308 2524 339 2577 in
363 2523 448 2592 ipsius
461 2523 586 2576 uerticem
596 2522 728 2591 superbie
754 2525 843 2576 tumor
864 2523 935 2591 iudi·
989 2542 1055 2600 grue
1068 2523 1238 2595 intelligitur,
1252 2532 1284 2579 ut
1297 2521 1347 2593 ipsi
1360 2536 1416 2577 non
1428 2521 1463 2576 sit
1472 2535 1579 2593 corpus
1592 2517 1704 2576 Domini
1716 2514 1775 2573 elie·

137 2621 195 2673 ctus
208 2621 261 2685 est,·
286 2618 412 2686 quianon
422 2615 548 2685 populus,
557 2617 605 2685 qui
618 2616 813 2672 imministeriis
829 2614 937 2685 [mgste
989 2620 1074 2685 clive,
1088 2619 1182 2675 sicute
1193 2615 1331 2673 contrario
1355 2615 1381 2671 iu
1395 2614 1479 2670 missa
1493 2622 1596 2669 oratur
1609 2628 1627 2668 a
1642 2609 1776 2671 moerdam

137 2713 198 2777 riis,
214 2708 258 2766 ed.
273 2712 370 2777 Rom]
384 2709 484 2763 donum
496 2710 582 2778 ipsius
596 2696 854 2775 studuissemus
868 2713 906 2764 est
925 2726 936 2763 .·
989 2722 1020 2769 ut
1042 2715 1094 2783 pat
1105 2712 1181 2767 nobis
1204 2724 1301 2781 corpus
1320 2709 1447 2778 bomini,
1461 2706 1596 2763 videlicet
1618 2703 1777 2763 adsalutem

137 2804 184 2859 sed
198 2805 291 2858 anima
313 2803 370 2858 sola
385 2803 447 2870 illa,
471 2818 531 2872 qua
550 2806 714 2872 peccarant,
737 2802 937 2873 iustoiudicio
990 2806 1103 2861 animae.
1120 2803 1192 2860 iiinc
1206 2811 1233 2858 et
1249 2810 1359 2858 sanctus
1371 2800 1524 2875 Gregorius
1535 2798 1566 2855 in
1583 2799 1660 2856 Diei.
1673 2797 1738 2854 libro
1749 2809 1776 2851 rr

135 2899 256 2968 propria
269 2897 353 2966 culpa
367 2900 427 2951 erat
441 2896 568 2950 aemuia.
991 2897 1061 2972 (cap.
1087 2902 1135 2964 tii)
1153 2915 1160 2953 :
1178 2899 1260 2960 iuna,
1282 2895 1381 2967 inquit,
1403 2910 1463 2950 uere
1475 2909 1527 2965 pro
1546 2895 1629 2949 nobis
1642 2894 1724 2949 basim
1734 2894 1776 2947 ileu

175 2992 245 3045 item
259 2989 355 3045 beatus
365 2987 536 3061 Augustinus
544 2988 691 3044 Vincentio
705 2988 860 3044 Donatista
868 2988 935 3044 scri·
991 2996 1052 3061 erit,
1074 3008 1134 3048 cum
1156 3006 1203 3045 nos
1224 2992 1293 3060 ipsos
1309 2988 1425 3044 bosnam
1439 2989 1597 3054 fecerimus.
1613 2988 1665 3043 Est
1677 2984 1776 3058 quidem

139 3083 206 3139 bens
221 3101 227 3138 :
242 3084 375 3147 Ecclesia,
395 3081 497 3154 inquit,
511 3083 678 3136 suntomnt'a
691 3086 865 3137 sacramenta
880 3085 935 3136 ilo·
952 3102 975 3165 c
990 3087 1074 3144 etiam
1108 3083 1297 3157 peccatoribus
1328 3090 1355 3137 et
1383 3080 1492 3153 indigne
1517 3078 1695 3136 sumentibus
1725 3090 1776 3131 rem

138 3176 375 3246 ministraturis
395 3174 501 3229 habetis
513 3179 537 3229 et
557 3174 639 3243 datu,
655 3175 784 3244 quomodo
798 3173 935 3230 habebun-
990 3177 1091 3239 Christi
1119 3191 1194 3247 caro,
1218 3173 1491 3248 verusquesanguis3
1507 3173 1558 3230 sed
1584 3171 1713 3239 essentia,
1729 3184 1777 3226 non

138 3274 184 3325 tur
195 3275 222 3326 et
235 3269 371 3325 dabuntur
384 3270 470 3323 etium
497 3272 642 3338 antequam
655 3269 719 3324 lude
738 3270 860 3324 exiretis.
875 3269 935 3325 Non
988 3271 1090 3330 salubri
1101 3268 1259 3327 efficientia.
1283 3271 1325 3324 De
1343 3266 1454 3335 ellectu,
1470 3266 1600 3339 inquam,
1615 3261 1775 3325 sacramenti.

136 3368 228 3418 tamer
241 3363 299 3419 idea
313 3378 367 3418 non
387 3361 491 3417 bebetis
502 3362 574 3432 quod
587 3376 640 3416 non
660 3364 723 3417 estis
735 3362 775 3416 ibi
787 3361 859 3417 unm
872 3366 936 3417 sunt
990 3382 1046 3422 non
1066 3364 1101 3421 dc
1126 3365 1186 3436 ipso
1207 3369 1378 3419 sacramento
1393 3360 1460 3417 illud
1478 3359 1589 3417 dictum
1604 3364 1777 3433 competenter

138 3472 198 3527 qua
211 3456 325 3512 bebetis.
345 3459 377 3510 Et
391 3463 552 3527 postpauca
567 3473 576 3508 .·
590 3455 734 3510 Nobiscum
747 3457 810 3512 estas
823 3457 935 3526 insum·
988 3460 1208 3531 interpretamur,
1228 3471 1264 3512 ne
1276 3456 1357 3512 beato
1371 3453 1526 3528 Augustino
1541 3450 1774 3511 contradicerent

139 3550 207 3619 ⁶⁰1⁰,
222 3552 251 3604 t'n
267 3551 408 3619 baptimo,
422 3551 452 3603 in
465 3551 566 3603 minis
580 3550 755 3603 sacramentis
768 3566 777 3602 .·
791 3551 821 3603 in
834 3550 935 3619 spiritu
988 3552 1113 3610 deamur.
1132 3550 1184 3623 Qui
1199 3549 1310 3607 Eleusin
1323 3558 1351 3604 et
1364 3546 1636 3621 iclicigrammatico
1660 3544 1775 3607 scribes¹
1819 3586 1821 3593 ·

139 3646 229 3696 autem
242 3643 359 3695 unitatis
371 3645 397 3696 et
411 3642 518 3695 uinculo
528 3643 621 3711 pacis,
636 3644 666 3695 in
680 3644 746 3714 ipsa
760 3643 875 3714 denique
889 3658 934 3698 oa·
988 3645 1071 3702 edam
1091 3643 1251 3701 Donatistis
1262 3649 1291 3697 et
1319 3642 1345 3697 in
1360 3640 1533 3698 dissensione
1558 3649 1588 3697 et
1600 3643 1631 3698 in
1649 3638 1775 3697 scltismate

140 3733 241 3789 tbolieo
253 3733 372 3789 Ecclesia
379 3734 516 3788 uobisnnn
534 3737 677 3790 nonestis.
988 3737 1142 3794 sacriilcare
1152 3744 1278 3794 testatur.
1292 3735 1371 3792 Idem
1385 3734 1421 3791 ad
1438 3732 1620 3791 Boniiacium
1634 3753 1643 3791 r
1657 3732 1775 3795 Haradu,

174 3824 229 3881 Sed
242 3826 287 3882 het
301 3824 447 3881 sententiae
463 3823 513 3881 etsi
535 3824 667 3892 diversae,
680 3843 695 3882 a
710 3827 827 3884 veritate
840 3836 933 3884 tamen
988 3831 1087 3904 inquit,
1098 3847 1150 3887 non
1163 3835 1290 3901 quarunt
1302 3830 1438 3902 Spiritum
1448 3832 1579 3884 sanctum
1593 3832 1653 3905 nesi
1665 3832 1695 3885 in
1711 3826 1775 3885 ini·

139 3918 249 3976 dentre
265 3931 402 3988 nusquam
419 3916 581 3987 probantur,
597 3917 618 3973 si
632 3928 819 3990 competenter
833 3920 937 3976 intelli·
987 3927 1026 3980 sti
1036 3940 1151 3995 carpam,
1167 3923 1243 3994 cujus
1255 3921 1355 3978 tabem
1368 3923 1437 3989 soris
1448 3928 1669 3988 sacamentum,
1682 3920 1774 3978 sedres

138 4018 249 4085 gantur,
261 4009 389 4067 videlicet
401 4009 424 4066 si
435 4009 589 4082 superiores
599 4012 743 4067 sententiae
757 4012 792 4068 ad
801 4011 934 4070 eflectum
988 4020 1076 4088 ipsam
1086 4021 1237 4073 contenent
1247 4018 1332 4080 intus,
1345 4015 1422 4085 crq‘us
1433 4015 1504 4070 illud
1515 4021 1559 4071 est
1581 4020 1773 4077 samamasttfl,

137 4103 268 4176 baptismi
282 4102 450 4172 referantur,
465 4101 512 4175 qui
528 4118 667 4176 nusquam
681 4120 741 4161 esse
756 4120 836 4177 posse
857 4114 934 4163 extra
988 4117 1013 4167 et
1031 4112 1091 4167 ideo
1113 4109 1167 4167 sibi
1183 4111 1321 4182 judicium
1347 4110 1517 4166 manducant
1539 4116 1567 4166 et
1589 4111 1704 4178 bibunl3
1722 4119 1775 4164 urst

137 4197 289 4255 Ecclesiam
304 4197 434 4252 veraciter
457 4195 599 4262 asseritur,
616 4205 644 4253 et
655 4197 799 4256 inieriores
815 4198 852 4255 ad
866 4199 935 4256 veri·
993 4206 1153 4276 enimpanis
1167 4208 1363 4260 sacramentum
1374 4208 1413 4259 est
1426 4205 1556 4258 unitatis.

138 4299 224 4348 tatem
238 4279 476 4348 sacramentorum
489 4288 654 4360 referantur,
672 4308 733 4364 quae
747 4291 843 4349 eadem
857 4294 933 4350 intc-
1022 4297 1187 4370 Huiusmodi
1210 4296 1414 4354 distinctionem
1437 4296 1509 4352 inter
1526 4308 1736 4355 sacramentnm
1755 4299 1776 4351 et

137 4384 237 4460 gritate
250 4392 278 4441 et
298 4382 381 4440 bonis
394 4390 422 4439 et
444 4381 529 4439 malis
554 4383 650 4442 admse
675 4385 836 4453 creduntur,
865 4402 898 4443 ac
908 4388 933 4445 si
988 4390 1046 4463 ejus
1060 4389 1192 4448 eiiectum
1205 4407 1269 4448 cum
1279 4390 1391 4464 quidam
1407 4406 1439 4446 ex
1453 4390 1583 4463 antiquis
1599 4387 1776 4449 Patribusnu'·

137 4494 192 4536 uno
209 4493 256 4536 ore
274 4475 327 4549 ipsi
345 4476 432 4533 sancti
453 4478 546 4534 Patres
561 4477 642 4533 nobis
662 4479 846 4536 communiter
862 4477 933 4537 dice-
950 4486 1040 4549 nnus
1049 4483 1234 4552 attenderent,
1248 4483 1346 4541 adhoc
1357 4484 1529 4541 devenerunt
1538 4493 1574 4540 ut
1583 4494 1613 4541 et
1626 4486 1777 4561 capuanos

135 4579 198 4629 rent
220 4588 227 4624 ι
250 4579 327 4628 extra
347 4569 499 4626 Ecclesiam
516 4585 567 4626 nec
585 4579 651 4627 sunt
673 4586 725 4627 nec
748 4570 819 4627 iiunt
843 4587 933 4630 sacra·
986 4576 1015 4633 in
1032 4574 1132 4634 haeresi
1147 4585 1307 4650 susceptum
1325 4577 1393 4634 nibil
1409 4592 1467 4634 esse
1479 4585 1625 4650 putarent,
1642 4580 1721 4636 beato
1732 4582 1776 4633 iu·

137 4671 228 4720 menta
248 4661 384 4730 eiiectiee,
403 4661 486 4718 idest
507 4679 570 4719 cum
583 4663 799 4734 salnteanimae3
813 4672 934 4723 attamen
987 4668 1096 4742 guetino
1119 4678 1263 4727 aucsmntc
1292 4670 1321 4726 in
1354 4670 1400 4726 lib.
1433 4685 1468 4727 rr
1499 4680 1602 4728 conma
1633 4670 1777 4729 nummis

136 4756 233 4813 eadem
245 4754 390 4823 inutiliter,
404 4754 461 4810 imo
470 4756 634 4827 perniciose,
646 4764 674 4813 et
684 4772 744 4814 esse
755 4765 782 4814 et
796 4758 854 4815 lieri
875 4775 931 4817 non
987 4767 1057 4835 (cap.
1079 4768 1104 4831 t)
1119 4782 1126 4820 :
1139 4764 1236 4820 Neoob
1250 4764 1340 4832 aliud,
1356 4764 1455 4835 inquit,
1469 4764 1563 4819 onum
1577 4762 1777 4838 estquibusdun
1819 4762 1821 4771 '

137 4848 314 4923 denegamus.
341 4847 368 4902 Si
391 4847 467 4904 enim
493 4864 523 4906 ea
544 4860 623 4906 extra
645 4850 797 4908 Ecclesiam
815 4868 875 4909 esse
890 4852 932 4910 vel
986 4859 1072 4912 etiam
1088 4860 1202 4928 egregiis
1223 4859 1291 4913 uin's
1311 4858 1479 4913 cometissae
1494 4857 1612 4930 curete
1634 4862 1709 4916 inter
1725 4866 1776 4929 qut
1818 4814 1821 4923 i

138 4941 196 4999 iieri
223 4941 333 5013 penitus
349 4939 526 5015 denegarent,
551 4942 707 5001 nullatenus
732 4942 828 5001 eadem
843 4945 871 5002 in
886 4962 932 5003 re·
983 4953 1120 5023 praecipue
1132 4952 1222 5007 beatus
1241 4950 1393 5021 Cyprianus
1416 4951 1563 5020 eminebat,
1578 4969 1634 5009 non
1649 4969 1705 5009 esse
1716 4960 1777 5024 petit
1818 4932 1821 5025 l

136 5034 289 5092 conciliatis
304 5041 361 5091 rata
380 5033 522 5091 haberent.
537 5037 609 5092 liam
624 5035 772 5107 praedictus
791 5042 932 5112 papa-Leo
987 5044 1062 5114 apud
1080 5045 1216 5100 hereticos
1236 5045 1278 5099 uel
1296 5045 1476 5100 coturnices
1497 5044 1671 5116 baptismum
1681 5042 1775 5107 Gbriit
1819 5044 1821 5061 '

136 5127 251 5186 clericos
271 5124 464 5183 hereticorum
477 5143 542 5183 cum
567 5127 663 5185 ordine
676 5130 761 5203 recipi
785 5132 929 5202 concessit,
986 5139 1044 5193 nisi
1053 5140 1116 5210 quia
1128 5153 1182 5192 non
1193 5138 1413 5210 distinguebatur
1427 5144 1634 5195 sacramentum
1643 5140 1680 5196 ab
1692 5140 1776 5207 sunit

136 5221 183 5296 qui
197 5230 289 5279 tamen
301 5220 394 5277 omnia
405 5228 579 5276 sacramenta
594 5222 723 5280 manibus
737 5222 932 5283 damnatorum
985 5231 1027 5284 uel
1039 5246 1091 5285 usu
1102 5234 1280 5297 samaraeum
1295 5235 1331 5300 et,
1347 5233 1413 5301 quia
1426 5230 1485 5301 ejus
1498 5233 1620 5300 effectus
1635 5239 1717 5305 atque
1726 5240 1775 5285 utet

135 5315 275 5374 subtracta
292 5313 418 5386 superius
443 5313 568 5370 aceruis.
591 5316 661 5371 item
687 5318 717 5371 it.
746 5319 931 5388 innocentius,
986 5325 1016 5377 in
1034 5323 1190 5378 liberatione
1210 5325 1361 5393 apeccatis
1374 5328 1400 5379 et
1420 5323 1508 5379 cordis
1529 5326 1697 5383 rectitudine
1717 5316 1776 5395 esp·l

135 5409 183 5483 qui
202 5404 405 5466 ordinationem
424 5406 618 5465 haereticorum
640 5411 762 5467 nonnisi
777 5410 931 5470 damnatio·
985 5415 1122 5472 berctinus
1134 5431 1190 5471 nort
1200 5418 1401 5486 inveniebatur,
1416 5419 1506 5487 ipsum
1517 5429 1774 5490 quoquemam·

134 5519 199 5561 nem
214 5517 272 5560 esse
287 5501 425 5574 praedixit,
444 5500 631 5560 ordinationes
642 5504 932 5563 Novatianommcum
985 5512 1043 5564 tum
1062 5524 1116 5565 uon
1135 5510 1196 5565 illia
1215 5525 1268 5566 esse
1283 5510 1437 5581 putabatur
1460 5529 1469 5565 ε
1496 5509 1550 5568 sed
1567 5513 1772 5572 consideratos·

134 5642 215 5700 verba
237 5646 458 5713 presentantur:
475 5640 560 5711 mam
572 5658 629 5698 reu
643 5657 690 5699 nos
704 5643 932 5703 'emanationem
1020 5649 1195 5716 (tultvcrba
1213 5650 1240 5704 ei
1249 5652 1340 5706 auten
1355 5647 1448 5718 obnuit
1468 5650 1614 5724 supplerit
1630 5650 1714 5711 editio
1725 5648 1771 5705 tt·

134 5717 221 5772 dicere
235 5713 309 5768 nulla
319 5713 396 5768 modo
406 5729 559 5840 ffimmnr,
569 5730 630 5785 que
644 5714 679 5769 ab
692 5719 932 5774 eacommunicatis
985 5735 1079 5776 mana.

130 5786 288 5844 munibus
302 5788 342 5840 est
356 5785 408 5840 cele
459 5790 498 5841 ta.
1027 5793 1276 5859 (ntttNonetstat
1288 5791 1318 5847 in
1331 5789 1397 5848 edit.
1409 5792 1495 5849 Rom.
