3870 6164
128 262 136 275 .
238 234 305 313 raas

715 231 788 286 un
807 230 920 288 cenna
939 229 967 286 s.
985 230 1146 304 onnopnu
1165 218 1381 286 anemurum.
1478 246 1480 251 ·
1839 227 1888 282 vm

235 355 367 429 dignitate
392 354 610 427 indignissimus,
642 354 762 427 praedieti
781 357 901 413 Heinrici
932 373 1031 430 eogna·
1046 365 1072 428 ,q
1086 373 1169 429 quam
1181 356 1304 412 alienum
1315 354 1452 411 desideret
1466 353 1653 426 proficuum,
1667 357 1697 406 et
1713 349 1745 405 in
1756 349 1888 408 exbibenda

234 458 280 507 tus
294 455 405 516 (1321),
426 465 441 504 a
456 439 639 520 compatriota
658 465 720 515 suo,
735 450 845 506 nomine
862 450 976 506 batisino
996 450 1033 501 ³9⁷
1086 449 1271 522 hospitalitate
1290 457 1346 504 tam
1361 447 1523 503 mirabiliter
1541 445 1699 512 insudant,
1717 459 1753 499 ac
1767 444 1791 498 si
1803 459 1831 499 se
1842 462 1887 517 per-

234 559 319 617 regno
333 543 451 614 privatus
463 543 660 612 incarceratur,
673 552 701 599 et
719 543 763 599 ille
777 559 827 615 pro
847 560 879 599 co
894 545 966 617 regia
987 544 1032 600 di·
1085 542 1187 599 didisse
1209 544 1347 610 estiment,
1376 540 1505 614 quiequid
1532 530 1718 613 pauperibus
1750 537 1887 595 curtare

233 636 335 708 gnitate
364 636 537 693 sublimatur.
572 637 745 710 Beringarius
771 653 849 694 norae
873 638 975 693 heresis
996 637 1031 694 dc
1081 635 1237 710 hospitibus
1256 652 1313 692 non
1326 636 1505 706 erogaverint.

231 745 346 801 corpore
361 730 473 786 Domini
498 738 604 800 auctor,
624 748 657 788 co
672 740 795 803 tempore
814 730 943 787 deficiens
963 731 1032 787 abiit
1388 729 1581 785 mlxxxiv.

230 824 364 880 inlocum
385 840 481 893 sunm;
495 826 540 897 qui
564 826 626 882 lieet
650 826 765 881 eandem
788 824 907 881 heresim
921 824 1030 897 sepissi-
1121 828 1313 881 Heremannus
1336 839 1382 879 rex
1403 820 1576 877 nativitatem
1593 818 1721 875 Domini
1744 817 1773 875 in
1791 819 1886 877 &roob

232 933 277 974 me
295 917 324 974 in
344 917 443 975 sinodo
467 917 506 968 ³⁹⁸
528 919 703 991 abjuraverit,
724 918 758 975 ad
781 919 917 975 vomitum
937 927 1030 974 tamen

231 1025 314 1067 suum
328 1011 425 1068 canino
444 1028 523 1068 more
545 1028 599 1068 non
615 1013 722 1085 expavit
745 1012 843 1068 redire.
859 1016 929 1069 Nam
951 1021 979 1068 et
1002 1013 1028 1066 in

231 1107 355 1161 Romana
369 1104 467 1162 sinodo
479 1107 610 1163 canonice
624 1106 766 1162 convictus
779 1106 897 1161 heresim
909 1121 986 1161 suam
1002 1105 1029 1161 in

225 1199 301 1255 libro
314 1215 329 1254 a
344 1216 372 1256 sc
391 1199 558 1271 descriptam
570 1199 732 1265 combussit,
755 1208 783 1255 et
796 1199 948 1271 abjuratam
965 1215 1030 1254 ana-

231 1292 435 1361 thematizavit,
448 1309 500 1349 nec
512 1303 607 1349 tamen
620 1302 714 1365 postea
728 1292 833 1350 dimisit
854 1293 903 1349 ³⁹9.
923 1293 976 1349 Sed
993 1292 1029 1336 400

227 1386 286 1459 jam
296 1387 439 1458 septennio
447 1395 537 1444 tetunr
546 1389 703 1442 Romanum
713 1386 856 1458 imperinm
868 1386 938 1442 civili
947 1386 1028 1456 bello,

231 1480 317 1536 immo
356 1481 488 1537 scismatis
520 1479 634 1536 discidio
668 1480 813 1548 laboravit,
841 1480 899 1536 aliis
918 1480 1028 1551 quidem

229 1572 334 1630 domno
349 1573 510 1645 apostolico,
529 1574 590 1628 aliis
604 1581 698 1630 autern
719 1574 849 1629 Heinrico
864 1571 1027 1639 faventinus,

228 1676 256 1724 et
274 1669 310 1724 ob
333 1667 386 1725 hoe
410 1668 548 1738 utrimque
563 1669 599 1711 4οι
620 1675 709 1724 totum
729 1683 842 1739 regnum
867 1668 903 1712 ⁴⁰⁸
928 1667 1029 1738 praeda,

1084 918 1240 975 celebravit.
1263 916 1376 972 Emulus
1390 924 1482 972 autem
1498 915 1559 988 ejus
1584 913 1615 968 in
1631 914 1834 969 Romanorum
1844 915 1888 970 bai

1084 1012 1135 1068 bus
1149 1011 1286 1076 hiemavit,
1306 1011 1400 1083 ibique
1414 1009 1582 1067 Guibertum
1596 1010 1804 1064 Ravennatem
1822 1025 1887 1065 suun

1084 1109 1204 1163 Romam
1224 1113 1371 1161 venturum
1392 1104 1572 1175 exspectavit,
1592 1111 1627 1159 ut
1647 1101 1688 1158 ab
1703 1117 1739 1159 eo
1754 1101 1825 1173 apud
1837 1106 1886 1159 sm

1084 1207 1160 1255 ctum
1181 1201 1291 1255 l‘etrum
1318 1199 1538 1266 incoronaretur,
1565 1213 1602 1252 eo
1626 1197 1713 1268 quod
1737 1197 1886 1269 Gregorinn

1084 1308 1179 1365 papam
1191 1293 1228 1348 ad
1244 1292 1295 1347 hoe
1308 1292 1419 1348 lleetere
1431 1306 1485 1346 non
1498 1299 1609 1363 posset,
1628 1298 1666 1346 ut
1679 1306 1761 1358 eum,
1778 1291 1829 1347 nisi
1838 1290 1886 1362 legi-

1084 1385 1151 1442 time
1169 1385 1385 1452 reconciliatum,
1418 1385 1585 1440 incoronare
1617 1384 1721 1440 vellet.
1754 1385 1886 1456 Reginml·

1082 1478 1134 1536 dus
1147 1484 1242 1545 (1326)
1256 1481 1396 1536 Cumanus
1409 1479 1567 1549 episcopus,
1581 1477 1711 1533 seientia
1733 1487 1761 1532 et
1776 1478 1886 1551 religione

1084 1572 1261 1641 clarissimus,
1277 1581 1305 1629 et
1317 1572 1352 1628 ob
1364 1571 1416 1627 hoe
1427 1571 1558 1644 Gregorii
1573 1570 1616 1614 ⁴⁰⁵
1629 1586 1719 1642 papae
1729 1570 1835 1642 adjutor
1842 1583 1885 1626 stu-

1084 1665 1267 1734 dinsissimus,
1292 1666 1420 1738 migravit
1448 1665 1482 1721 ad
1503 1665 1674 1721 Dominum
1698 1665 1882 1721 6112111111.

228 1760 299 1817 lerre
315 1770 342 1816 et
359 1762 413 1834 igni
427 1761 618 1818 miserabiliter
632 1761 845 1817 devastantibus.
862 1761 1026 1816 l‘aucissimi
1043 1744 1066 1807 Β
1082 1759 1160 1815 Welf
1179 1758 1235 1814 dux
1256 1760 1389 1832 BaJoarise
1402 1760 1546 1815 civitatem
1564 1763 1738 1832 Augustam
1758 1760 1883 1831 aquatam

226 1854 352 1911 catholici
366 1856 484 1928 episcopi
507 1871 540 1911 ex
562 1864 637 1927 parte
651 1855 795 1927 apostolici
818 1862 1023 1922 reclamarunt,

162 2014 165 2020 Ι
228 1950 272 2020 qui
287 1958 313 2004 et
327 1965 342 2004 a
362 1949 476 2021 propriis
490 1948 601 2006 sedibus
615 1949 731 2021 expulsi,
746 1949 803 2005 suis
819 1948 945 2022 gregibus
960 1963 1025 2020 pro-

123 2043 126 2049 '
227 2041 316 2099 ridere
328 2058 384 2098 non
399 2041 637 2115 permittebantur.
653 2045 827 2114 Quapropter
841 2057 939 2097 omnes
958 2055 1025 2112 pene

226 2136 354 2208 religiosi,
375 2137 432 2192 sire
453 2136 543 2192 elerici
564 2137 619 2192 sive
640 2135 712 2203 laici,
734 2136 762 2190 in
777 2136 870 2207 aliqua
884 2143 1024 2191 monaste·

227 2230 331 2286 riorum
348 2230 458 2285 latibula
483 2229 643 2300 hujusmodi
660 2229 730 2284 mala
745 2228 922 2295 declinavere,
938 2243 973 2284 ne
988 2228 1024 2283 vi·

225 2320 325 2378 delicet
337 2321 553 2378 devastationem
567 2329 669 2378 sanctae
687 2321 803 2377 aeclesiae
813 2328 967 2389 cernerent,
980 2321 1024 2376 cui

227 2415 256 2469 in
270 2414 345 2469 nullo
362 2413 551 2470 adminiculari
575 2423 696 2487 possent.
713 2415 806 2470 Satius
821 2414 857 2457 ⁴⁰³
879 2414 952 2471 enim
972 2414 1024 2469 illis

228 2506 376 2574 videbatur,
397 2517 427 2563 ut
438 2508 530 2563 saltim
551 2523 580 2563 se
594 2508 667 2577 ipsos
681 2507 867 2565 delitescendo
880 2508 1024 2575 salvarent,

226 2616 311 2673 quam
344 2616 394 2672 pro
426 2602 486 2657 aliis
505 2601 642 2656 ineassum
666 2599 815 2656 laborando
835 2616 899 2657 eum
922 2599 1025 2657 eisdem

226 2694 353 2765 perirent.
370 2697 412 2749 Eo
425 2703 516 2750 autem
531 2702 657 2766 tempore
668 2694 695 2748 in
710 2709 795 2766 regno
810 2695 1025 2750 'teutonicorum

1079 1852 1231 1924 Sigelredo,
1246 1869 1297 1908 nec
1312 1852 1481 1909 nominando
1504 1852 1665 1924 episcopo,
1688 1869 1755 1908 cnm
1777 1851 1882 1924 Baream

1078 1946 1211 2014 invasam,
1235 1947 1348 2003 viriliter
1371 1946 1632 2018 cripuit,'eamque
1658 1946 1784 2020 legitimo
1805 1949 1880 2018 patavi

1078 2040 1191 2096 nomine
1215 2040 1343 2112 Wigoldo
1365 2039 1536 2112 subjugavit.
1567 2039 1737 2111 Sigilredus
1753 2042 1880 2112 hlogoncie

1078 2135 1169 2192 censis
1182 2134 1408 2206 archiepiscopus,
1424 2134 1557 2207 Gregorii
1573 2150 1664 2206 papae
1679 2151 1734 2207 per
1750 2136 1833 2191 nulus
1841 2134 1880 2189 tri·

1079 2228 1230 2285 bulationes
1237 2229 1344 2301 adjutor
1354 2227 1519 2294 indefessus,
1531 2228 1682 2302 requievit
1693 2230 1724 2285 in
1733 2234 1877 2302 paeettttt).

1078 2321 1184 2392 Regina
1201 2323 1352 2394 Anglorum
1366 2322 1433 2378 obiit
1454 2325 1566 2392 (1128),
1591 2339 1675 2379 uxor
1693 2323 1839 2379 willihelmi
1854 2322 1877 2367 4·

1077 2415 1162 2487 regis,
1176 2416 1223 2488 qui
1234 2423 1322 2471 totam
1335 2416 1489 2487 Anglorum
1503 2424 1619 2472 terram
1637 2419 1774 2473 Romano
1785 2416 1878 2490 pontifici

1078 2509 1253 2565 tributariam
1268 2507 1343 2576 lecit,
1365 2524 1416 2564 nce
1437 2509 1565 2581 aliquem
1581 2511 1615 2565 in
1638 2526 1695 2567 sua
1712 2519 1835 2583 potestate
1844 2511 1879 2565 ali

1077 2601 1146 2674 quid
1168 2617 1261 2658 emere
1281 2602 1322 2657 vel
1338 2602 1456 2659 vendere
1478 2603 1628 2674 permisit,
1646 2620 1737 2677 quem
1750 2604 1880 2677 apostoliea

1078 2694 1137 2751 sedi
1151 2695 1354 2752 inobedientem
1363 2695 1556 2768 deprehendit.
1574 2700 1645 2754 Rex
1658 2700 1832 2772 Ungarornm
1841 2701 1880 2753 la

224 2787 274 2843 tria
288 2789 455 2844 monasteria
469 2804 533 2844 eum
548 2789 605 2844 suis
628 2788 743 2856 cellulis,
758 2787 927 2859 regularibus
942 2788 1023 2844 disci·
1078 2790 1173 2845 tislans
1194 2790 1245 2858 ⁴⁰⁷,
1277 2789 1345 2862 parti
1376 2788 1582 2847 catholicorum
1608 2801 1806 2860 assentaneus,
1824 2807 1883 2847 ane

224 2879 302 2952 plinis
318 2881 443 2936 instituta
458 2881 563 2954 egregie
577 2881 718 2953 pollebant
731 2898 737 2936 ε
752 2881 850 2953 quippe
863 2881 1024 2938 eoenebium
1078 2881 1136 2939 lum
1156 2899 1238 2940 suum
1261 2884 1435 2940 Salomonem
1462 2883 1497 2940 de
1521 2899 1644 2942 carcere
1660 2886 1823 2955 relaxamm,
1841 2888 1883 2940 lta

222 2974 310 3030 saneti
329 2975 412 3031 Blasii
428 2975 455 3030 in
472 2974 554 3048 Nigra
568 2974 648 3042 Silva,
671 2983 699 3030 et
717 2976 804 3030 sancti
819 2974 934 3043 Aurelii,
950 2974 1024 3047 quod
1078 2976 1217 3048 tisponam
1229 2976 1265 3033 ad
1279 2993 1392 3033 uxorem
1404 2992 1483 3033 suam
1502 2976 1544 3033 ire
1560 2979 1710 3049 permisit,
1724 2981 1788 3036 lieet
1805 2981 1883 3052 ingra-

224 3068 366 3140 Hirsaugia
380 3067 492 3137 dicitur,
508 3076 535 3124 et
551 3068 635 3124 sancti
650 3068 809 3137 salvatoris,
825 3067 897 3140 quod
912 3068 1024 3124 Secllru-
1077 3077 1143 3125 tarn
1161 3072 1233 3126 Nam
1256 3086 1307 3126 nce
1320 3070 1366 3126 illa
1379 3086 1429 3126 nec
1446 3070 1491 3125 ille
1504 3072 1668 3145 conjugale
1689 3072 1767 3130 ledus
1787 3074 1819 3129 ad
1830 3072 1883 3129 inri-

223 3162 274 3229 sin,
298 3161 326 3216 id
342 3170 383 3217 est
403 3162 513 3217 navium
529 3161 643 3230 donnus,
662 3160 768 3217 dicitur.
785 3161 828 3216 Ad
843 3177 905 3233 qnae
925 3178 1024 3218 mena·
1039 3139 1062 3205 c
1076 3179 1136 3220 cem
1159 3173 1273 3219 eatenus
1290 3171 1476 3230 servaverunt,
1498 3163 1598 3222 immo
1624 3176 1724 3223 contra
1743 3168 1883 3238 apostolum

223 3255 306 3311 steria
321 3254 456 3311 mirabilis
470 3253 619 3311 multitudo
639 3254 776 3310 nobilium
799 3264 828 3310 et
847 3252 1023 3327 prudentium
1076 3271 1106 3312 se
1122 3256 1195 3327 ipses
1214 3257 1329 3313 invicem
1351 3253 1478 3314 iraudare
1497 3258 1540 3301 ⁴⁰⁸
1560 3274 1633 3315 non
1654 3261 1806 3317 timuerunt.
1825 3264 1883 3315 Erat

224 3349 344 3405 virorum
359 3348 589 3420 hac‘tempestate
603 3349 631 3404 in
652 3348 726 3404 brevi
742 3347 877 3420 confugit,
896 3356 924 3404 et
937 3349 1020 3420 depo-

222 3443 283 3499 sitis
304 3443 387 3498 armis
410 3444 596 3514 evangelicam
616 3442 810 3514 perlectionem
830 3442 881 3498 sub
902 3443 1021 3515 regulari

222 3535 364 3608 disciplina
383 3536 494 3608 exsequi
514 3536 664 3609 proposuit,
679 3544 754 3592 tanta
769 3536 879 3607 inquam
893 3552 1019 3604 numero,

222 3637 253 3685 ut
271 3629 328 3701 ipsa
350 3630 582 3686 monasteriorum
605 3629 718 3686 aedilicia
734 3630 886 3686 necessario
905 3630 1019 3702 amplia·

222 3729 295 3789 rent,
311 3738 344 3777 eo
358 3724 431 3793 quod
451 3738 508 3778 non
527 3723 605 3778 aliter
626 3723 654 3778 in
669 3723 709 3779 eis
721 3723 812 3779 locum
827 3721 1021 3780 commanendi

1075 3358 1169 3407 nutem
1191 3351 1250 3423 ipsa
1270 3367 1350 3407 soror
1360 3351 1482 3407 Heinrlci
1493 3367 1560 3424 sepe
1578 3354 1737 3420 nominati,
1748 3362 1837 3426 quaet
1848 3351 1880 3407 ab

1076 3443 1136 3516 ipso
1155 3443 1276 3517 jamdiu
1295 3445 1453 3515 itatisponae
1473 3448 1709 3516 sustentabatur,
1728 3449 1806 3504 etiam
1823 3454 1878 3501 ante

1075 3552 1158 3609 quam
1171 3538 1287 3594 maritus
1297 3538 1354 3610 eJus
1364 3539 1560 3610 captivaretur.
1573 3542 1731 3598 Heinricus
1742 3540 1877 3614 Aquileicn

1075 3630 1112 3687 sis
1126 3632 1327 3704 expatriarcha,
1339 3648 1397 3688 non
1408 3632 1493 3688 semel
1514 3632 1624 3691 domni
1639 3637 1783 3709 apostolici
1801 3634 1874 3707 perju

1075 3741 1123 3782 rus
1136 3734 1164 3781 et
1183 3725 1450 3793 excommunicatus,
1465 3726 1495 3781 in
1511 3742 1640 3801 corpore
1655 3738 1683 3784 et
1698 3731 1789 3786 anima
1802 3728 1872 3783 mori-

223 3813 364 3870 babcrent.
389 3816 421 3870 ln
440 3814 483 3871 his
504 3818 597 3887 itaque
618 3817 791 3872 monasteriis
802 3833 852 3872 nee
870 3817 928 3889 ipsa
945 3826 1019 3873 exte·
1074 3827 1119 3876 tur
1134 3823 1247 3886 (1³29).
1268 3820 1317 3876 His
1338 3818 1510 3891 temporibus
1525 3835 1579 3878 rex
1604 3822 1870 3894 Constantinopolita-

223 3907 295 3963 riora
316 3906 407 3962 ollieia
428 3923 477 3979 per
490 3909 634 3976 seculares,
649 3917 692 3964 set
710 3925 757 3980 per
770 3910 909 3981 religiosos
924 3908 1021 3966 iratres
1074 3927 1126 3969 nus
1156 3913 1306 3968 maximam
1333 3913 1475 3984 pecuniam
1502 3913 1643 3972 Heinrieo
1671 3915 1810 3988 quondan
1825 3913 1868 3984 trgi

222 3999 458 4068 administrantur,
473 4009 502 4056 et
513 4009 616 4072 quanto
625 4001 773 4056 nobiliores
784 4009 862 4057 erant
875 4001 903 4056 in
917 4003 1020 4071 seculo,
1073 4005 1228 4062 transmisit
1249 4014 1280 4062 ut
1300 4007 1474 4062 Roubcrtum
1495 4006 1702 4079 wiscardum,
1718 4009 1810 4066 ducem
1827 4007 1865 4062 Ca·

223 4102 299 4151 tanto
318 4109 347 4150 se
367 4092 664 4166 contemptibilioribus
685 4092 784 4150 ofliciis
806 4095 932 4166 occupari
947 4094 1020 4151 desi·
1074 4098 1167 4155 labriae
1181 4107 1209 4155 et
1226 4099 1334 4171 Apuliae
1347 4108 1374 4156 et
1383 4099 1510 4173 juratum
1525 4102 1570 4152 ⁴0⁹
1586 4103 1714 4160 mititem
1733 4101 1814 4160 domni
1822 4113 1863 4170 pt·

222 4187 331 4254 derant,
352 4195 394 4258 ut,
414 4188 461 4261 qui
488 4187 629 4260 quondam
651 4197 730 4244 erant
751 4188 868 4244 comites
889 4189 929 4244 vel
949 4205 1020 4245 mar·
1073 4193 1317 4265 pae,-inultiorrem
1330 4193 1455 4264 ejusdem
1464 4192 1535 4266 regis
1553 4193 1635 4252 bello
1648 4206 1789 4269 appeteret
1802 4192 1862 4248 dam

221 4281 335 4338 ebiones
347 4281 384 4327 444
398 4283 426 4338 in
440 4281 541 4350 seculo,
557 4297 630 4338 nunc
646 4282 675 4337 in
691 4283 830 4355 quoquina
847 4282 887 4338 vel
907 4283 1021 4354 pistrino
1074 4285 1231 4342 Itoulrertus
1255 4285 1314 4358 jam
1337 4284 1441 4342 dudum
1465 4286 1535 4342 lines
1558 4267 1865 4361 Constantinopolitano·

221 4373 348 4432 iratribus
359 4376 468 4439 servire,
483 4377 524 4431 vet
536 4391 633 4447 porcos
649 4391 747 4432 corum
760 4377 787 4432 in
800 4392 898 4448 eampo
911 4392 1020 4448 pascere
1073 4394 1137 4434 rum
1157 4378 1266 4445 invasit,
1282 4377 1437 4451 iterumque
1461 4379 1527 4435 illuc
1548 4383 1770 4454 expeditionem
1781 4392 1869 4438 morem
1909 4423 1914 4443 .

223 4484 273 4540 pro
293 4470 410 4526 summis
432 4469 536 4525 deliciis
555 4473 724 4540 computent.
741 4469 782 4524 lbi
802 4485 902 4541 nempe
917 4477 945 4525 et
959 4485 1019 4541 per·
1074 4472 1221 4543 disposuit.
1238 4472 1291 4528 Sed
1306 4472 1450 4529 lleinrieus
1461 4482 1616 4545 acceptam
1631 4478 1782 4550 pecuniam
1793 4472 1870 4531 nonin

222 4561 288 4616 carii
308 4570 335 4618 et
362 4562 471 4619 bubulci
494 4571 593 4634 praeter
617 4561 742 4618 habitum
764 4561 837 4617 idem
859 4570 923 4618 sunt
945 4563 1019 4634 qrred
1075 4565 1248 4637 procinctum
1260 4566 1539 4638 supraRoubertum,
1556 4569 1871 4644 quodjuramcntopm

222 4652 349 4708 monachi
362 4659 474 4721 (1325).
489 4658 579 4712 Tanto
593 4664 688 4712 autem
707 4655 829 4712 caritatis
842 4656 940 4713 ardore
954 4672 1014 4712 om·
1069 4658 1154 4724 misit,
1177 4666 1220 4714 set
1238 4657 1275 4715 ad
1295 4658 1500 4716 conciliandum
1520 4658 1583 4718 sibi
1612 4664 1720 4738 vulgus
1735 4668 1873 4722 Romanum

223 4759 272 4801 nes
284 4747 385 4817 pariter
398 4747 510 4817 lerveut,
526 4755 558 4803 ut
568 4747 682 4820 quilibet
693 4763 789 4806 eorum
799 4766 855 4806 non
866 4757 921 4805 tam
934 4765 1014 4806 suum
1068 4750 1208 4823 expendit,
1231 4751 1311 4825 eujus
1330 4752 1468 4826 adjutorio
1483 4753 1691 4816 lateranense
1705 4759 1832 4832 palatium
1843 4753 1872 4812 le·

876 4905 1000 4961 VARlAE
1016 4904 1222 4961 LECTIONES.

238 5054 295 5138 ’411
310 5052 427 5110 Tulislao
442 5047 482 5109 ⁴¹³.
521 5053 557 5104 ³⁹⁸
569 5055 599 5109 in
614 5071 636 5111 s.
652 5054 749 5111 desunt
761 5061 786 5110 2.
827 5055 1011 5128 ³erteorepene
1024 5058 1113 5114 deleto
1131 5065 1153 5113 1.
1193 5060 1232 5103 ⁴⁰⁰
1246 5057 1315 5114 ilino
1330 5070 1413 5129 ttsqtte
1427 5056 1569 5115 haberent
1584 5069 1740 5138 scripturn
1753 5063 1875 5136 euidenti

221 5126 326 5208 tader.
358 5126 1011 5253 ⁴⁰¹plerumquemunnssee.XV1.·XVll.iet.
1049 5131 1075 5174 ⁴⁰
1088 5130 1122 5185 ἰ.
1139 5137 1159 5185 1.
1172 5135 1198 5185 2.
1236 5128 1356 5187 ⁴⁰⁸Satis
1372 5136 1397 5184 2.
1419 5131 1472 5212 Ι424
1489 5132 1628 5193 marchio
1644 5143 1675 5194 2.
1718 5141 1760 5186 ees
1771 5155 1840 5214 greg.
1853 5142 1872 5191 1.

220 5202 383 5271 gregorroa.
422 5193 463 5241 ⁴⁰⁶
485 5196 643 5253 thhalmr
658 5203 683 5254 2.
717 5200 760 5256 ,411
781 5200 971 5256 Tauslausar.
1008 5200 1047 5244 ⁴⁰⁸
1062 5199 1175 5258 laudare
1197 5206 1220 5257 l.
1259 5203 1298 5252 ⁴⁰9
1312 5206 1347 5259 Α.
1364 5208 1542 5274 conjuratum
1558 5209 1590 5260 2.

983 5354 1104 5411 NOTAE.

256 5504 353 5566 (1324)
366 5499 474 5557 Scilicet
486 5498 591 5557 sororis
605 5498 663 5571 ejus
680 5500 804 5557 maritus.
820 5503 886 5560 Uss.
1104 5507 1202 5569 (1121)
1211 5501 1372 5559 Obiitexsul
1383 5502 1413 5558 in
1423 5500 1588 5577 Thuringia
1597 5513 1635 5564 u
1645 5512 1722 5569 Kal.
1733 5516 1813 5572 stan.
1823 5512 1867 5570 iit

44 5644 47 5647 -
255 5575 354 5643 (1325)
368 5571 410 5627 Cf.
426 5572 550 5628 Gerberti
565 5571 719 5629 Historiam
735 5573 826 5644 [tigre
850 5574 930 5629 Silvae
946 5581 966 5629 t.
989 5573 1012 5640 l,
1104 5578 1203 5640 (1228)
1230 5573 1381 5642 blathildis,
1403 5574 1531 5630 Balduini
1558 5579 1597 5635 V.
1623 5580 1867 5642 Flandriaeaoarit‘r

113 5726 137 5784 h
217 5648 403 5785 ξὲ2ῗ9ἰιῗ1ἒ
415 5643 596 5769 ¹135r19rchardus
611 5647 653 5700 De
667 5643 775 5701 casibus
787 5648 815 5701 S.
829 5645 901 5702 Galli
911 5661 971 5716 cap.
984 5652 1011 5714 7,
1069 5643 1313 5773 ΙἯὲιιέὃὶιιιιιιιἯδιὲιιιιο
1326 5652 1404 5703 10811.
1421 5645 1447 5702 d.
1465 5651 1481 5700 2
1497 5648 1574 5704 llov.
1587 5651 1766 5715 defunctam
1778 5657 1819 5714 alii
1828 5664 1865 5708 ar

138 5776 141 5781 ’
253 5785 352 5858 (tato)
372 5785 524 5841 comensis.
544 5789 552 5856 j
1107 5791 1209 5857 (1³29)
1224 5788 1285 5846 Vid.
1309 5804 1393 5862 supra
1407 5786 1442 5848 ad
1454 5804 1524 5847 ann.
1544 5797 1635 5855 1012.
