3870 6164
130 296 182 353 283
473 287 502 343 S.
522 281 684 342 aauoonn
703 282 750 337 vlt
769 278 868 336 PAPAE
887 275 1025 333 OPERUM
1043 271 1131 329 PARS
1147 270 1169 327 Ι.
1187 298 1225 311 -
1240 265 1442 324 nnotstttott.
1728 260 1783 319 28!

94 440 97 444 “
130 419 176 495 qui
188 417 306 476 indicem
317 412 433 488 Regislri
451 409 615 482 composuit.
631 404 763 479 Epistolis
775 402 850 461 onim
863 403 931 460 Gre·
943 405 970 470 Α
1059 397 1218 455 Undecimus
1232 393 1312 449 lebet
1325 391 1452 463 epistolas
1466 390 1550 446 duas.

130 510 261 587 pariaris,
276 507 295 565 i.
316 514 367 564 att
385 504 419 561 ad
432 502 517 560 linem
533 500 681 575 perductis,
703 499 730 555 in
751 498 797 567 iis,
811 509 873 569 quse
885 509 929 551 re·
1020 516 1033 541 e
1053 496 1085 548 ln
1101 490 1218 561 mallia
1229 488 1297 543 libro
1310 490 1349 542 est
1361 487 1513 555 anstrum
1527 482 1713 539 celebrationis
1724 495 1785 537 oon·

131 613 207 665 sant
221 603 293 661 toliis
312 614 377 658 sac.
393 609 449 655 xtr
467 594 547 652 iader
571 593 681 651 additus
707 600 758 660 est,
775 591 829 647 hoc
844 587 929 646 modo
983 587 1056 654 silit,
1068 584 1141 656 quod
1154 585 1184 638 ia
1196 581 1316 653 quolibet
1333 582 1448 636 istorum
1458 591 1591 633 namnam
1610 574 1712 645 lepitur
1724 573 1785 629 oola·

135 698 245 755 initiam
262 706 374 752 sumans
389 708 398 747 a
983 683 1086 737 brasse.
1113 679 1183 735 Sunt
1206 676 1294 731 malta
1328 676 1408 729 amm
1433 672 1589 744 principum
1608 668 1784 740 juramenta,

134 832 137 838 .
169 812 183 839 ι
198 789 296 859 incipit
308 788 462 856 montrum
472 781 647 855 epistolm
658 785 684 837 et
697 779 872 836 eonnlurun
884 776 932 832 do·
983 776 1078 846 aliquo
1101 772 1208 828 decreta
1230 773 1256 825 et
1279 766 1442 838 baronali,
1464 780 1525 837 qua
1548 767 1578 820 tn
1600 765 1661 834 ipsa
1689 761 1787 818 tabula

132 885 201 940 mssa
215 881 341 951 ornam
352 878 632 951 cornewalenses
643 879 670 930 er
681 873 869 944 ornament
878 874 932 929 no
981 870 1125 941 poleam

41 1024 48 1033 .
133 991 274 1032 nonaum
287 974 430 1046 pontificis,
445 973 496 1042 qut
506 971 602 1026 electus
612 971 670 1038 tuit
689 970 752 1040 post
760 971 871 1022 martem
883 965 933 1021 do-
1022 979 1037 1014 r
1056 960 1097 1016 Ex
1111 959 1156 1028 iis,
1171 971 1233 1030 quse
1246 954 1379 1013 hactenus
1389 953 1424 1011 de
1437 951 1531 1010 codice
1549 950 1683 1008 Vaticano
1694 949 1788 1022 dispo

132 1072 203 1127 mini
214 1068 371 1126 Alexandri
383 1067 412 1122 ll
419 1067 448 1120 tn
457 1064 566 1120 raalaio
581 1063 675 1129 Sancti
688 1060 851 1130 Sanam,
862 1074 933 1114 anno
985 1054 1052 1124 tavi,
1065 1051 1212 1110 manifesto
1226 1049 1277 1107 nisi
1298 1048 1387 1116 lallor,
1410 1054 1494 1122 patet,
1506 1044 1632 1119 Gregorii
1653 1043 1787 1118 epistolas

54 1185 57 1190 ¹
134 1164 279 1222 flaminica
292 1160 492 1216 incarnationis
503 1156 665 1213 thXXlll.
986 1146 1333 1222 radasponensium
1349 1141 1519 1200 inundacim
1533 1135 1788 1197 librosdiatribntas

76 1256 86 1269 '
169 1278 183 1306 ι
196 1255 414 1313 Habeturautern
423 1249 933 1320 lnborlibrociusmemoriaperxron·
986 1242 1082 1312 tuisse,
1099 1249 1128 1299 et
1140 1239 1177 1297 ita
1191 1237 1313 1311 quidam,
1329 1245 1360 1294 at
1376 1236 1482 1310 priores
1494 1241 1598 1307 septam
1615 1231 1676 1290 libri
1688 1246 1725 1289 ex
1738 1246 1786 1288 or-

134 1364 182 1405 nos
193 1352 310 1416 matum,
321 1345 469 1403 secundum
482 1358 548 1415 quos
568 1343 691 1398 uolumen
706 1342 755 1398 loc
765 1345 794 1397 iu
804 1356 838 1397 st
852 1341 935 1396 libros
987 1337 1051 1393 dine
1073 1335 1129 1392 reri
1158 1330 1277 1406 Repstri
1304 1330 1340 1388 ad
1356 1329 1481 1402 singulos
1500 1342 1587 1386 annos
1609 1324 1787 1400 pontificatus

132 1444 257 1514 partitus
271 1445 320 1509 cst,
336 1441 420 1509 pestis
434 1438 492 1509 ejus
503 1439 622 1506 siapulis
634 1436 745 1492 illorum
760 1451 892 1492 annorum
905 1437 936 1490 in
988 1427 1196 1503 responderent,
1216 1425 1245 1483 in
1268 1434 1399 1483 octavum
1425 1437 1490 1480 roro
1515 1421 1633 1493 reliquas
1656 1417 1788 1492 epistolas

134 1551 187 1591 uao
206 1534 276 1590 libro
289 1535 428 1589 malentis.
988 1537 1124 1582 annorum
1138 1521 1244 1578 retiam
1265 1534 1320 1576 oon
1336 1517 1426 1574 habita
1440 1515 1557 1589 scriptor
1570 1514 1702 1587 rejiceret.
1714 1512 1788 1569 Tan·

204 1628 290 1685 Habet
302 1629 412 1698 primus
422 1626 490 1681 liber
501 1625 627 1696 epistolas
635 1637 746 1679 numero
759 1627 805 1680 til.
989 1628 1051 1675 tam
1064 1631 1129 1690 ergo
1143 1615 1231 1683 abest,
1244 1622 1276 1671 ot
1293 1611 1418 1668 decimos
1432 1610 1500 1667 libor
1515 1608 1614 1682 injuna
1628 1615 1787 1680 temporum

204 1719 340 1779 Secundus
353 1734 413 1776 aero
426 1719 507 1775 babet
519 1718 647 1791 epotolas
661 1732 771 1772 nurnero
781 1718 826 1773 76.
989 1709 1133 1776 interierit,
1145 1717 1177 1766 ot
1188 1723 1251 1765 aare
1265 1720 1405 1778 nunquam
1419 1701 1564 1761 exstiterit.
1582 1701 1676 1758 Prima
1694 1700 1787 1756 since·

206 1817 315 1872 serrano
326 1828 388 1869 vero
406 1812 486 1868 moer
500 1811 626 1882 amota
634 1826 745 1866 mmor
763 1815 810 1867 21.
949 1782 1075 1879 linque
1093 1801 1211 1877 separo
1226 1799 1367 1872 artmano
1383 1806 1476 1872 parua
1493 1797 1553 1870 jam
1570 1795 1598 1852 u
1617 1795 1676 1867 apso
1689 1790 1789 1851 mais

206 1910 326 1978 Quartus
340 1907 420 1963 babet
431 1906 560 1978 epistolas
572 1919 683 1960 numero
693 1908 738 1961 28.
991 1898 1121 1956 Vaticano
1139 1913 1155 1952 a
1174 1895 1282 1952 librario
1300 1892 1420 1966 quodam
1436 1897 1538 1947 mnata
1552 1898 1605 1958 est,
1620 1887 1668 1961 qui
1680 1885 1789 1944 latione
1808 1937 1820 1949 ‚

208 2005 323 2072 Quintus
338 2000 551 2071 labeteplstolas
564 2013 674 2053 numero
691 2002 735 2054 ts.
989 1993 1080 2065 operis
1106 1990 1219 2047 minime
1244 1992 1402 2061 perspecta,
1432 2000 1530 2041 omnes
1563 1983 1622 2055 ejus
1645 1981 1733 2038 libros
1759 1978 1789 2035 in

208 2096 307 2153 Sontas
320 2094 400 2149 babet
414 2092 541 2164 epistolas
553 2095 720 2147 numerato.
988 2084 1108 2158 singulos
1121 2081 1296 2156 pannosam
1319 2095 1406 2135 annos
1424 2076 1568 2135 convenire
1581 2073 1667 2132 soluit
1678 2081 1706 2130 ot
1718 2072 1790 2131 hane

87 2204 100 2218 ··
207 2190 341 2259 Septimus
360 2187 471 2257 quidm
491 2186 571 2241 babet
584 2185 710 2256 epistolas
729 2190 774 2240 tt.
988 2179 1025 2235 ob
1037 2193 1150 2235 caumm
1162 2183 1289 2232 actarum
1303 2174 1403 2231 librum
1422 2172 1450 2228 in
1465 2171 1557 2244 plures
1573 2168 1675 2227 dividit.
1695 2167 1789 2238 Quam

209 2272 322 2340 &wool
334 2285 425 2336 autem
437 2279 519 2336 babet
536 2279 661 2349 epistolas
675 2281 720 2333 tt.
988 2286 1091 2329 noram
1104 2269 1239 2327 librorum
1254 2267 1476 2325 distributionem
1489 2263 1587 2321 deinde
1602 2262 1727 2336 plerique
1740 2275 1789 2317 oo·

207 2377 300 2434 Nonas
322 2389 385 2429 vero
399 2373 479 2429 babet
497 2372 627 2441 epistolas
641 2375 686 2427 ab.
850 2392 854 2401 ·
991 2365 1065 2423 dices
1079 2372 1106 2421 et
1127 2378 1225 2420 omnes
1238 2360 1372 2419 editiones
1394 2376 1429 2418 cx
1442 2357 1535 2416 eodice
1558 2356 1691 2414 Vaticano
1713 2368 1789 2413 reae·

208 2471 330 2527 beamus
343 2482 405 2523 aero
420 2467 488 2522 liber
497 2480 551 2521 non
565 2469 614 2529 est,
628 2466 669 2520 ael
684 2468 723 2520 ert
736 2478 812 2520 error
822 2463 858 2535 ,in
868 2461 938 2518 libro
991 2466 1100 2535 parunt.

245 2565 271 2618 et
279 2563 430 2634 partiuonc
442 2559 583 2615 librorum.

1402 2722 1793 2738 m

443 2932 787 3095 SANGTI
838 2931 1303 3092 GREGORII
1349 2929 1488 3084 VII

796 3197 983 3255 Postumis
1001 3196 1132 3254 nonnul

361 3392 577 3514 atauus
618 3392 759 3512 rats
803 3389 991 3511 rttrt.
1035 3439 1101 3457 -
1146 3387 1462 3508 rnatsntun
1489 3375 1572 3455 <tt

663 3623 786 3692 (Mnaso,
812 3621 1027 3686 conciliatam.
1047 3622 1116 3689 XX,
1138 3619 1191 3676 ool.
1206 3623 1268 3684 oo.)

176 3939 258 3992 Anno
272 3933 423 3992 Donniniom
440 3932 636 3991 incarnationis
653 3931 799 3991 millesimo
815 3932 1018 4007 septuagesimo
1029 3930 1124 4001 tertio,
1138 3928 1284 3988 indictione
1300 3927 1455 3986 undecima.

176 4030 322 4101 Regnanto
345 4027 466 4084 Domino
491 4028 556 4082 lesa
579 4024 701 4093 (innuo,
716 4041 788 4083 anno
806 4025 1023 4084 clementissima
1040 4023 1233 4081 incarnationis
1246 4022 1305 4096 cias
1317 4022 1463 4079 millesimo
1483 4019 1684 4093 septuagesimo
1699 4019 1795 4088 tertio,

41 4160 44 4165 .
140 4115 286 4175 indictione
296 4123 323 4173 at
342 4115 405 4172 luna
419 4112 605 4183 undecimas
619 4113 759 4172 Kalendas
771 4115 846 4183 Maii,
861 4111 929 4172 feria
943 4118 1073 4187 monada,
1083 4116 1126 4175 dio
1139 4117 1286 4190 sepulture
1299 4114 1403 4173 domini
1418 4112 1565 4172 Alexandri
1587 4115 1666 4171 bona
1682 4127 1797 4169 memo-

140 4210 188 4269 rias
210 4207 323 4267 meandi
344 4222 432 4281 papas,
455 4222 491 4264 ne
513 4205 592 4264 sedes
612 4207 758 4280 apostolica
781 4207 828 4265 dio
843 4207 933 4282 lugeat
955 4211 1066 4284 proprio
1077 4210 1208 4269 desolata
1233 4218 1351 4284 pastore,
1369 4209 1524 4283 oongragati
1540 4208 1568 4264 in
1586 4207 1698 4264 basilica
1717 4205 1796 4264 Beati

140 4304 216 4361 Patri
227 4301 264 4361 ad
278 4301 400 4369 Vincula,
413 4317 464 4360 nos
478 4309 579 4360 mamre
593 4303 727 4359 Romame
746 4302 887 4360 catholicae
909 4311 937 4360 et
954 4305 1108 4378 apostoliea
1128 4304 1256 4362 Faciesiae
1275 4302 1442 4370 cardinales,
1463 4301 1568 4370 olens,
1583 4298 1714 4375 acolythi,
1730 4298 1796 4357 sab

140 4397 261 4465 diaconi,
277 4395 399 4466 diaconi,
409 4395 569 4470 presbyteri,
590 4395 772 4470 pratentibus
784 4396 982 4456 venerabilibus
992 4399 1125 4472 episcopis
1141 4407 1170 4456 at
1188 4397 1341 4469 abbatiolas,
1362 4397 1467 4455 clericis
1484 4405 1513 4454 et
1524 4395 1668 4454 monachis
1679 4410 1795 4453 conam

141 4491 286 4560 tindbns,
300 4491 424 4565 plurirms
442 4491 532 4549 turbis
543 4492 685 4564 utriusque
702 4506 784 4549 sorus
803 4490 956 4564 divamque
968 4492 1071 4549 ordinis
1088 4493 1317 4559 acclamantibus,
1334 4491 1461 4565 eligimus
1476 4491 1556 4549 nobis
1573 4490 1600 4547 in
1615 4497 1753 4563 pastorem
1767 4497 1796 4546 et

23 4642 26 4647 .
141 4601 282 4644 summum
306 4585 462 4659 pontificem
479 4585 569 4643 virum
587 4584 755 4659 religiosum,
770 4585 887 4658 geminae
904 4585 1025 4643 scientia
1044 4585 1188 4658 prudentia
1211 4586 1368 4659 pollentem,
1384 4585 1520 4658 aequitatis
1540 4583 1693 4658 etiustitiae
1724 4597 1794 4656 praa

142 4679 339 4737 smdsdmum
353 4687 518 4744 amatorem,
542 4678 571 4735 in
597 4677 718 4736 adversis
742 4674 852 4746 iortem,
866 4679 894 4734 in
917 4680 1055 4753 prosperis
1072 4688 1266 4753 temperatum,
1287 4681 1414 4753 et,juxta
1428 4677 1552 4751 Apostoli
1574 4677 1690 4746 dietum,
1714 4677 1795 4734 bonis

122 4830 127 4837 ,
142 4772 265 4829 moribus
280 4781 423 4843 ornatum,
437 4771 577 4845 pudicum,
591 4771 757 4840 modestum,
773 4770 907 4843 sobrium,
926 4783 1047 4841 camum,
1061 4774 1240 4850 hospitalem,
1255 4773 1372 4832 domum
1386 4789 1464 4830 suam
1475 4773 1544 4830 bene
1558 4779 1695 4845 repentem
1708 4777 1793 4839 (tlt),

140 4865 169 4920 io
185 4863 291 4939 monnio
303 4863 385 4935 hujus
396 4864 493 4922 mauis
506 4864 633 4922 Ecclesia
652 4880 668 4922 a
686 4865 801 4939 pucritia
814 4866 882 4924 satis
891 4867 1017 4926 nobiliter
1029 4867 1174 4926 educamm
1187 4877 1215 4926 et
1228 4867 1354 4936 doctum,
1367 4875 1447 4938 atque
1463 4881 1512 4938 pro
1525 4866 1588 4923 uitae
1598 4864 1696 4921 merito
1706 4865 1736 4920 in
1749 4879 1794 4921 ar·

113 5014 117 5019 .
142 4958 348 5015 chidieoonatus
369 4957 503 5015 honorem
518 4973 603 5031 usque
626 4957 707 5016 hodio
728 4959 924 5031 sublimatum,
946 4961 1165 5020 Hildebrandum
1180 4961 1304 5020 videlicet
1315 4959 1548 5029 archidiaconum,
1574 4974 1686 5033 quomo
1709 4957 1794 5015 modo

144 5055 170 5122 [e
194 5052 289 5121 modo]
306 5066 393 5124 usquc
414 5052 441 5108 in
456 5051 653 5125 sempiternum
667 5060 695 5108 ct
707 5067 766 5109 esse
784 5062 812 5110 et
830 5053 883 5110 dici
906 5055 1071 5128 Gregorinm
1088 5071 1187 5129 papam
1198 5065 1227 5113 et
1238 5054 1416 5129 apostolicum
1430 5054 1556 5111 volumus
1569 5062 1595 5111 et
1609 5052 1794 5126 approbamus

141 5145 307 5219 [approbatis
321 5147 406 5202 sumt
429 5144 634 5217 approbamus.
657 5145 749 5202 Placet
772 5145 866 5204 robis?
880 5146 979 5220 placet.
992 5150 1082 5207 Vultis
1095 5152 1176 5206 euml
1191 5149 1327 5206 volumus.
1350 5144 1479 5204 Laudatis
1492 5149 1576 5205 eum?
1590 5145 1744 5204 laudamus.

178 5245 248 5298 Acta
268 5242 382 5306 Roma,
404 5239 512 5297 decimo
533 5237 673 5297 Kalendas
695 5239 774 5309 Maii,
796 5240 942 5300 indictione
953 5241 1104 5301 undecima.

162 5394 252 5475 'illiti
266 5393 362 5448 Exstat
379 5390 504 5463 Gregorii
523 5392 572 5448 Vll
582 5391 738 5466 Regimum
760 5393 787 5477 in
810 5393 940 5477 Vaticana
957 5394 1137 5463 caanodtato
1163 5401 1192 5449 et
1210 5390 1316 5449 ordinis
1337 5392 1468 5466 dignitato
1492 5393 1693 5467 praemineret,
1716 5386 1793 5464 quod

142 5462 316 5546 brblrotlreca,
338 5462 373 5518 de
393 5478 448 5535 quo
462 5463 626 5520 Beroaldus
646 5465 875 5533 Constantianus,
891 5465 939 5548 qui
993 5465 1079 5548 illurn
1092 5464 1177 5547 latere
1200 5478 1258 5520 non
1281 5466 1382 5547 poterit
1402 5466 1559 5547 quicunque
1577 5464 1701 5537 ejusdem
1720 5478 1789 5535 apo·

142 5535 939 5687 stlatJtttt⁰stt¹¹tltitel⁰ttttltsitiit
993 5536 1700 5679 ⁸‘t'ts‚insatiabilitatis“tutans
1728 5601 1791 5662 m.

140 5691 229 5759 samus
243 5676 394 5746 institutor,
412 5688 439 5732 et
457 5676 647 5734 ecclesiasticae
662 5677 793 5734 libertatis
808 5677 940 5734 sueonia·
992 5691 1045 5731 ms.
1059 5677 1151 5733 saecoli
1166 5677 1277 5749 quidem
1291 5678 1418 5747 xv1,sed
1432 5693 1463 5734 er
1478 5679 1624 5752 antiquiori
1637 5679 1718 5733 bonae
1735 5673 1793 5732 iro·

139 5760 230 5829 armus
252 5746 390 5831 defensor.
411 5749 505 5807 tionis
527 5762 593 5804 sane
608 5755 637 5803 ut
657 5749 856 5804 sociniasticus
868 5746 938 5805 orda
991 5748 1032 5819 pis
1049 5748 1186 5821 descripto
1204 5750 1286 5818 eruit,
1301 5751 1375 5806 etad
1394 5763 1439 5805 me
1460 5749 1610 5808 transmisit
1636 5751 1668 5804 Ρ.
1689 5749 1790 5804 Franc.

138 5815 269 5876 ambus
282 5819 417 5876 lusorum
429 5819 594 5893 subjaceret,
609 5817 658 5876 red
670 5817 775 5875 mdam
787 5825 816 5876 st
825 5830 938 5877 morum
992 5826 1095 5877 antam
1110 5820 1241 5880 Zacharia
1251 5821 1278 5878 S.
1292 5823 1319 5878 l.
1334 5824 1449 5879 Mansa.
