3870 6164
186 256 239 311 315

523 248 552 305 S.
572 242 735 306 damona
752 248 798 305 vll
815 249 914 306 PAPAE
933 249 1071 308 ornauit
1090 249 1177 306 etas
1196 250 1216 306 l.
1237 277 1273 291 -
1292 246 1493 305 abelsattim.

1782 244 1838 301 did

184 376 278 436 denua
290 382 373 450 supra
384 372 500 432 modurn
519 371 657 429 diminuta
667 378 696 429 et
708 380 848 431 contemta
872 372 906 430 ab
921 390 980 432 om·
994 384 1021 447 Α
1035 375 1100 433 dam
1122 373 1304 448 privilegium,
1317 371 1393 447 quod
1406 370 1494 429 beatae
1506 368 1706 429 recordationis
1725 367 1839 445 prede·

185 470 270 529 nibus
281 469 465 545 eognosdtur.
489 466 517 525 si
539 480 604 523 aero
617 465 731 524 Arlasto
742 456 903 537 '[Ariastus]
917 484 982 526 con·

187 573 230 623 tra
250 563 310 621 baro
330 564 503 621 recalcitrare
531 559 630 617 abhinc
649 562 811 628 tentaverit,
834 563 982 633 apostoliea

82 710 85 717 .
185 653 593 717 anctoritatesibietBalduino
601 652 691 712 abbati
701 654 838 728 praecipite
849 653 984 713 nteedem

186 753 365 826 apostolicam
378 751 412 808 ad
427 750 486 807 ltaec
501 747 710 807 determinanda
733 754 837 821 petant.

221 848 290 903 Data
305 845 339 903 ad
355 846 488 902 Sanctum
502 844 683 910 Germanum,
703 842 867 900 duodecimo
881 842 984 900 Kalen·

186 939 236 999 des
258 937 428 1007 Decembris,
446 936 596 994 indictione
622 935 794 995 duodecima.

401 1041 579 1098 aristone
607 1040 732 1097 xxxii.

243 1162 286 1203 an
305 1158 459 1204 amonis
478 1157 720 1201 conuersusmnt
739 1156 918 1201 masconius.

486 1242 577 1306 (Anno
593 1239 686 1304 tota.)

191 1344 226 1399 nt
239 1340 277 1396 od
297 1356 388 1396 euram
406 1355 461 1396 sate
475 1339 603 1408 abbatie,
622 1343 721 1395 renato
736 1340 791 1394 elio
812 1340 916 1394 intmso
934 1340 982 1394 ad·

154 1420 157 1425 '
187 1456 190 1461 .
224 1410 295 1475 bote,
305 1414 431 1468 restituat
443 1410 587 1483 quemdam
597 1408 786 1477 isimbardum,
799 1412 826 1464 si
833 1408 911 1466 nulla
925 1410 983 1465 olio

87 1500 92 1511 ·
223 1482 302 1554 scalpe
320 1485 437 1539 incentat
453 1499 512 1539 eum
534 1485 689 1553 priuatum,
710 1483 766 1537 niti
779 1481 851 1552 quod
864 1483 984 1537 Hieroso

136 1606 150 1617 ,
223 1555 323 1624 iqtttom
336 1554 482 1610 dmoiioaa's
496 1569 578 1610 tomo
593 1557 728 1624 prolectas
744 1555 839 1620 suerit.

222 1649 537 1728 Gnncoarusepisoopus,
545 1670 641 1712 sertus
650 1670 791 1711 servorum
800 1654 863 1721 Dei,
876 1656 985 1709 Anauoo

42 1726 50 1737 λ’
110 1795 114 1801 .
188 1747 336 1823 [lauacro]
359 1748 567 1807 carnotensium
582 1749 711 1823 episcopo
737 1749 898 1805 salutemet
919 1763 982 1821 apo-

77 1864 82 1873 ·
185 1842 311 1900 stolieam
332 1841 558 1900 benedictionem.

221 1935 400 1993 Praesentium
415 1936 532 2008 portitor
541 1936 711 1993 isimbardus
724 1934 811 1993 abbas
825 1935 983 1993 monasteria

186 2029 279 2086 Sancti
299 2026 476 2086 Laodomarii
495 2029 681 2099 ssaunoman,
701 2031 799 2086 Mutia
821 2028 983 2103 audomari]

187 2119 223 2178 ad
241 2122 420 2195 apostolicam
438 2121 547 2180 veniam
565 2121 675 2190 sedem,
697 2120 799 2180 nostris
816 2129 929 2195 questus
942 2131 985 2179 est

186 2214 298 2273 auribus
310 2230 341 2272 se
357 2214 478 2288 praelatae
492 2215 609 2274 abbatim
625 2231 719 2273 cerere
731 2216 896 2284 obedientia,
907 2216 984 2274 nulla

6 2358 10 2365 .
71 2332 74 2336 >
188 2308 387 2367 interveniente
417 2309 507 2382 culpa,
535 2309 585 2365 nlri
619 2309 695 2383 quia,
721 2307 812 2366 divino
838 2324 985 2366 succensus

70 2420 74 2427 ’
183 2417 294 2468 amore,
306 2403 426 2475 perrexit
438 2402 678 2476 Hierosolymam3
694 2419 708 2459 a
725 2419 779 2475 qua
790 2400 856 2459 dum
866 2401 983 2471 rediret,

185 2496 291 2553 invenit
301 2495 448 2569 quemdam
461 2495 587 2553 abbatem
605 2495 717 2553 nomine
737 2495 912 2566 Gallionem,
927 2510 985 2554 suae

188 2587 331 2660 praelatum
344 2588 471 2660 abbatiae,
487 2598 517 2646 ut
527 2588 693 2657 audivimus,
706 2606 763 2647 non
781 2590 863 2647 simili
882 2589 985 2663 predi-

187 2690 247 2739 turn
256 2668 398 2755 religione,
407 2699 496 2756 neque
506 2684 541 2740 ab
550 2683 602 2740 alio
611 2681 920 2757 [sorte,abilio,llano.]
930 2700 985 2741 mo·

186 2776 305 2834 nasterio
322 2776 483 2851 regulariter
498 2785 653 2850 sumptum.
676 2778 842 2835 Fraternitas
854 2793 918 2852 ergo
938 2785 985 2835 tua

181 2867 294 2926 studeat
317 2870 359 2943 pia
375 2870 514 2941 inquirere
534 2870 729 2940 sollicitudine,
749 2879 778 2927 et
799 2871 880 2928 istius
896 2887 985 2929 remo-

184 2961 298 3033 tionem,
314 2971 343 3020 et
359 2963 430 3021 illius
451 2963 670 3032 ordinationem
685 2974 767 3036 atque
780 2964 803 3021 ai
817 2965 847 3022 in
867 2964 920 3022 boc
934 2958 985 3022 ail-

185 3071 239 3129 qua
260 3072 316 3115 non
339 3056 476 3114 invenitur
500 3057 592 3130 eulpa,
610 3057 664 3113 nisi
690 3055 822 3130 profectio
839 3056 874 3113 ad
889 3058 988 3114 lliero-

189 3152 329 3223 solymam
352 3149 436 3224 (quod
463 3149 574 3224 quidem
599 3149 726 3207 ducimus
746 3148 939 3220 tolerandum),
954 3167 986 3209 ao

187 3243 330 3301 sollicitius
340 3252 369 3300 et
378 3244 531 3319 religiosius
541 3258 573 3300 eo
589 3243 660 3301 valet
673 3243 702 3300 in
718 3242 985 3318 regiminelratram,

188 3338 241 3395 iste
268 3337 363 3409 utique
385 3338 559 3408 restituetur,
579 3337 626 3394 ille
648 3352 712 3394 vero
726 3336 880 3410 dejiciatur.
904 3336 985 3408 Quod

188 3430 211 3487 si
237 3438 266 3487 et
290 3431 340 3487 iste
373 3431 457 3488 aliam
487 3430 627 3488 commisit
657 3431 767 3504 culpam
795 3445 945 3503 quaecum
970 3446 986 3488 a

187 3524 317 3597 regimine
328 3524 400 3597 juste
415 3532 566 3592 removeat,
590 3532 619 3583 et
638 3524 685 3581 ille
710 3523 864 3597 religiosius
886 3527 939 3583 isto
957 3541 985 3582 tn

188 3617 423 3675 administratione
446 3618 600 3691 pervigilat,
615 3616 805 3690 ordinatioque
825 3617 884 3690 ejus
909 3634 985 3691 repe·

189 3711 276 3767 natur
290 3711 424 3783 legitime,
443 3710 515 3767 bunc
528 3710 641 3783 quidem
656 3709 838 3768 isimbardum
848 3710 926 3769 nobis
938 3720 984 3770 tua

190 3801 350 3859 fraternitas
362 3819 426 3860 eum
446 3803 544 3859 litteris
564 3803 698 3873 remittet,
713 3811 742 3860 et
761 3803 806 3861 ille
822 3804 848 3861 in
862 3820 912 3862 suo
925 3805 985 3863 loco

191 3904 361 3970 permaneat.
373 3897 401 3953 Si
413 3911 476 3953 vero
488 3895 560 3954 illius
579 3898 718 3969 promotio
739 3897 894 3954 simoniaca
906 3898 987 3955 sorde

190 3989 327 4048 invenitur
347 3989 460 4058 loedata,
475 3997 541 4047 tunc
558 3990 691 4063 siquidem
705 3992 750 4048 illa
761 3993 822 4050 siue
844 4008 921 4050 more
936 3993 986 4051 de-

92 4070 95 4079 '
191 4092 308 4159 ponatur
322 4100 338 4141 a
353 4082 487 4157 regimine
501 4082 630 4153 fratrum,
652 4094 679 4143 et
697 4086 767 4142 alter
786 4087 811 4144 ei
826 4086 988 4161 regulariter

190 4176 379 4234 stmsbtoatur.
394 4176 532 4250 Quidquid
545 4185 636 4235 autem
652 4183 700 4236 tua
714 4178 807 4254 religio
825 4196 907 4253 super
922 4181 987 4238 utri-

192 4284 278 4345 usque
296 4286 377 4329 cause
397 4270 553 4344 expleverit,
570 4270 882 4332 incastraturarum
906 4275 987 4335 nobis

191 4363 302 4423 nudem
320 4363 408 4424 lacere
436 4373 545 4422 notum.

228 4463 296 4517 Data
303 4458 629 4535 Argenteaeiargentaee,
641 4465 668 4516 et
678 4463 716 4517 sic
725 4460 813 4534 intro]
821 4462 987 4522 vKaiendas
1003 4464 1029 4527 ll

190 4552 366 4623 Decembris,
384 4553 533 4611 indictione
550 4553 720 4611 duodecima.

424 4658 599 4715 EPISTOLA
617 4657 756 4715 xxxiii.

293 4776 329 4815 an
353 4774 467 4816 marnes
485 4776 651 4818 uoaasnnau
674 4777 764 4817 arara
786 4778 885 4817 naara.

490 4860 582 4922 (Anno
602 4855 693 4926 tote.)

192 4957 424 5026 Privileqittmsut'
431 4957 643 5027 predecessoris,
660 4960 726 5029 quia
745 4959 848 5026 fultam
862 4973 916 5014 esse
929 4974 988 5013 eea-

1034 467 1150 526 eeesoris
1169 468 1253 525 nostri
1267 464 1416 525 Alexandri
1438 464 1551 523 nomine
1574 464 1717 523 titulatum
1731 462 1838 522 inveni·

1036 576 1100 620 mus
1114 582 1121 619 ε
1137 560 1213 633 qood
1233 560 1366 618 nimirum
1381 568 1473 617 ratum
1492 573 1549 615 non
1566 574 1626 616 esse
1646 556 1838 615 modestissi-

1036 654 1090 711 mis
1113 655 1342 733 deprehendimus
1363 652 1483 721 indiciis,
1507 652 1683 724 corruptione
1705 651 1839 709 videlicet

1036 753 1202 820 Latinitatis,
1217 765 1269 807 neo
1279 763 1337 806 non
1352 755 1379 803 et
1392 746 1547 804 diversitate
1559 745 1697 803 canonicae
1716 745 1838 803 anctori-

1036 849 1111 908 tatis.
1132 843 1298 920 congruenti
1320 841 1404 915 igitur
1421 839 1638 912 rationemque
1652 847 1730 898 retus
1751 838 1837 897 robo-

1036 960 1107 1011 rare,
1137 955 1226 1016 neque
1246 943 1341 995 nostro
1362 934 1472 992 nornine
1495 949 1599 991 norum
1622 934 1737 1007 dignum
1756 933 1838 991 duxi·

1035 1053 1097 1096 mus
1118 1032 1367 1109 impresentiarum
1390 1043 1556 1101 componere
1580 1046 1588 1084 ι
1608 1027 1672 1101 qaia
1689 1041 1753 1100 quae
1770 1035 1838 1086 sunt

1037 1132 1108 1204 iusta
1119 1136 1148 1187 et
1165 1129 1210 1203 pia
1224 1124 1343 1200 postulat
1356 1121 1538 1181 ecclesiastica
1552 1121 1653 1196 regula.
1670 1120 1740 1179 Cum
1758 1121 1836 1177 enim
1856 1200 1861 1208 .

1037 1221 1224 1283 Dordoneusis
1241 1216 1429 1294 [Dertcnensis
1443 1220 1469 1272 et
1481 1218 1520 1271 sic
1531 1212 1620 1289 intro]
1640 1213 1771 1283 Mena,
1784 1230 1838 1272 cn-

1035 1320 1081 1392 Jus
1091 1315 1227 1392 parochiae
1240 1311 1380 1386 adjacetis,
1400 1316 1530 1384 operante
1543 1323 1662 1380 superna
1677 1307 1836 1376 clementia,

1037 1411 1169 1470 canonice
1182 1408 1267 1466 fuerit
1280 1404 1415 1472 ordinata,
1434 1411 1500 1460 tune
1514 1400 1639 1476 quidem,
1655 1398 1754 1458 comite
1769 1400 1837 1468 rita,

1038 1523 1071 1564 ex
1084 1518 1220 1563 comensu
1233 1500 1357 1575 ejusdem
1376 1496 1448 1555 sedis
1461 1495 1592 1569 episcopi,
1615 1494 1745 1568 proficuae
1765 1494 1838 1552 utili·

1037 1599 1101 1658 tatis
1129 1595 1297 1671 privilegium
1322 1598 1419 1650 aestrae
1453 1590 1607 1648 necessitati
1633 1588 1840 1663 providebimus

1001 1692 1171 1780 Boanonica
1194 1688 1357 1746 auctoritate
1381 1683 1536 1742 suffultum.
1560 1683 1643 1755 Quod
1664 1684 1699 1752 si,
1719 1682 1839 1757 peccatis

1040 1786 1222 1861 exigentibus,
1241 1781 1337 1840 eadem
1351 1779 1463 1838 ecclesia
1477 1778 1609 1836 canonice
1621 1793 1677 1835 non
1691 1776 1775 1834 luerit
1794 1792 1838 1834 or·

1037 1880 1141 1949 dinata,
1160 1888 1227 1936 tunc
1242 1877 1324 1934 etiam
1345 1871 1511 1941 muninime,
1525 1888 1580 1946 quo
1591 1873 1664 1945 iuste
1677 1870 1838 1940 valebimus,

1038 1974 1114 2032 vobis
1126 1973 1239 2030 omnino
1251 1968 1448 2027 solatiabimur.
1463 1966 1533 2038 Quia
1549 1980 1612 2022 cero
1625 1979 1741 2038 persona
1756 1964 1840 2022 vestri

1037 2067 1129 2135 electi,
1149 2066 1211 2124 lioet
1232 2063 1355 2121 honestis
1375 2060 1485 2135 pradia
1507 2057 1631 2116 videatur
1643 2056 1779 2127 moribus,
1803 2057 1840 2116 ad

1037 2162 1144 2219 abbatis
1160 2169 1255 2216 tamen
1269 2156 1405 2223 olflcium,
1421 2169 1484 2211 cum
1499 2160 1582 2212 aetate
1600 2152 1758 2209 tumeliam
1775 2167 1839 2208 cor-

1038 2255 1114 2330 poris
1135 2252 1311 2320 infirmitate,
1341 2249 1423 2306 nobis
1443 2247 1498 2304 visa
1519 2255 1563 2304 est
1584 2246 1697 2317 debilis,
1724 2254 1839 2320 utpote,

1038 2364 1121 2422 quem
1144 2355 1252 2420 oportet
1277 2360 1327 2418 pro
1350 2343 1478 2400 omnibus
1501 2339 1709 2398 sollicitudinem
1731 2355 1839 2414 gerere,

1038 2441 1167 2500 eumdem
1185 2441 1303 2497 electum
1318 2436 1507 2494 monuimusa
1525 2433 1683 2507 praelatione
1697 2432 1839 2502 desistere,

1037 2536 1060 2594 ei
1076 2551 1105 2593 se
1117 2534 1267 2592 invalidum
1277 2530 1392 2588 fratrum
1404 2527 1655 2602 opportunitatibus
1670 2526 1841 2601 perspexerit

1038 2645 1093 2687 non
1107 2645 1187 2703 posse
1202 2626 1328 2685 sulficere
1340 2644 1347 2681 :
1360 2624 1403 2681 cui
1421 2632 1522 2690 tamen,
1536 2621 1627 2696 quoad
1641 2620 1790 2694 praefuerit,
1809 2621 1840 2677 in

1037 2722 1161 2799 eiusdem
1180 2720 1317 2795 religionis
1333 2726 1428 2776 tenore
1443 2724 1659 2789 perseverantes,
1674 2715 1704 2771 in
1723 2731 1777 2787 qua
1792 2730 1839 2772 ve-

1037 2826 1093 2876 ster
1111 2832 1160 2874 ros
1173 2812 1319 2873 defunctus
1339 2810 1457 2869 instituit
1475 2819 1562 2884 pater,
1580 2808 1699 2867 debitam
1712 2823 1841 2867 reueren-

1039 2911 1104 2968 tiam
1122 2907 1255 2968 exhibete.
1278 2905 1378 2965 Caeteri
1392 2919 1502 2979 quoque
1522 2901 1648 2960 monachi
1668 2902 1749 2960 vestri
1772 2917 1841 2959 con·

1040 3004 1115 3073 socii,
1131 3019 1178 3077 per
1191 3001 1272 3059 cellas
1285 3000 1320 3058 ab
1338 2998 1435 3057 eodem
1451 3006 1528 3072 patre
1544 3005 1635 3055 vestro
1652 3004 1838 3061 constructos,

1005 3094 1073 3158 Cut
1090 3096 1238 3154 vobiscum
1253 3097 1309 3152 sint
1321 3094 1477 3160 unanimes,
1487 3091 1631 3163 eidemque
1646 3099 1737 3147 vestro
1745 3088 1840 3147 abbati

1038 3200 1193 3249 reverenter
1212 3186 1351 3254 obediant,
1366 3185 1529 3244 auctoritate
1543 3184 1715 3257 precipimus
1729 3191 1841 3256 aposto·

1038 3286 1098 3342 lica.
1125 3283 1195 3357 Quia
1211 3282 1355 3355 epistolare
1369 3277 1565 3353 compendium
1582 3278 1678 3343 multa,
1696 3292 1760 3351 quae
1779 3276 1842 3333 fra-

1038 3377 1127 3435 tribus
1137 3377 1233 3435 vestris
1245 3374 1444 3443 intimavimus,
1458 3381 1555 3429 vestrae
1578 3369 1739 3428 iratemltati
1752 3369 1842 3427 notili·

958 3525 964 3537 ,
1036 3486 1100 3530 care
1110 3486 1165 3528 non
1175 3471 1288 3544 patitur,
1304 3483 1366 3541 qute
1381 3465 1443 3525 baie
1456 3464 1581 3538 epistolae
1594 3462 1698 3521 desunt
1716 3460 1842 3538 predicti

1039 3565 1135 3622 fratres
1153 3563 1266 3621 auribus
1281 3560 1378 3618 vestris
1388 3559 1446 3616 risa
1456 3557 1693 3616 rocenarrabunt.

1074 3661 1144 3715 Data
1156 3637 1300 3730 ⁸Argentea
1311 3670 1343 3713 rr
1351 3652 1491 3710 Kalendas
1501 3651 1673 3722 Decembris,
1688 3650 1841 3708 indictione

1039 3751 1213 3811 duodecima.

1263 3858 1441 3917 aristone
1475 3856 1611 3914 XXXIV.

1088 3980 1129 4022 an
1147 3976 1314 4023 nannntnrt
1332 3973 1582 4019 tracocunntserr
1601 3971 1784 4049 antecoenia.

1335 4069 1429 4137 (Anno
1455 4064 1548 4136 tote.)

1045 4177 1127 4231 arcet
1137 4171 1300 4227 homicidum
1312 4186 1330 4226 o
1343 4172 1418 4226 acori
1430 4169 1527 4224 citeris
1540 4167 1688 4223 ministerio
1700 4186 1708 4223 ε
1719 4166 1842 4223 mandit

1077 4249 1167 4300 temen
1180 4243 1236 4306 illi,
1251 4245 1277 4299 si
1285 4243 1470 4313 portiteatt'om
1481 4241 1576 4309 eqere't,
1587 4242 1620 4293 ut
1632 4236 1777 4309 stipendiis
1787 4238 1840 4294 Bc-

1075 4317 1162 4370 elest‘oe
1179 4315 1220 4368 oli
1236 4316 1332 4385 possit.

1077 4410 1841 4489 Ganooarnsepiscopus,smmsaarroramllei,lixrrx·

1042 4525 1094 4569 nto
1107 4509 1280 4567 Lincolnensi
1299 4509 1326 4564 in
1338 4507 1437 4582 Anglia
1451 4500 1579 4581 episeopo
1597 4506 1714 4564 salutem
1729 4512 1759 4562 et
1771 4518 1841 4579 apo·

1041 4604 1166 4663 stolicam
1193 4602 1423 4661 benedictionem.

1077 4700 1206 4756 Latorem
1220 4699 1409 4771 presentium,
1419 4712 1503 4772 quem
1514 4695 1693 4754 fraternitatis
1702 4705 1757 4754 tute
1767 4696 1841 4754 litte-

1042 4804 1081 4848 rte
1113 4789 1260 4848 homicidio
1289 4790 1454 4848 maculatum
1482 4790 1561 4847 nobis
1593 4788 1840 4857 denuntiaremus,

1042 4883 1114 4941 nulla
1124 4891 1282 4941 sanctornm
1298 4886 1413 4941 Petrum
1426 4884 1576 4940 auctoritas
1587 4882 1712 4940 concedit
1724 4881 1843 4939 ulterius

1042 4977 1126 5034 sacris
1146 4977 1276 5034 altaribus
1295 4974 1460 5044 ministrare,
1475 4990 1526 5032 nec
1547 4990 1599 5032 nos
1611 4976 1689 5032 decet
1702 4974 1841 5031 constitu·

227 5030 312 5097 udat,
336 5043 383 5083 nco
402 5030 460 5084 uolt
481 5032 650 5099 confirmare,
669 5045 716 5085 aec
744 5031 820 5086 aliud
840 5028 988 5086 macedam.

227 5100 320 5171 Ipsam
333 5099 441 5154 electum
457 5100 592 5166 abbatem,
607 5101 661 5155 ribi
674 5101 801 5156 &oneum
820 5116 873 5155 non
891 5103 988 5167 visum,

228 5186 246 5225 a
267 5185 295 5227 se
309 5172 440 5226 monitum
453 5171 538 5237 titisse
552 5173 687 5242 siqaipoot
701 5177 732 5226 ut
746 5172 930 5245 ammistione
945 5169 991 5226 de-

229 5245 310 5298 sistet
333 5242 435 5312 :iubet
453 5248 542 5298 mmm
560 5248 591 5298 ut
608 5246 717 5298 interim
736 5245 762 5298 ei
781 5242 916 5298 obediant.

1043 5070 1108 5128 tioni
1118 5070 1198 5135 illius,
1210 5068 1285 5143 quod
1295 5068 1376 5126 absit!
1392 5084 1533 5124 assensum
1545 5068 1692 5141 prtebeudo
1704 5082 1842 5124 canonum

1043 5163 1154 5220 statutis
1177 5161 1324 5219 contraire.
1346 5164 1407 5219 Tua
1427 5169 1520 5218 tamen
1533 5160 1638 5234 religio,
1661 5159 1682 5217 si
1702 5175 1767 5217 eum
1787 5175 1840 5233 pro

1043 5257 1193 5314 commisso
1207 5255 1320 5313 crimine
1336 5253 1500 5328 perspexerit
1511 5255 1625 5328 dignum
1639 5256 1698 5311 Deo
1711 5251 1843 5310 exhibere

229 5342 381 5400 Ganoomos
391 5343 543 5416 episeopus,
557 5358 652 5401 sertus
665 5359 809 5401 serrorum
823 5344 883 5413 Dei,
897 5343 991 5402 fratri·
1044 5349 1164 5407 lractum
1180 5349 1358 5424 poenitentiae,
1383 5346 1436 5405 boc
1449 5348 1500 5405 sibi
1518 5347 1733 5406 misericorditer
1752 5347 1844 5420 prori-

193 5437 245 5495 bua
257 5437 414 5494 monasterii
428 5438 516 5495 beatae
528 5437 632 5505 Mariae,
647 5438 692 5494 siti
706 5436 734 5494 in
751 5439 908 5511 episcopatu
919 5442 990 5498 Dor·
1044 5443 1116 5511 deat,
1130 5458 1165 5500 ne
1176 5440 1321 5515 stipendiis
1340 5440 1528 5499 ecclesiasticis
1542 5451 1645 5511 careat,
1666 5448 1761 5514 atque,
1776 5455 1844 5511 peu·

193 5530 324 5602 dunensi,
340 5530 456 5588 salutem
469 5539 498 5587 et
510 5530 687 5604 apostolicam
709 5530 935 5590 benedictionem.
1044 5545 1149 5610 pcrtate
1164 5534 1344 5609 pusillanimis
1363 5534 1461 5604 lactus,
1484 5534 1575 5592 divina
1597 5541 1749 5608 postponat
1769 5548 1843 5606 prte-

229 5623 348 5681 l’eniens
362 5624 396 5681 ad
420 5630 543 5681 nostram
564 5625 738 5696 presentiam
762 5624 847 5684 irater
871 5629 989 5707 Benedi·
1044 5637 1148 5702 cepta:
1168 5627 1233 5686 licet
1257 5643 1376 5701 namque
1399 5626 1677 5685 sacerdotiumnullo
1696 5634 1844 5701 pactoun·

192 5724 266 5788 otus,
279 5729 361 5790 quern
377 5717 558 5791 postobitum
573 5717 656 5790 patris
676 5718 775 5776 Ubertl
788 5720 881 5792 religio
900 5728 990 5779 vestm
1045 5737 1126 5796 quam
1150 5729 1286 5779 mereatur
1299 5720 1430 5794 recipere,
1443 5721 1556 5794 dignum
1571 5728 1665 5780 tamen
1690 5727 1733 5778 est
1748 5734 1845 5789 conss

193 5810 244 5867 sibl
259 5822 374 5883 preesse
395 5810 476 5885 elegit
495 5812 522 5869 ln
535 5811 675 5882 abbatem,
688 5812 787 5872 detulit
806 5812 885 5872 nobis
902 5814 989 5887 quod·
1044 5815 1091 5889 qul
1104 5828 1169 5875 eum
1181 5813 1289 5890 aliquod
1309 5813 1475 5873 beneflcium
1488 5814 1684 5889 sbapostolict
1693 5810 1768 5874 sade.
1780 5812 1845 5873 ab·
