3870 6164
137 253 167 306 rr
370 211 374 218 ⁵
749 248 777 303 s.
798 248 989 304 caesonius
1009 248 1052 302 vn
1073 248 1171 302 1111.
1203 230 1209 238 “
1417 302 1425 327 .
1754 252 1786 302 ra

135 371 273 433 defensor.
293 372 404 430 Exactis
423 373 516 445 itaque
539 372 568 428 in
581 370 746 428 Pontificem
764 372 847 428 'annis
864 369 934 429 duo·
947 386 974 449 g
987 376 1045 428 tem
1068 370 1208 429 miraculis
1230 371 1337 438 clarus,
1363 369 1479 444 ejusque
1502 385 1613 427 sacrum
1637 388 1738 444 corpus
1759 373 1787 428 in

135 465 234 530 decim,
257 467 384 540 migrarit
402 467 429 522 in
451 466 553 523 ooelum
574 481 646 521 anno
669 454 763 520 salutis
788 463 935 520 millesimo
988 462 1144 522 cathedrali
1168 465 1285 522 Basilica
1304 465 1473 522 Salernitana
1491 472 1534 521 est
1552 464 1699 522 honorilice
1723 482 1789 523 oon·

135 560 306 634 octogesimo
323 561 435 633 quinto,
459 560 584 633 pluribus
609 560 638 614 in
661 559 713 614 vita
728 568 755 617 et
777 567 839 632 post
863 575 936 615 mor·
988 559 1086 617 ditum.

459 772 805 982 SAHC'H
841 864 1291 983 ceneclan
1309 864 1472 978 ‘vu

851 1072 1082 1188 ACTA.

538 1280 648 1361 (spur
669 1239 819 1354 eornm»,
837 1283 1003 1341 narrem.
1021 1282 1060 1354 v,
1078 1281 1130 1342 me
1149 1285 1200 1357 ee,
1221 1300 1289 1360 pag.
1310 1280 1394 1358 ees.)

518 1557 1037 1651 COMMENTARIUS
1080 1555 1413 1647 PnAEvllls.

138 1737 154 1801 §
168 1736 190 1788 l.
206 1735 372 1791 laudatores
385 1739 410 1788 et
428 1734 580 1803 defessores
593 1735 727 1801 defuncti,
746 1737 811 1789 Vite
825 1750 842 1788 α
856 1733 940 1791 Paulo
956 1740 980 1802 Β
994 1733 1045 1790 hus
1061 1729 1343 1804 Magdebnrgensibus
1360 1737 1389 1785 et
1401 1730 1544 1788 chronicis
1555 1728 1789 1801 Turingensibus:

173 1807 479 1876 Bmdemi‘ma’
489 1806 559 1862 ΑΜ
567 1806 739 1876 maffia
751 1807 883 1876 ΜΡΝ·
994 1827 1134 1886 Marianus
1149 1826 1231 1882 etiam
1251 1829 1362 1891 scotus,
1375 1826 1489 1898 eiusque
1504 1826 1681 1882 continuator
1699 1826 1795 1882 Dode-

173 1921 367 1978 Sanctissimus
391 1930 418 1977 et
440 1920 667 1994 generosissimus
688 1921 815 1979 Pontifex
834 1925 937 1979 Roma·
993 1923 1107 1987 chinus,
1127 1929 1155 1977 et
1172 1920 1207 1977 ab
1226 1919 1278 1977 hoc
1301 1919 1451 1994 productus
1469 1920 1623 1991 Stephanus
1644 1920 1795 1991 Episcopus

138 2031 192 2072 nus
204 2016 355 2088 Gregorius
368 2016 513 2087 septimus,
527 2022 608 2072 antea
622 2015 711 2074 dietus
726 2017 938 2086 Hildebrandus,
993 2013 1241 2082 Helberstatensis,
1270 2012 1316 2086 qui
1344 2029 1456 2070 causam
1487 2013 1613 2086 Gregorii
1645 2011 1794 2070 fortissime

138 2106 285 2165 defunctus
298 2115 333 2165 25
348 2110 411 2165 Maii
427 2125 489 2165 ann.
509 2115 589 2165 1085.
613 2110 723 2180 praefnit
736 2111 869 2168 universae
884 2113 940 2168 Ec·
993 2119 1089 2168 contra
1113 2108 1275 2165 Heinricum
1297 2111 1404 2179 Regem
1424 2108 1499 2180 egit:
1521 2107 1621 2164 deinde
1640 2109 1669 2165 S.
1694 2107 1794 2164 Ansel-

138 2203 229 2278 clasiae
244 2219 332 2259 annos
344 2203 501 2271 duodecim,
516 2219 640 2261 mensem
651 2221 749 2270 unum,
759 2215 787 2262 et
799 2206 858 2262 dies
871 2221 939 2278 qua·
993 2221 1056 2262 mus
1077 2203 1310 2277 Archiepiscopus
1332 2202 1547 2271 Cantnariensis,
1561 2203 1641 2275 cuius
1663 2206 1730 2258 Acta
1750 2202 1797 2259 de·

138 2304 219 2362 tuor;
235 2298 340 2355 scilicet
353 2298 599 2355 inchoandosadie
611 2303 657 2355 22.
671 2299 772 2371 Aprilis
784 2299 847 2355 anni
859 2305 938 2355 10711.
993 2299 1085 2356 dimus
1120 2303 1166 2353 21.
1191 2297 1321 2369 Aprilis:
1345 2297 1492 2353 Bertoldus
1524 2298 1744 2353 constantiensis
1770 2307 1797 2354 et

139 2391 178 2448 uti
191 2392 335 2449 evidenter
352 2391 437 2464 liquet
451 2408 482 2448 er
504 2393 615 2449 decreto
628 2393 769 2450 electionis
783 2393 853 2449 infra
877 2409 940 2465 pro·
994 2393 1096 2450 Paulus
1125 2391 1349 2459 Bernriedensis,
1381 2391 1540 2463 dequibus
1566 2406 1631 2447 mox
1660 2392 1795 2463 agimus:

138 2486 278 2558 ponendo.
302 2487 566 2554 Erraveruntenim,
582 2486 627 2559 qui
650 2487 741 2544 solum
755 2494 790 2544 25
813 2488 857 2544 die
876 2488 941 2545 dicti
994 2488 1133 2545 Domnizo
1156 2487 1310 2558 Presbyter,
1326 2487 1353 2541 in
1379 2486 1441 2541 Vita
1469 2485 1623 2542 comitissae
1646 2485 1797 2552 blathildis,

139 2581 243 2639 mensis
262 2583 380 2639 electum
404 2582 509 2648 volunt,
530 2589 640 2652 sumpta
663 2581 772 2639 errandi
797 2583 942 2640 occasione
995 2582 1074 2639 libris
1087 2581 1196 2638 duobus
1206 2581 1326 2639 carmine
1340 2579 1513 2653 conscripta,
1529 2582 1586 2637 Leo
1609 2579 1755 2646 Ostiensis,
1769 2580 1797 2634 in

138 2673 315 2745 acetalogis,
335 2675 360 2731 in
376 2675 475 2745 quibus
496 2673 659 2744 decessoris,
673 2674 765 2732 triduo
781 2685 844 2732 ante
859 2676 941 2733 istam
995 2673 1135 2732 chronico
1172 2673 1324 2738 casinensi,
1355 2671 1389 2729 ad
1423 2688 1527 2729 annum
1550 2677 1629 2729 1086.
1661 2671 1794 2741 deducto,

139 2767 301 2826 electionem
322 2767 456 2838 defuncti,
479 2767 571 2825 obitus
593 2784 657 2829 eum
680 2769 853 2843 depositione
874 2785 940 2826 con·
995 2770 1089 2825 Bruno
1115 2767 1143 2823 in
1165 2767 1288 2823 Historia
1311 2765 1375 2824 belli
1397 2765 1540 2835 Santonici,
1563 2768 1591 2823 S.
1617 2765 1797 2824 Gebehardus

138 2862 272 2921 funditur.
288 2865 340 2920 llio
364 2865 496 2936 plurimas
514 2866 542 2920 in
556 2865 610 2922 rite
633 2880 732 2935 passus
751 2874 794 2921 est
812 2881 966 2937 persecu·
997 2861 1478 2934 Archiepisccpns·salisburgensis,
1507 2870 1535 2916 et
1559 2863 1587 2917 S.
1616 2861 1797 2918 Gebehardus

60 2979 66 2995 ·
138 2957 237 3026 tiones,
249 2965 277 3013 et
299 2957 389 3013 adbuc
409 2965 472 3029 post
493 2966 614 3013 mortem
629 2957 790 3015 calumnias.
806 2959 858 3015 Sed
882 2975 940 3016 non
996 2955 1148 3028 Episcopus
1170 2954 1396 3023 constantiensis,
1411 2959 1438 3010 et
1453 2953 1613 3026 quieorum
1631 2954 1710 3011 Vitas
1731 2955 1797 3012 scri-

137 3048 284 3109 defuernnt
298 3050 358 3123 ejus
373 3049 550 3118 innocentia,
569 3058 596 3105 et
611 3065 660 3121 pro
675 3050 796 3107 Ecclesia
810 3051 862 3107 Dei
876 3068 939 3123 pro·
996 3061 1119 3123 pserunt,
1129 3066 1198 3122 quas
1212 3065 1263 3106 suo
1278 3058 1402 3121 tempore
1415 3047 1545 3106 dabimus
1560 3055 1604 3107 16.
1617 3049 1693 3105 lunii
1707 3058 1734 3105 et
1750 3055 1793 3106 27.

137 3143 284 3218 pugnanda
297 3143 468 3201 fortitudinis
486 3160 518 3199 ac
538 3143 653 3216 justitiae
668 3144 794 3200 acerrimi
815 3143 944 3201 defenso·
963 3123 1131 3216 CAugusti3
1154 3142 1293 3215 denique,
1319 3142 1377 3199 aliis
1405 3141 1529 3212 omissis,
1558 3126 1708 3199 Beroaldus
1732 3145 1796 3200 Pre-

138 3253 201 3295 res:
227 3237 300 3293 inter
322 3252 392 3309 quos
414 3236 520 3294 censeri
545 3246 662 3308 possunt
677 3237 828 3294 cardinalis
851 3240 944 3295 Caesar
997 3237 1090 3311 sbyter
1110 3238 1338 3305 Constantiensis,
1361 3237 1439 3310 cujus
1462 3237 1593 3310 opuscula
1613 3253 1652 3294 ex
1672 3239 1726 3294 Me.
1741 3240 1796 3294 Ra·

139 3331 279 3388 Batonius
292 3339 320 3387 et
339 3331 458 3389 lacobus
472 3332 619 3390 Gretserus
632 3351 639 3388 :
654 3332 700 3391 ille
716 3333 826 3404 quidem
841 3333 869 3389 in
887 3336 944 3389 An·
997 3330 1148 3388 tisbonensi
1160 3330 1232 3387 edite
1244 3339 1309 3388 sunt
1324 3347 1341 3386 a
1354 3330 1427 3388 dicto
1441 3332 1583 3399 Gretsero,
1604 3340 1632 3388 et
1652 3329 1710 3388 fere
1732 3347 1796 3403 spe-

138 3425 244 3483 nalibus
257 3426 314 3483 suis
328 3422 539 3494 Ecclesiasticis,
556 3426 698 3500 inquibus
713 3443 757 3484 res
772 3431 833 3502 ejus
852 3435 943 3502 gestas
996 3433 1073 3482 etant
1082 3425 1117 3481 ad
1128 3424 1314 3482 defensionem
1324 3440 1419 3482 rerum
1432 3426 1482 3483 aS.
1494 3425 1629 3496 Gregorio
1639 3433 1795 3498 gestarum3

139 3536 188 3593 per
200 3520 321 3595 singulos
335 3536 421 3579 annos
434 3518 547 3578 deducit
568 3536 603 3577 ex
624 3520 803 3593 scriptoribus
822 3522 943 3578 maxime
997 3527 1025 3575 et
1037 3519 1156 3576 maxime
1168 3519 1364 3592 Apologeticus
1378 3528 1406 3575 et
1419 3517 1546 3591 Epistola·
1560 3519 1619 3592 eJus
1632 3535 1680 3589 pro
1696 3522 1795 3575 Decre-

138 3614 246 3681 mavis,
262 3623 289 3670 et
307 3613 435 3671 conciliis
453 3612 505 3669 sub
525 3628 559 3669 eo
580 3611 690 3683 habitis,
711 3621 792 3686 atque
815 3616 943 3689 Registro
997 3611 1031 3668 tis
1045 3616 1073 3670 S.
1098 3613 1233 3687 Gregorii,
1255 3629 1325 3688 quas
1338 3613 1419 3670 etiam
1440 3613 1546 3671 erudite
1568 3613 1695 3685 exposuit
1716 3612 1794 3670 cbri-

138 3706 316 3780 spistolarum
334 3705 393 3778 ejus
415 3705 443 3762 in
455 3704 585 3763 undecim
602 3705 688 3763 libros
700 3706 850 3765 distincto:
874 3709 943 3768 Gre·
996 3706 1100 3764 suanus
1114 3710 1209 3779 Lupus
1222 3708 1292 3765 inter
1312 3709 1488 3783 synodorum
1500 3709 1668 3781 generalium
1686 3724 1718 3765 ac
1734 3724 1796 3780 pro-

138 3805 228 3857 tserus
242 3814 307 3857 vero
329 3802 418 3856 Temo
437 3805 464 3855 2.
492 3799 666 3858 Defensionis
687 3802 942 3861 controversiarum
995 3801 1153 3859 riocialium
1171 3805 1287 3860 Decreta
1311 3813 1339 3860 et
1356 3805 1493 3870 canones,
1517 3802 1626 3875 integro
1653 3802 1722 3859 libro
1746 3818 1794 3858 seu

140 3892 293 3953 Cardinalis
312 3893 478 3960 Beliarmini,
503 3910 681 3969 propugnans
695 3912 759 3952 eum
778 3906 872 3955 contra
897 3915 941 3956 va·
997 3903 1072 3968 parte
1094 3896 1200 3969 quinta.
1224 3895 1371 3971 Subiunxit
1389 3896 1442 3952 illis
1466 3895 1593 3954 omnibus
1615 3895 1796 3968 praelaudatus

139 3987 195 4044 rios
209 3986 292 4059 hujus
316 3987 449 4060 temporis
469 3988 611 4053 sectarios,
633 3989 806 4061 potissimum
828 3991 900 4048 libro
914 3999 941 4049 1.
996 3990 1144 4047 Gretserus
1165 3990 1292 4063 Gregorii
1311 3991 1371 4047 Vll.
1391 3989 1494 4059 Vitam,
1517 3990 1679 4048 electionem
1702 3998 1731 4049 et
1752 4006 1797 4047 res

137 4095 162 4136 c.
182 4087 225 4137 11.
241 4095 273 4136 ae
285 4079 349 4137 dein
362 4080 460 4138 illustri
475 4082 619 4155 Apologia,
638 4083 667 4139 in
681 4099 733 4154 qua
748 4085 943 4159 quinquaginta
996 4092 1096 4156 gestas,
1108 4100 1142 4141 ex
1160 4085 1228 4142 libro
1247 4093 1345 4159 quarto
1365 4084 1500 4158 Onuphrii
1524 4084 1647 4142 Panvinii
1667 4089 1709 4142 De
1725 4087 1795 4142 varia

139 4179 224 4231 testes
241 4173 366 4242 adducit,
380 4174 427 4247 qni
447 4175 504 4232 suis
517 4175 626 4249 scriptis
647 4193 691 4234 res
710 4186 798 4252 gestas
811 4178 895 4254 huius
912 4184 941 4238 S.
996 4179 1134 4236 creatione
1148 4179 1255 4237 Summi
1270 4180 1421 4248 Pontificis,
1438 4188 1466 4236 et
1478 4194 1512 4236 es
1525 4177 1695 4235 Bibliotheca
1709 4180 1796 4234 Bara-

139 4268 266 4340 Gregorii
293 4277 463 4342 proponunt,
488 4278 515 4326 et
537 4278 633 4327 contra
657 4270 827 4331 adversarios
845 4272 941 4331 defen·
995 4271 1061 4328 rica.
1083 4274 1162 4328 lstaec
1179 4271 1274 4327 omnia
1295 4272 1366 4344 apud
1383 4272 1460 4328 illum
1480 4269 1564 4328 rideri
1582 4279 1707 4346 possunt,
1724 4271 1796 4327 edita

53 4404 57 4413 .
139 4360 218 4419 dunt.
996 4363 1156 4438 lngolstadii
1169 4381 1242 4422 anno
1263 4371 1343 4423 tuoe.
1360 4365 1406 4422 ubi
1417 4364 1440 4422 is
1451 4380 1524 4423 anno
1538 4363 1662 4438 sequenti
1678 4365 1798 4436 vulgavit

176 4463 204 4513 2.
219 4457 330 4513 Horum
342 4456 449 4528 primus
462 4466 505 4514 est
515 4459 545 4514 S.
560 4459 712 4516 Anselmus
725 4459 878 4535 Episcopus
891 4464 981 4552 Lu„
997 4445 1159 4532 Apologiam
1178 4475 1227 4532 pro
1251 4460 1392 4518 cardinale
1416 4459 1544 4528 Beronio,
1567 4459 1594 4516 in
1616 4474 1669 4532 qua
1691 4457 1797 4529 aliquot

140 4548 239 4617 censis,
256 4548 383 4622 proximo
408 4559 469 4623 post
482 4549 589 4608 obitum
613 4554 700 4609 saneti
718 4553 859 4611 Pontificis
871 4570 943 4611 anno
996 4553 1086 4626 capita
1100 4560 1223 4624 spectant
1241 4552 1458 4610 controversiam
1481 4554 1507 4610 in
1519 4567 1598 4609 causa
1618 4553 1648 4609 S.
1668 4552 1796 4626 Gregorii

139 4642 196 4701 rita
207 4641 333 4714 functus3
349 4645 395 4718 qui
409 4655 505 4704 contra
520 4646 687 4704 Guibertum
699 4649 875 4722 Antipapam,
892 4667 941 4722 pro
996 4655 1117 4715 matema
1134 4647 1173 4704 uti
1195 4646 1321 4704 euriosm
1334 4647 1421 4704 lector
1433 4647 1535 4705 ibidem
1548 4645 1675 4719 reperiet.
1691 4646 1796 4718 Dignus

140 4734 300 4796 defensione
315 4738 440 4812 Gregorii
464 4739 579 4810 legitimi
602 4741 743 4799 Pontifieis
756 4743 889 4811 Romani,
909 4745 939 4800 li·
996 4741 1078 4799 etiem
1092 4743 1196 4815 estqui
1211 4742 1318 4814 legatur
1333 4741 1493 4798 Franciseus
1507 4741 1671 4814 d’Engbion,
1687 4741 1798 4798 Ordinis

140 4830 224 4889 brum
241 4831 360 4905 scripsit.
375 4833 518 4891 &enudus
533 4835 614 4891 lestis
628 4844 670 4892 est
685 4837 862 4894 auctorVitae
876 4837 940 4894 dicti
994 4835 1213 4894 Praedicatorum
1231 4837 1259 4893 S.
1279 4836 1438 4911 Theologiae
1459 4836 1639 4905 Licentiatus,
1652 4836 1725 4893 edito
1744 4852 1795 4892 no-

139 4920 173 4984 S.
185 4923 320 4994 Anselmi,
334 4924 504 4984 domesticus
525 4927 672 5001 Presbyter
689 4929 911 4987 Poenitentinrius
931 4952 937 4988 :
996 4929 1106 4987 pissime
1118 4931 1188 4988 libro
1202 4931 1246 4987 cui
1267 4931 1380 4989 titulum
1404 4929 1485 5000 ferit,
1509 4954 1521 4979 α
1542 4931 1702 4987 Auctoritas
1720 4928 1796 4985 Sedis

139 5033 224 5092 quem
245 5019 338 5076 Vitem
353 5035 404 5077 nos
422 5020 457 5078 ad
478 5020 555 5077 diem
576 5024 637 5094 ejus
649 5024 768 5080 namlem
786 5032 828 5082 18.
851 5027 940 5084 Martii
994 5025 1159 5098 Apostolieae
1174 5040 1222 5097 pro
1236 5026 1371 5099 Gregorio
1385 5028 1458 5098 Papa
1472 5027 1531 5083 vll.
1548 5025 1682 5082 vindicata
1700 5023 1795 5079 adrer-

139 5112 343 5171 illustravimus.
356 5114 514 5172 Succedunt
533 5121 602 5172 Acta
618 5117 753 5174 Vaticana
766 5118 838 5191 apud
854 5122 938 5176 Baro·
993 5134 1041 5176 eus
1052 5120 1175 5176 Natalem
1187 5120 1377 5177 Alexandrum
1390 5118 1513 5195 ejusdem
1525 5120 1635 5177 Ordinis
1646 5121 1794 5174 Doctorem

138 5208 218 5265 nium
238 5207 274 5265 ad
295 5225 398 5267 annum
422 5215 501 5275 1073,
525 5219 552 5268 et
576 5215 644 5268 Acta
664 5213 769 5284 publica
789 5215 939 5284 electionis,
993 5213 1176 5287 Theologum,
1193 5237 1206 5263 ι
1228 5215 1301 5272 inter
1323 5214 1423 5272 selecta
1447 5214 1577 5272 Historiae
1597 5211 1795 5276 ecelesiastica

139 5318 201 5377 quae
216 5303 287 5361 infra
315 5303 502 5376 proferuntur.
518 5307 588 5363 Dein
602 5306 754 5381 allegantur
767 5309 872 5384 antiqui
888 5310 939 5378 Hi·
993 5307 1099 5380 capita,
1115 5309 1200 5366 seculi
1227 5325 1252 5367 11
1268 5318 1345 5382 parte
1360 5316 1387 5378 3,
1412 5325 1500 5383 usque
1523 5308 1591 5366 adeo
1614 5322 1672 5364 snae
1687 5306 1797 5379 profes-

137 5395 230 5452 storiei
256 5411 308 5454 sen
327 5396 505 5474 chronologi,
525 5399 597 5456 inter
620 5416 689 5473 quos
713 5410 756 5459 est
777 5402 940 5460 Lambertus
994 5402 1077 5460 rioms
1091 5402 1221 5473 oblitum,
1237 5404 1283 5460 nbi
1299 5404 1333 5462 de
1346 5404 1483 5478 Gregorio
1497 5402 1565 5481 agit,
1587 5411 1619 5459 ut
1632 5401 1672 5458 vel
1691 5417 1722 5459 ea
1737 5403 1795 5459 sola

139 5485 417 5564 Schafnaburgensis,
441 5495 483 5548 De
506 5493 590 5550 rebus
610 5493 696 5567 gestis
719 5494 939 5562 Germanorum,
993 5513 1077 5555 eausa
1090 5497 1209 5571 potuerit
1228 5499 1428 5557 commeruisse
1441 5497 1643 5574 gravissimam,
1663 5513 1716 5571 qua
1732 5495 1794 5553 libri

137 5585 187 5643 sed
200 5587 291 5644 solnm
304 5587 426 5646 deductis
445 5590 480 5648 ed
497 5605 601 5647 ennrrm
619 5595 685 5646 1017
691 5631 698 5645 .
713 5600 742 5647 et
764 5590 940 5648 Pontificatus
992 5590 1052 5666 ejus
1066 5607 1163 5649 omnes
1177 5590 1315 5651 fulminati
1326 5602 1404 5663 sunt,
1423 5609 1570 5652 censuram
1586 5590 1794 5650 innocentiiPa-

138 5680 168 5737 S.
187 5680 313 5756 Gregorii
326 5692 472 5756 quartum:
488 5693 548 5741 tum
561 5684 663 5741 Paulus
675 5685 795 5758 Langius
810 5686 837 5741 in
850 5686 938 5743 cbro·
993 5702 1035 5760 pae
1053 5689 1105 5744 xl.

38 5838 45 5847 ,
138 5772 202 5832 nico
214 5775 353 5847 citizensi,
367 5792 433 5835 cum
447 5775 574 5833 adductis
593 5768 759 5835 testimoniis
770 5793 802 5834 ex
825 5778 938 5837 Annali·
1030 5787 1056 5838 8.
1078 5784 1148 5853 llos,
1170 5781 1298 5841 omnibus
1319 5781 1380 5840 aliis
1393 5781 1513 5853 omissis,
1530 5781 1630 5841 damm
1644 5780 1689 5838 bic
1702 5777 1793 5852 primo

351 6056 390 6109 'f'
