3884 6158
149 242 202 295 arr
545 234 809 291 raoaasausm.
829 263 864 274 -
883 234 1053 291 secacum
1073 234 1140 291 rao
1159 235 1334 294 nassonia
1353 240 1409 295 un.
1749 252 1801 304 us
1871 228 1874 233 '

148 363 296 432 Greqorius
308 363 370 423 Vll,
380 361 489 416 rannone
500 362 607 423 Narras,
619 360 755 431 quondam
764 359 947 431 Hiltprondus
961 328 1099 427 Auertere
1114 360 1172 433 jam
1187 361 1254 417 olim
1268 361 1298 417 in
1316 363 1415 435 priscis
1433 363 1579 434 baereticis
1593 370 1758 427 nominatim
1774 374 1801 428 in

144 452 948 528 priorGlunmreresr's,propteriaudabdemcitarnucardum
1002 452 1164 523 Donatistis,
1180 452 1323 511 damnato.
1335 457 1464 514 Nonnulli
1474 459 1566 528 edam,
1583 463 1713 534 quamvis
1730 465 1800 521 Gre·
1875 510 1886 521 .

147 640 948 715 masopamquidictusestciemens,babuuantipapurn.
1000 639 1088 695 nimio
1113 639 1244 697 adversus
1273 640 1472 712 schismaticos,
1493 645 1665 707 simoniacos
1686 658 1714 707 et
1731 667 1801 708 coa·
1893 662 1904 685 ⁸

181 737 218 793 lit
235 736 318 809 paulo
337 732 427 792 infra:
450 735 503 803 Qui
518 739 581 807 post
597 736 626 790 in
643 735 775 806 Apuliam
788 734 947 791 descendens
1002 733 1158 791 eubinarios
1175 734 1235 791 zelo
1254 736 1384 808 provecti,
1405 735 1552 796 defendere
1572 740 1626 798 boc
1646 742 1738 816 ipsum
1758 746 1799 803 in-

147 830 255 889 Salerni
267 834 389 885 mortuus
404 829 594 885 estmiracuiis
608 842 758 885 coruscans.
773 825 847 884 iufra
863 827 949 885 refert
1001 827 1142 893 stitemnt‚
1176 827 1253 899 quasi
1281 836 1363 886 rectae
1391 838 1418 886 et
1439 846 1513 888 sanes
1543 831 1691 905 doctrinm,
1718 845 1800 910 atque

148 922 312 980 minmlum
332 921 406 996 quod
428 921 532 995 legatus
552 919 719 993 Lugdunum
734 917 802 977 fecit
817 920 893 977 circa
905 937 947 978 ar·
1002 919 1069 978 adeo
1085 918 1135 992 ipsi
1159 920 1243 976 etiam
1260 918 1319 977 sedi
1340 923 1496 993 apostatica
1511 936 1739 998 consentaneum
1764 946 1799 989 er

146 1016 352 1089 ebispiseopum
365 1012 816 1079 aberuduaeusemstmontaeun,
828 1012 875 1088 qui
891 1030 947 1072 noa
1001 1027 1121 1086 quorum
1139 1028 1256 1071 numero
1275 1029 1345 1071 unus
1358 1013 1410 1072 fuit
1423 1017 1577 1076 Bernardus
1597 1020 1640 1077 ille
1654 1021 1801 1081 corbeien-

146 1108 237 1183 powt
261 1116 327 1166 ante
352 1106 553 1179 depon'tionem
574 1104 666 1163 dicere
682 1126 688 1162 :
715 1107 809 1165 Gloria
825 1110 904 1163 Patri
922 1113 948 1163 et
1001 1107 1049 1175 sis,
1064 1114 1095 1164 ut
1108 1115 1219 1180 apparet
1233 1122 1265 1164 er
1280 1108 1391 1181 epistola
1409 1109 1469 1183 ejus
1484 1126 1567 1184 qnam
1582 1112 1652 1170 infra
1663 1113 1759 1186 habes,
1773 1124 1800 1174 et

146 1204 214 1261 liiiio
226 1208 252 1259 et
265 1203 385 1275 Spiritui
396 1206 502 1269 muctar
519 1208 583 1273 post
595 1199 722 1273 expedite
735 1199 804 1258 dixit
817 1221 824 1258 :
842 1206 868 1257 ct
882 1202 947 1273 Spi-
1000 1215 1082 1274 supra
1095 1199 1124 1258 id
1134 1200 1215 1257 etiam
1234 1216 1267 1258 ex
1287 1202 1408 1277 Bertoldi
1426 1204 1644 1264 constantiensis
1660 1207 1798 1269 Gbronico

146 1298 215 1353 ritui
224 1300 326 1354 eanato.
341 1293 477 1353 Bamdem
491 1292 636 1352 historiam
650 1293 735 1350 refert
748 1293 903 1353 Gobelluus
919 1293 948 1351 in
1002 1294 1205 1352 adnatavimus.
1363 1280 1366 1285 ’

146 1404 196 1447 suo
210 1388 434 1456 cosmodromio‚
448 1394 529 1446 aare
540 1402 585 1457 va,
603 1402 663 1460 cap.
681 1391 725 1444 57.
1033 1389 1119 1445 Erant
1141 1394 1273 1461 praeterea
1298 1405 1354 1447 nau
1372 1390 1452 1463 panai
1475 1391 1523 1464 qui
1547 1392 1673 1466 Gregorii
1692 1392 1800 1453 decreta

179 1485 284 1542 xavt.
296 1482 400 1539 Platiae
413 1481 441 1538 in
453 1482 517 1539 Vita
529 1481 652 1564 Gregorii
662 1482 721 1538 vlt.
1002 1481 1167 1551 vellicarent,
1191 1484 1365 1540 traducerent
1385 1492 1412 1540 et
1425 1484 1609 1557 repudiarent,
1629 1486 1703 1560 quod
1722 1489 1798 1545 carni

178 1577 293 1634 XLVII.
312 1575 484 1649 onuphrius,
500 1575 529 1631 in
551 1574 597 1632 lib.
616 1577 658 1632 De
675 1575 793 1632 summis
813 1576 947 1649 pontilici-
1002 1582 1029 1630 et
1045 1575 1182 1648 sanguini,
1204 1584 1232 1631 et
1246 1577 1461 1648 comrtptissimis
1480 1578 1544 1635 cleri
1559 1579 1684 1636 moribus
1703 1597 1799 1652 parum

145 1671 206 1739 bus,
220 1678 249 1728 et
266 1670 296 1726 in
310 1667 544 1726 annotationibus
561 1666 596 1724 ad
609 1668 754 1738 Plotinam,
770 1669 815 1726 ubi
835 1669 946 1728 dicitse
1001 1676 1077 1741 grata
1107 1678 1135 1725 et
1161 1669 1252 1726 amica
1279 1670 1444 1727 acciderent.
1474 1671 1609 1743 Quocirca
1640 1673 1802 1746 ubicunque

145 1765 235 1821 Vitam
249 1762 335 1836 buius
357 1760 494 1836 pontificis
511 1762 631 1836 quiaque
649 1761 726 1819 libris
739 1764 942 1837 conscripsisse.
961 1744 1253 1835 Bpromutgabantur‚
1283 1762 1373 1819 clerici
1403 1765 1608 1836 propemodum
1637 1766 1664 1822 iu
1691 1768 1796 1825 rabiem

177 1859 312 1916 XLVlll.
335 1855 474 1929 Sigonius,
500 1855 569 1912 libro
585 1870 614 1911 rx
631 1857 769 1929 Deregno
786 1856 881 1927 ltalia,
899 1859 944 1914 ubi
999 1855 1070 1911 versi
1091 1853 1196 1926 quidvis
1217 1855 1308 1928 potius
1326 1854 1396 1913 ferre
1416 1856 1554 1937 volebant,
1575 1874 1660 1930 quam
1679 1860 1798 1921 licentia

144 1952 171 2007 in
189 1951 273 2024 bajus
290 1949 428 2024 pontificis
449 1948 558 2006 laudem
574 1948 653 2021 plura
674 1944 815 2022 eleganter
828 1967 861 2007 ex
874 1952 945 2007 anti-
997 1963 1056 2005 suae
1083 1949 1185 2022 imponi
1212 1949 1335 2006 fibulam.
1363 1950 1438 2007 Audi
1459 1950 1640 2009 lambertum
1669 1974 1677 2011 :
1704 1956 1799 2012 Hilde-

142 2044 285 2117 quietibus
297 2043 487 2101 monumentis
502 2041 647 2116 depromit.
1000 2043 1120 2098 eruardus
1135 2059 1211 2115 papa
1234 2060 1294 2099 eum
1313 2046 1441 2116 episeopis
1459 2047 1548 2101 tratas
1565 2049 1721 2104 mureniens
1735 2050 1797 2119 jum

176 2139 281 2195 xatx.
295 2138 417 2194 Ioannes
429 2135 650 2208 archiepiscopus
659 2135 852 2210 Lugdunensis
864 2139 941 2210 epist.
997 2138 1186 2206 frequentibus
1212 2138 1322 2207 synodis
1349 2138 1501 2194 decreuerat
1524 2144 1556 2194 ut
1581 2141 1726 2197 secundum
1752 2145 1797 2196 in-

142 2231 176 2289 ad
195 2234 308 2288 leonem
323 2232 521 2289 carnotensem
539 2228 597 2302 (est
615 2229 696 2302 epist.
719 2235 772 2286 tta
794 2231 864 2286 iuter
879 2232 942 2287 lvo·
997 2231 1283 2308 stitutaantiquorurn
1297 2246 1438 2295 concitum,
1459 2233 1611 2303 presbyteri
1627 2249 1723 2290 uxores
1744 2250 1797 2290 nan

142 2324 273 2389 abussi:
289 2323 421 2395 Numquid
434 2326 540 2380 manus
555 2325 714 2393 maruan
733 2326 785 2381 Vll
794 2327 845 2396 qui
854 2341 943 2396 regern
997 2324 1127 2390 damarim
1151 2323 1285 2388 labantes,
1309 2328 1358 2379 aut
1372 2324 1524 2389 dimittant,
1550 2331 1599 2381 aut
1615 2326 1796 2398 deponantur3

143 2420 289 2476 mrtem
304 2419 336 2474 od
349 2433 402 2474 suo
415 2418 513 2474 scelus
523 2416 683 2474 damnaui?
996 2433 1044 2473 nec
1055 2419 1200 2488 quisquam
1211 2420 1319 2472 omnino
1335 2418 1372 2472 ud
1383 2418 1564 2474 sacerdotium
1574 2420 1736 2475 admittetur
1749 2424 1798 2492 qui

175 2511 430 2585 Quinquagesimus
447 2525 512 2584 ergo
530 2511 606 2568 testis
624 2527 674 2584 pro
697 2511 849 2568 innocentia
869 2513 941 2570 Gre·
996 2512 1099 2565 nertin
1122 2515 1280 2582 papatuum
1302 2514 1495 2567 coratinmtiam
1517 2515 1655 2585 uitamque
1679 2514 1796 2570 calibem

141 2604 208 2679 gorii
222 2606 277 2663 vtt
291 2604 347 2662 mut
359 2604 420 2662 bmc
432 2604 563 2675 opuscula
574 2604 700 2662 bernaldi
712 2605 940 2677 constantiensis,
994 2607 1164 2674 profiteatur.
1188 2606 1243 2659 Hoc
1256 2605 1359 2659 decreta
1377 2621 1426 2675 per
1443 2611 1525 2661 totam
1546 2607 1657 2661 ltaliam
1672 2608 1795 2678 promul-

140 2714 214 2756 nane
226 2701 350 2773 primum
361 2698 391 2755 io
404 2699 494 2754 lucem
510 2697 692 2770 deprompta3
712 2714 776 2755 eum
796 2699 869 2755 euim
885 2698 941 2756 hae-
996 2701 1069 2766 quta,
1090 2697 1196 2752 crebras
1215 2697 1317 2752 litteras
1332 2698 1369 2752 ud
1387 2700 1520 2769 qrisccpos
1537 2699 1690 2756 Gallionem
1704 2705 1796 2757 tram-

139 2792 217 2850 retici
229 2799 288 2849 tam
299 2789 447 2864 diligentes
457 2790 513 2847 siut
525 2790 717 2863 iaerulgaado
731 2791 941 2848 mendacissimo
995 2790 1129 2852 nitebat,
1140 2793 1300 2862 precipiens
1317 2797 1349 2846 ut
1366 2793 1421 2862 ipsi
1432 2807 1537 2863 quoque
1555 2794 1585 2846 in
1602 2795 1658 2847 suis
1672 2793 1796 2850 Emissiis

139 2900 188 2943 suo
201 2888 351 2955 Beanone,
362 2899 474 2949 summo
482 2883 605 2957 Gregorii
620 2884 701 2942 hoste
720 2893 747 2941 et
756 2884 940 2954 criminatore,
996 2882 1121 2939 similiter
1140 2884 1273 2950 forment,
1296 2887 1377 2953 atque
1400 2900 1417 2937 a
1438 2884 1608 2939 canterbernio
1629 2885 1796 2941 scandatum

139 2978 212 3037 baud
235 2976 317 3036 dmet
336 2986 368 3034 ut
391 2976 539 3035 orthodoxi
563 2991 578 3032 a
597 2976 793 3050 conquirendis
812 2977 937 3051 Gregorii
995 2991 1082 3032 omnes
1100 2978 1207 3030 omnino
1222 2978 1342 3043 feminas
1354 2983 1484 3046 perpetuo
1506 2977 1793 3034 artatbemotereseeu-

138 3070 335 3129 defensoribus
346 3077 374 3127 et
384 3069 520 3128 advocatis
535 3080 652 3128 cessem.
992 3075 1061 3125 rent.
1077 3071 1216 3126 Adversas
1230 3071 1277 3126 boc
1289 3070 1422 3126 decretum
1430 3073 1556 3141 protinus
1569 3071 1733 3127 rebeum
1752 3074 1794 3127 in·

174 3170 225 3224 Est
236 3173 332 3223 autem
345 3163 547 3222 observandum
560 3163 619 3221 haec
630 3164 758 3236 opuscula
772 3163 856 3222 fuisse
867 3180 940 3221 com-
955 3147 979 3211 (ἶ
993 3166 1107 3231 fremerii
1122 3168 1178 3218 tota
1193 3165 1276 3233 factio
1288 3156 1458 3229 clericorum
1472 3165 1604 3220 bominem
1617 3165 1698 3235 piane
1712 3167 1795 3220 bore-

138 3260 225 3332 posita
240 3274 258 3314 a
272 3256 421 3327 Bernaldo‚
438 3257 581 3315 maone
592 3256 776 3326 decretorum,
790 3273 853 3331 qum
869 3259 937 3315 Gre-
993 3261 1086 3325 ticum,
1105 3261 1130 3312 et
1140 3260 1233 3313 eruant
1244 3256 1380 3326 doqmatis
1391 3273 1447 3313 csse
1459 3255 1618 3326 clamitans3
1633 3261 1683 3329 qui
1697 3259 1794 3314 obiitus

139 3353 233 3427 gorius
252 3351 377 3426 pontifex
396 3360 493 3408 contra
515 3350 697 3417 simoniacos,
719 3349 937 3422 concubinarios,
994 3352 1121 3405 ammonis
1142 3351 1261 3413 Domini,
1283 3366 1335 3421 quo
1352 3352 1417 3405 crit:
1444 3373 1456 3398 a
1486 3353 1543 3408 lton
1570 3367 1659 3406 amnes
1682 3354 1795 3421 copiunt

138 3446 291 3503 etelerieos
304 3444 466 3519 conjugatos
479 3443 594 3501 dirersis
609 3444 779 3517 temporibus
793 3444 844 3502 sub
860 3460 939 3518 poeua
996 3444 1108 3499 serbiam
1118 3443 1241 3513 boc3qui
1248 3447 1450 3514 potestcapere,
1464 3446 1556 3513 capiat
1565 3446 1674 3512 (Metti.
1686 3451 1745 3510 xxx)
1760 3469 1771 3493 .
1786 3464 1793 3501 ι

140 3538 431 3596 excommunicationis
465 3538 703 3612 promulgaverat,
734 3536 828 3594 addim
860 3537 939 3595 inter·
997 3542 1022 3592 et
1043 3536 1202 3605 Apameam
1218 3557 1231 3583 s
1256 3537 1310 3603 Qui
1327 3551 1354 3591 se
1374 3551 1427 3590 uon
1447 3538 1572 3599 corstinet,
1588 3537 1689 3605 nabat,·
1702 3538 1796 3593 meiius

142 3631 215 3690 dieto
232 3647 268 3689 ne
286 3630 350 3704 quis
369 3630 530 3704 hujusmodi
548 3630 723 3689 sacerdotum
744 3630 836 3689 missis
855 3630 938 3688 inter·
997 3635 1036 3687 ert
1055 3631 1127 3684 enim
1144 3630 1244 3685 nubere
1261 3645 1344 3700 quarm
1363 3631 1409 3683 uri
1428 3632 1457 3696 (l
1472 3630 1530 3685 Gor.
1553 3639 1653 3697 malr»
1676 3630 1795 3685 uiolatio
1867 3614 1875 3631 '

141 3735 220 3783 emet.
253 3724 343 3798 liujus
370 3724 517 3780 mantionis
543 3722 665 3796 plerique
691 3738 727 3780 ex
751 3738 833 3797 supra
859 3722 941 3782 dictis
996 3725 1132 3779 esoctmns
1149 3723 1369 3777 bombresoioere
1389 3727 1489 3792 caperet
1506 3725 1565 3778 rita
1579 3724 1753 3793 angelorum·
1770 3729 1795 3779 et

142 3817 296 3875 rumoribus
330 3817 502 3874 mentionem
529 3815 644 3884 faciunt,
674 3832 737 3890 quae
762 3825 790 3873 et
818 3832 834 3872 a
868 3818 939 3875 Gra·
997 3818 1062 3871 dam
1074 3821 1225 3872 consuetum
1238 3831 1345 3870 orrrsum
1360 3820 1465 3870 naturus
1483 3820 1600 3886 negaret,
1616 3818 1797 3885 fornicationi

142 3911 215 3969 tiano
227 3912 256 3968 in
267 3910 397 3968 volumen
410 3912 590 3966 Decretarum
599 3911 683 3966 relata
697 3917 737 3966 est
748 3908 870 3967 distinct.
881 3917 912 3967 st
928 3930 935 3967 :
997 3914 1023 3965 et
1036 3910 1219 3965 immunditiei
1236 3911 1318 3977 truta
1332 3906 1447 3965 iuraret.
1466 3909 1544 3976 Quod
1557 3913 1582 3964 si
1593 3915 1714 3981 perperat
1733 3927 1796 3967 sert-

141 4006 227 4076 siqui
235 4009 302 4060 sami
315 4004 479 4076 presbyteri,
500 4003 609 4058 diacorn
620 4005 662 4057 uei
678 4002 836 4059 subdiaconi
847 4006 898 4077 qui
909 4009 937 4061 in
997 4007 1108 4059 tentiam
1129 4006 1297 4072 conflrmare,
1310 4003 1390 4058 mulie
1401 4018 1428 4058 se
1446 4003 1624 4058 sacerdotium
1634 4021 1716 4075 quam
1729 4023 1793 4061 corr-

141 4102 250 4155 rrimine
268 4099 457 4167 fornicationes
475 4097 597 4167 jaceant,
622 4097 806 4152 interdicimus
824 4101 878 4161 eis,
902 4115 936 4155 ea
992 4097 1104 4167 juqium
1126 4097 1370 4159 deseruerimus
1389 4099 1510 4151 viseerum
1536 4100 1795 4161 comunicantes

139 4199 217 4263 porte
232 4194 283 4248 Ilei
296 4193 523 4263 rumperemus
540 4192 569 4247 S.
588 4192 663 4246 Petri
676 4192 847 4260 auctmitate,
862 4193 939 4248 eccle·
996 4191 1142 4259 sorderent,
1155 4190 1227 4245 unde
1244 4190 1428 4260 gubernandis
1444 4206 1495 4260 per
1509 4191 1653 4247 Ecclesiam
1668 4195 1718 4247 liei
1736 4192 1793 4262 ple·

141 4291 185 4341 ris
200 4288 352 4353 mentun,
371 4300 456 4355 usque
466 4284 531 4339 dum
549 4286 698 4354 punicani
711 4288 737 4338 et
751 4285 897 4341 midan.
912 4287 944 4342 Si
998 4284 1075 4338 bibres
1089 4284 1415 4353 anqeiosromporatuurs
1430 4288 1505 4338 esset.

140 4383 186 4450 qui
196 4394 261 4434 uero
273 4380 305 4433 in
316 4394 364 4434 uso
375 4383 482 4450 peccato
493 4393 663 4448 perseuerare
676 4378 832 4445 umluerint,
846 4379 940 4434 stulius
1030 4376 1208 4433 Nihilominus
1227 4377 1272 4430 ille
1285 4376 1415 4439 instabat,
1434 4379 1459 4431 ef
1483 4376 1599 4430 <assiduis
1616 4378 1793 4444 legationibus

142 4478 258 4528 oestrrun
272 4472 393 4542 offcium
403 4487 493 4527 eorum
504 4470 603 4526 ordire
612 4474 769 4541 presumi,
782 4473 847 4541 quia
862 4471 939 4526 bena-
994 4472 1128 4541 episcopos
1148 4484 1235 4525 omnes
1255 4470 1382 4525 socordio
1407 4485 1437 4523 aa
1466 4469 1577 4524 desidia
1597 4469 1740 4538 arguebam
1769 4477 1794 4527 et

141 4568 220 4622 diana
237 4581 330 4621 eonem
346 4569 462 4620 entitur
480 4566 510 4619 in
526 4563 749 4627 maledictionem,
765 4568 790 4617 ef
807 4566 895 4619 oratio
911 4566 939 4619 in
993 4565 1049 4619 nisi
1070 4565 1142 4619 ocius
1168 4563 1317 4632 injuratum
1340 4563 1393 4616 sibi
1416 4565 1552 4632 nepotiani
1575 4569 1792 4633 assequerentur.

138 4665 289 4730 maratana,
308 4662 421 4714 testante
434 4660 545 4713 Domino
560 4672 610 4728 per
624 4658 781 4726 proplietam
794 4673 804 4710 .·
822 4678 834 4703 «
855 4657 938 4714 lfale·
993 4659 1137 4727 apostoleca
1156 4672 1182 4713 se
1200 4672 1312 4712 cuuura
1333 4659 1362 4710 in
1386 4671 1427 4711 eos
1445 4657 1699 4712 animaduersurum
1721 4675 1793 4714 corn-

140 4754 240 4821 dioum,
253 4754 354 4822 inquit,
368 4750 591 4806 benedictionibus
606 4752 700 4804 uesiris
717 4750 790 4817 (lici.
802 4749 873 4820 u).-
889 4751 942 4818 Qui
993 4751 1160 4804 minabatur.
1187 4751 1410 4820 Arclaiepisaapus
1436 4752 1608 4818 amonemur
1635 4753 1719 4807 sciens
1743 4768 1795 4807 reon

142 4863 200 4901 nero
216 4847 280 4901 bruc
294 4845 609 4915 saluberrirnoproeoepto
621 4843 729 4897 obedire
746 4843 871 4905 noluerit,
884 4843 942 4897 ido·
990 4859 1078 4913 paruo
1094 4846 1214 4897 consitiis
1234 4859 1340 4913 operam
1353 4844 1430 4905 banc,
1445 4848 1476 4897 ut
1491 4847 1565 4898 tanto
1586 4849 1702 4915 ternpore
1716 4846 1794 4899 inali-

141 4941 256 4996 lolatrioe
266 4942 406 5011 peceatum
421 4940 548 5003 incurrit,
565 4936 687 4993 Samuele
701 4939 814 4991 testante
830 4955 839 4991 ε
856 4959 867 4982 α
885 4939 941 4992 Pee-
995 4942 1052 4992 tam
1076 4936 1292 4992 sarmationem
1311 4935 1449 4992 revelleret
1473 4942 1555 5007 atque
1581 4938 1619 4992 ad
1637 4938 1794 4994 rudimenta

142 5038 230 5089 comm
244 5030 516 5094 anatomicam
535 5029 941 5099 obedire‚etquasiscelusida-
993 5032 1128 5086 nascentis
1150 5031 1276 5086 materia
1295 5035 1470 5087 senescentem
1479 5031 1539 5100 iarn
1558 5031 1687 5086 meandum
1706 5033 1793 5101 resor-
1825 5098 1829 5105 ,
1857 5052 1860 5057 ·

142 5128 267 5190 tamna,
282 5126 508 5196 nonacqurbscere
523 5126 550 5194 (l
557 5127 622 5193 neq.
637 5129 706 5193 xv);
723 5144 734 5174 s
752 5127 777 5178 et
789 5123 941 5181 beatoGre-
994 5130 1096 5188 maret,
1119 5122 1283 5180 moderatius
1298 5126 1467 5193 uqebatcum
1487 5127 1541 5192 eisr
1564 5127 1685 5196 etprimo
1710 5127 1748 5180 eis
1764 5127 1794 5180 in

141 5223 213 5290 qon’a
223 5224 379 5275 momente:
393 5221 533 5274 Peccatum
542 5219 627 5287 ntur
634 5218 811 5288 paganitatis
824 5218 941 5270 incurrit
994 5218 1139 5274 dimidium
1147 5233 1247 5273 annum
1258 5218 1591 5278 tnduaasetdetiterandi
1596 5221 1698 5289 coptam
1707 5218 1793 5283 dedit,

141 5314 275 5385 quisquis,
290 5312 357 5368 dum
370 5312 551 5370 Cbnstianum
561 5326 588 5367 se
601 5312 705 5373 asserit,
720 5309 779 5366 sedi
788 5310 941 5380 apostolieae
995 5312 1106 5367 luortans
1120 5327 1172 5379 eos,
1184 5317 1216 5366 ut
1225 5312 1297 5383 quod
1308 5314 1456 5367 necessaria
1468 5311 1624 5379 [driuidum
1636 5314 1681 5376 sit,
1701 5318 1795 5383 sponte

140 5408 249 5464 obedire
259 5410 413 5464 centenurii.
994 5408 1114 5474 iamenu
1132 5410 1156 5460 et
1171 5411 1226 5460 ran
1245 5406 1300 5460 sibi
1315 5421 1395 5476 qrmm
1411 5408 1527 5461 Runurro
1543 5408 1667 5476 pontiflci
1678 5408 1791 5462 necessi·

175 5502 248 5558 liiae
260 5500 396 5571 nonnulli,
409 5496 610 5573 quorumbaud
623 5506 776 5570 postremus
786 5497 941 5571 Sigebertus
997 5502 1078 5554 tatem
1095 5498 1219 5553 adimant
1240 5498 1348 5569 aliquid
1367 5502 1398 5552 in
1419 5513 1461 5553 eos
1479 5498 1551 5568 quod
1566 5514 1640 5554 secus
1658 5502 1694 5554 sit
1706 5499 1793 5553 decer-

139 5593 168 5653 in
185 5594 335 5661 Gbrcnico.
348 5608 445 5651 ansam
455 5590 628 5665 arripuerant
641 5592 807 5648 calumniam
819 5589 940 5648 struendi
994 5592 1084 5647 nendi.
1102 5592 1147 5648 Ad
1164 5593 1300 5660 altinum,
1314 5599 1476 5663 conpreqato
1496 5592 1599 5661 synodo
1617 5594 1646 5646 in
1660 5590 1791 5660 Ersoratio

138 5688 285 5763 Gregorio,
302 5686 381 5761 quael
396 5685 519 5745 erederet
537 5693 708 5742 moramentis
720 5685 755 5740 ab
767 5683 901 5757 improbis
915 5693 942 5742 et
994 5686 1206 5748 menseOetobn',
1218 5688 1339 5757 pressius
1357 5686 1652 5755 immunitionem,
1672 5683 1792 5749 retracta

138 5780 386 5840 excommnnicatis
419 5778 508 5837 salide
538 5777 720 5835 administrari
753 5793 808 5833 non
845 5793 940 5851 posse,
995 5781 1068 5834 omni
1079 5783 1294 5849 tergiversatione
1309 5783 1336 5834 in
1349 5781 1564 5849 praesentiarum.
1576 5781 1625 5830 arat
1638 5773 1791 5841 eonjugium
