3884 6158
470 266 642 327 EPlSTOLAE
659 266 771 327 EXTRA
788 265 981 347 antistitum
999 275 1187 333 VAGANTES.
1447 282 1450 287 ’
1598 274 1650 339 bii

121 392 293 451 sordentius
306 393 336 449 in
349 393 497 451 devotione
507 392 609 453 meina
621 395 761 453 seruitutis
773 404 800 452 et
813 403 841 466 Α
857 399 976 471 expertis
985 399 1088 457 viribus
1101 400 1294 475 aggrediantur
1312 402 1482 475 peanitentiae
1501 404 1564 477 iter,
1575 405 1650 479 quod

127 484 205 545 bono
220 486 392 559 proficerent.
404 490 464 559 Qua
477 488 508 545 iu
520 505 551 546 re
561 489 707 563 quampie,
717 506 800 563 quam
856 507 914 548 non
937 493 1041 564 possint
1062 494 1204 565 perlicere,
1217 510 1249 551 ac
1268 493 1400 553 deliciunt
1416 496 1447 555 in
1467 514 1512 569 eo,
1525 499 1565 555 ita
1586 506 1618 555 ut
1635 514 1652 555 a

121 580 242 650 hcenrnt,
259 590 289 638 et
302 580 413 639 illorum
427 582 509 639 nobis
529 583 652 640 ostendit
665 583 763 656 gloria,
774 592 801 640 et
854 586 997 657 proposito
1011 586 1116 643 resilire
1137 597 1283 661 cogantur,
1303 588 1341 647 ad
1361 589 1556 649 conlisionem
1566 599 1595 649 ct
1609 592 1651 649 in·

121 672 218 733 eitam
240 673 382 733 fructuosa
395 676 494 750 gratia.
512 663 662 735 Nemeum
680 678 801 735 oratoria
849 678 954 750 iuriam
967 678 1072 737 ordinis
1084 681 1269 740 ecelesiastici.
1291 684 1349 739 Nos
1362 699 1427 741 vero
1441 684 1564 757 cognito,
1573 686 1650 757 quod

130 776 159 827 ct
180 770 380 844 tranquillitate
399 772 561 842 consistant,
575 780 603 831 et
618 771 801 829 ecclesiastiea
854 772 928 845 apud
941 773 1125 831 venerabilem
1138 773 1256 833 fratrem
1269 784 1398 834 nostmm
1412 776 1547 835 Milonem
1557 776 1650 835 arelli-

121 878 278 937 apauperes
297 865 399 923 Christi
414 865 552 936 nutriant,
573 882 638 923 cum
655 882 722 923 raro
739 866 800 924 laus
853 865 1014 939 episcopum
1026 868 1251 926 Beneventanum
1265 886 1329 925 cum
1340 869 1560 943 frequentatione
1576 870 1649 929 lilio·

121 972 165 1031 prc
177 958 326 1031 promitur,
353 966 382 1015 et
399 958 517 1017 remedia
540 968 717 1033 peccatorum
742 969 800 1017 tam
854 975 917 1015 rum
942 969 970 1016 et
994 958 1112 1017 fratrum
1136 970 1297 1019 nostrorum
1319 964 1587 1022 benedictinensium
1614 963 1650 1022 du

121 1066 165 1109 am
176 1050 313 1109 defunctis
322 1052 529 1126 impenduntur.
546 1054 630 1111 Unde
641 1069 694 1111 nos
713 1054 741 1111 in
756 1070 801 1111 ea·
853 1053 979 1111 Calabria
1002 1053 1113 1113 virtutis
1135 1055 1295 1113 urocinium
1316 1056 1377 1113 sine
1395 1056 1492 1115 babitu
1511 1058 1647 1131 posueris,

121 1144 146 1203 Ιο
158 1146 318 1219 apostolica,
335 1164 393 1204 nou
402 1147 503 1204 nostris
512 1148 632 1217 meritis,
645 1147 695 1205 sed
708 1148 799 1205 diuina
853 1155 881 1203 et
893 1147 1047 1221 sunrptode
1057 1148 1146 1207 solido
1154 1150 1195 1207 tui
1202 1148 1329 1207 desiderii
1338 1148 1445 1208 fervore
1451 1148 1648 1225 experimento,

121 1239 192 1307 alia,
202 1240 323 1313 suscepti
340 1239 424 1297 cilicii
438 1241 562 1299 debitunt
582 1241 798 1309 considerantes,
854 1257 903 1313 per
922 1250 1041 1315 quatuor
1059 1259 1148 1301 annos
1172 1244 1204 1300 in
1226 1245 1291 1302 aula
1309 1244 1462 1318 pontificali
1479 1240 1650 1303 sanctissimi

121 1348 148 1391 nr
162 1333 371 1403 monasterium,
390 1334 432 1392 cui
448 1344 488 1407 tu,
504 1336 603 1393 dilecte
625 1336 663 1391 dli
682 1343 711 1393 et
726 1352 797 1409 prae·
853 1334 941 1391 Patris
954 1337 1035 1393 bonae
1050 1336 1192 1395 memoriae
1206 1336 1355 1395 Alexandri
1370 1335 1464 1395 divina
1478 1336 1652 1410 providentia

121 1442 140 1485 e
160 1427 241 1498 abba,
256 1444 376 1501 praeesse
389 1428 571 1503 dignosceris,
585 1439 635 1487 tuo
653 1441 752 1504 rogatu
770 1431 800 1489 in
854 1444 933 1501 papae
944 1429 1028 1505 hujus
1053 1431 1176 1489 nominis
1190 1432 1303 1489 secundi
1322 1432 1529 1505 predecessoris
1551 1430 1649 1503 nostri,

129 1523 374 1595 apostolicaesedis
388 1533 417 1581 et
426 1532 550 1580 nostram
564 1532 592 1580 et
608 1540 797 1583 successorum
853 1523 921 1579 dum
931 1524 1092 1597 coramipso
1108 1525 1265 1583 beatissimo
1278 1525 1409 1599 pontilioe
1420 1525 1651 1583 archidiaconum

121 1616 540 1689 rmdelensionemsuscepimus,
548 1618 799 1691 confirmantesque
853 1617 1021 1675 cardinalem
1042 1634 1187 1692 ageremus
1216 1638 1223 1674 ι
1244 1634 1311 1676 cum
1325 1619 1380 1676 tuis
1394 1618 1499 1677 viribus
1520 1626 1651 1677 enatura

121 1708 258 1767 thorantes
278 1711 328 1767 sibi
345 1728 392 1782 per
415 1712 558 1783 praesentis
572 1713 699 1785 paginam
714 1712 797 1785 priri-
852 1710 979 1768 delicatis
1000 1712 1202 1783 dillidoremus,
1223 1730 1280 1770 non
1299 1721 1358 1771 tam
1378 1714 1435 1771 cito
1452 1729 1552 1771 manus
1568 1725 1651 1786 super

121 1804 231 1861 alesiam
242 1807 348 1861 Sanctae
359 1806 453 1862 llariru
464 1822 546 1878 super
564 1812 691 1864 axonam
704 1807 798 1877 situm,
812 1800 836 1863 B
849 1813 876 1860 te
893 1805 1076 1877 imposuimus
1101 1810 1125 1873 (l
1139 1810 1207 1863 Tim.
1227 1822 1258 1873 v,
1289 1807 1346 1879 22),
1370 1806 1443 1864 sicut
1467 1820 1595 1864 noscam
1606 1805 1651 1863 Ti·

121 1896 190 1955 siam
205 1901 233 1955 S.
254 1899 364 1971 Sulpitii
384 1916 467 1972 super
488 1902 608 1969 lllosam,
636 1910 801 1973 caeterasque
854 1898 966 1955 rnotlrec
985 1898 1079 1956 deurit
1093 1901 1253 1971 Apostolus,
1269 1901 1303 1957 ad
1325 1900 1405 1973 cujus
1418 1900 1547 1957 tumbam
1563 1898 1653 1957 cousi·

122 2001 256 2049 onestmn
271 1993 299 2048 in
314 1994 385 2049 uillis
401 2010 485 2066 quam
499 1995 627 2063 castellis,
639 1995 799 2066 caeterisque
853 1992 962 2049 stirrrus.
987 1995 1092 2051 Verum
1101 2010 1167 2051 cum
1184 1992 1378 2051 indesinenter
1392 2009 1425 2051 ac
1439 1992 1653 2051 indeficientera

121 2088 253 2145 tetterris
265 2087 358 2157 cultis,
373 2096 420 2143 aut
431 2087 550 2158 incultis,
564 2105 615 2145 seu
630 2088 660 2145 in
670 2090 800 2145 omnibus
851 2095 947 2143 sancta
967 2086 1043 2151 sede,
1066 2087 1096 2143 in
1109 2103 1164 2161 qua
1176 2087 1315 2157 sedemus,
1325 2088 1388 2145 licet
1397 2086 1504 2161 indigni
1515 2096 1545 2145 et
1556 2087 1652 2157 inriti,

121 2180 254 2239 nobilibus
275 2190 303 2238 et
322 2181 523 2252 immobilibus,
549 2198 617 2255 quas
642 2198 716 2239 nunc
737 2186 800 2250 jure
852 2180 975 2252 postules
982 2188 1152 2254 potestatem
1165 2181 1323 2254 auspicandi
1338 2190 1506 2253 conceptum
1525 2180 1654 2239 ordinem

121 2316 132 2343 ,
147 2283 197 2331 aut
213 2275 243 2332 in
259 2284 412 2348 posterum,
424 2279 483 2332 Deo
497 2276 656 2346 miserante,
666 2276 800 2350 acquiret,
854 2274 1043 2332 monasticum
1058 2274 1136 2347 juxta
1152 2269 1278 2348 regulam
1291 2276 1325 2331 B.
1337 2274 1493 2345 Benedicti,
1505 2290 1592 2349 quam
1603 2272 1655 2333 dtu

121 2369 242 2426 somnia
262 2368 298 2426 ad
322 2385 502 2427 communem
515 2370 661 2426 utilitatem
682 2370 800 2427 fratrum
854 2376 997 2439 exspertus
1021 2368 1133 2426 esinter
1147 2367 1291 2426 fratresde
1304 2369 1445 2439 Calabria,
1459 2384 1512 2427 nos
1528 2368 1656 2427 nolentes

121 2477 147 2519 ur
162 2462 354 2519 farrrulantium
368 2463 419 2519 sub
433 2472 481 2519 tuo
505 2471 670 2535 tuorumque
690 2479 800 2520 succes·
855 2460 1027 2533 exstinguere
1052 2462 1194 2533 spiritum,
1213 2478 1247 2519 eo
1273 2462 1429 2535 promptius
1453 2479 1487 2520 ae
1511 2460 1657 2535 benignius

121 2556 256 2629 regimine
279 2564 306 2613 et
325 2573 445 2629 congrua
461 2555 668 2628 dispensatione
690 2574 800 2629 seraper
856 2556 978 2614 inclinati
998 2573 1073 2614 nunc
1094 2558 1145 2614 tibi
1169 2558 1349 2616 concedimus
1367 2567 1396 2615 et
1415 2560 1581 2633 annuimus,
1600 2574 1656 2633 quc

121 2648 164 2707 isa
183 2650 346 2722 illibataque
386 2659 577 2723 permaneant.
603 2651 631 2707 Si
654 2651 715 2724 quis
737 2667 800 2707 rere
855 2650 956 2723 majori
973 2650 1089 2723 Spiritus
1102 2651 1191 2708 sancti
1205 2652 1319 2709 llamma
1344 2651 1451 2709 accensi
1465 2651 1657 2713 desideramus

123 2743 315 2814 sacerdotum,
332 2744 507 2812 elericorum,
524 2744 653 2817 judicum
670 2760 703 2801 ac
718 2761 802 2801 saecu·
856 2756 954 2813 agrum
974 2740 1152 2797 Dominicum
1166 2740 1335 2798 lamsanctis
1356 2741 1489 2798 virtutum
1499 2742 1658 2803 seminariis

121 2852 300 2909 personarum
309 2838 381 2895 lrunc
390 2839 600 2896 constitutionis
613 2847 717 2895 nostrae
728 2839 802 2911 pagi-
856 2833 949 2891 ditari.
966 2833 1115 2891 Benedicat
1128 2849 1193 2907 ergo
1204 2833 1253 2891 tibi
1265 2833 1403 2891 Dominus
1417 2849 1519 2893 corona
1530 2835 1656 2907 iustitiae,

121 2940 281 3002 noscentes,
301 2941 398 2989 contra
434 2950 497 2990 eam
524 2933 616 2990 verrire
644 2932 801 3001 tentaverit,
857 2943 939 2984 mons
959 2936 1084 2994 sanctum
1109 2927 1226 2985 asciscat
1244 2934 1273 2983 te
1293 2935 1412 3000 tuosque
1443 2925 1554 2987 futuros
1573 2928 1657 2987 hona

121 3024 147 3083 is
160 3024 327 3099 honorisque
346 3026 388 3082 sui
403 3025 537 3100 dignitate
551 3035 655 3095 careat,
666 3042 801 3099 reumque
856 3022 919 3079 vitae
932 3021 1039 3079 sodales
1052 3022 1082 3079 in
1095 3021 1165 3079 lilios
1178 3030 1298 3079 aeternus
1319 3022 1414 3089 Pater;
1434 3022 1548 3094 recipiat
1560 3038 1609 3080 vos
1625 3022 1657 3081 ln

121 3136 147 3178 to
173 3119 277 3193 judicio
298 3120 414 3178 existere
430 3120 463 3177 de
481 3128 635 3194 perpetrata
656 3120 802 3193 iniquitate
857 3117 955 3175 iratres
979 3125 1100 3175 aeternus
1112 3118 1207 3187 Filius,
1222 3125 1251 3175 et
1275 3116 1398 3190 porrigat
1411 3116 1462 3173 tihi
1482 3115 1555 3175 latus
1575 3133 1657 3191 aper·

122 3222 164 3283 at,
177 3222 205 3271 et
215 3213 268 3270 nisi
277 3214 318 3270 vel
329 3230 360 3271 ea
375 3213 481 3286 quarab
492 3214 540 3270 illo
551 3222 617 3270 sunt
630 3213 703 3270 mole
712 3214 801 3270 ablata
858 3220 928 3281 tum,
944 3212 971 3268 in
982 3227 1037 3283 quo
1048 3222 1113 3270 sunt
1122 3228 1222 3270 omnes
1236 3210 1355 3269 thesauri
1367 3210 1512 3283 sapientire
1522 3219 1551 3268 et
1568 3211 1657 3269 sciere

121 3306 167 3377 rit,
181 3308 222 3363 rel
236 3308 319 3381 digna
330 3308 493 3381 poenitentia
505 3308 598 3364 illicite
611 3292 672 3364 acta
686 3307 802 3364 delleve·
855 3307 902 3363 tiae
919 3304 1070 3373 recondita
1092 3306 1226 3365 accendat
1239 3305 1269 3363 in
1282 3314 1311 3363 te
1323 3305 1431 3379 tuisque
1439 3314 1561 3363 astamus
1568 3305 1659 3378 Spiri-

121 3400 282 3461 eratissimo
296 3410 454 3474 corporeet
468 3402 668 3475 sanguinaDei
684 3401 801 3459 Domini
856 3406 1025 3456 tussanctus
1039 3399 1133 3472 ignem
1155 3400 1202 3456 sui
1215 3398 1319 3457 amoris
1341 3405 1368 3454 et
1386 3396 1531 3456 flammam
1546 3408 1659 3459 asana

121 3494 189 3553 luris
205 3497 294 3553 nostri
312 3498 378 3552 Jesu
401 3495 504 3553 Christi
523 3495 630 3553 alienus
647 3494 705 3563 irat,
718 3504 802 3567 atque
856 3493 1011 3562 charitatis,
1024 3501 1122 3566 tuque,
1138 3493 1230 3567 tuique
1251 3494 1281 3551 in
1295 3492 1420 3567 ingressu
1439 3508 1486 3565 per
1507 3492 1656 3565 professio·

121 3604 153 3647 no
166 3591 295 3647 examine
307 3590 438 3647 districtae
450 3589 550 3646 rtltituri
565 3589 714 3662 subjaceat.
727 3591 802 3646 Cun-
857 3603 920 3644 nem
935 3597 963 3643 et
985 3587 1017 3643 in
1028 3603 1140 3661 egressu
1156 3603 1207 3660 per
1220 3595 1342 3645 mortem
1362 3586 1558 3645 benedicantur
1569 3603 1586 3645 a
1598 3590 1659 3647 Dea

121 3698 160 3743 tm
167 3683 245 3759 justa
257 3684 429 3741 servantibus
439 3683 530 3740 eidem
538 3684 609 3754 loeo,
620 3700 674 3757 pax
687 3683 802 3741 Domini
857 3684 993 3740 virtutum
1006 3698 1040 3741 ex
1052 3683 1119 3753 alto,
1140 3683 1187 3756 qui
1211 3683 1459 3755 ooepitintecpus
1470 3681 1576 3739 bonum
1592 3697 1659 3755 per·
1752 3683 1755 3691 '

121 3778 175 3835 'esu
188 3776 302 3845 Christi,
319 3783 350 3832 ut
375 3776 421 3832 bic
442 3776 566 3835 fructum
586 3778 666 3836 boner
687 3777 803 3835 actionis
858 3777 939 3846 ficiat,
965 3776 1132 3849 solidetque,
1160 3775 1309 3833 conlirrnet
1332 3774 1401 3833 illud
1436 3783 1464 3832 ct
1495 3774 1660 3835 corroboret

121 3878 150 3941 rt,
159 3869 270 3943 etapud
280 3869 803 3944 districtumjudicempraemiaaeternre
858 3871 959 3929 amodo
972 3879 1001 3930 et
1016 3887 1104 3944 usque
1118 3870 1144 3926 in
1156 3870 1376 3942 sempitemum3
1389 3868 1525 3928 concedat
1531 3868 1583 3927 tibi
1592 3884 1659 3927 san·

121 3966 244 4023 saniant.
260 3967 361 4022 Amen
373 3966 540 4037 Subscripsit
549 3972 637 4022 cutem
647 3982 803 4037 menupro·
858 3973 935 4023 ctum
957 3964 1087 4038 angelum
1099 3980 1181 4021 suum
1195 3962 1232 4021 de
1256 3962 1343 4034 ecelis,
1362 3978 1483 4036 quorum
1500 3970 1659 4023 unctorum

121 4076 265 4131 mutspupa
274 4076 284 4115 .·
296 4059 494 4115 illiserationes
504 4065 569 4130 tuae,
578 4059 710 4129 Domine,
723 4075 804 4135 super
860 4059 946 4115 vitam
960 4060 1093 4131 proponis
1102 4057 1215 4127 imitari,
1230 4057 1355 4129 ipsorum
1368 4057 1530 4130 patrociniis
1543 4056 1657 4115 confor-

121 4168 200 4227 rpera
215 4162 272 4209 tua.
291 4156 366 4209 Bene
384 4153 483 4210 valete.
860 4159 929 4209 tare.
953 4152 1132 4209 adducantur
1154 4152 1207 4208 tihi
1219 4150 1288 4208 socii
1315 4149 1468 4218 innumeri,
1483 4150 1658 4210 sicutstellae

121 4248 332 4305 mlateranisin
340 4245 556 4317 Kalendisblaii,
567 4262 721 4320 permanus
729 4246 804 4305 Petri
858 4246 931 4315 coeli,
947 4259 1009 4318 quae
1034 4260 1090 4317 prae
1108 4244 1284 4302 multitudine
1303 4243 1445 4301 numerari
1458 4252 1659 4317 nonpossunts

121 4340 304 4415 :presbyteri
314 4341 463 4399 cardinalis
476 4349 504 4398 et
519 4340 720 4399 bibliothecarii
729 4356 804 4397 anno
858 4341 914 4397 sint
926 4338 1057 4397 docibiles
1072 4336 1124 4395 Dei
1133 4336 1163 4393 in
1173 4337 1303 4397 solatium
1322 4336 1449 4395 mortalis
1469 4345 1525 4395 tue
1539 4338 1659 4410 peregri·

121 4435 406 4509 pontilicatusdomni
422 4435 548 4509 Gregorii
571 4438 623 4493 Vll
641 4436 803 4509 papoeindi·
857 4433 986 4490 nationis.
1011 4436 1054 4491 De
1070 4430 1235 4504 plenitudine
1250 4431 1345 4504 inque
1364 4430 1507 4505 potesutis
1531 4430 1658 4489 decerm-

121 4528 268 4589 redecima.
817 4542 844 4607 1)
859 4543 931 4597 mus,
948 4534 980 4584 nt
994 4525 1063 4585 nulli
1078 4525 1192 4582 onrnino
1202 4524 1350 4583 hominum
1365 4524 1446 4583 liceat
1459 4537 1523 4597 quar
1535 4528 1659 4597 postme-

380 4626 430 4682 Xl.
858 4623 926 4679 dum
940 4622 1076 4678 electurus
1089 4634 1119 4678 es
1135 4619 1197 4677 loca
1214 4627 1269 4675 tuae
1291 4618 1459 4690 poenitentiae
1472 4627 1579 4677 umere
1598 4634 1658 4692 per·

121 4752 129 4793 ,
147 4736 275 4807 gmon,-
301 4736 553 4793 p11„gp,·,„,„,m
571 4736 757 4791 ,gemm
770 4762 804 4775 ,.
858 4715 980 4786 turbare,
995 4728 1044 4773 seu
1064 4711 1230 4786 quibuslibet
1259 4712 1447 4771 teredonibus
1465 4720 1496 4771 te
1522 4720 1570 4771 aut
1593 4720 1659 4773 tuos

121 4806 165 4865 dtr
177 4830 193 4857 α
209 4813 368 4878 potestatem
382 4808 543 4879 auspicandi
558 4812 713 4876 conceptum
726 4804 805 4862 ordi·
858 4823 1018 4882 aggravare,
1028 4806 1078 4865 sed
1088 4821 1140 4863 nee
1154 4805 1282 4878 fatigare.
1297 4806 1326 4862 Si
1340 4820 1404 4878 qua
1414 4805 1498 4879 igitur
1516 4806 1659 4866 saecularis

121 4880 390 4951 mmmmm
401 4881 527 4949 regulam
548 4882 579 4935 Β·
595 4878 766 4935 Β8’Ψάῑ””·”
862 4910 911 4961 aut
919 4900 1103 4959 ecclesiastica
1115 4915 1231 4972 persona
1244 4906 1342 4957 contra
1361 4899 1433 4957 bane
1456 4907 1559 4959 nusae
1579 4900 1655 4959 ordi·

307 4988 401 5050 (Ᾱῦὓο
411 4987 503 5049 1074·)
859 4996 980 5055 nationis
994 4994 1140 5068 presentis
1154 4994 1283 5067 paginam
1303 4993 1394 5051 venire
1407 4994 1567 5065 tentaterit,
1586 4986 1656 5053 seint

121 5078 229 5137 lnAliss
244 5078 293 5135 SS·
318 5078 378 5135 ΟΜ·
393 5077 494 5135 fitted·
509 5078 579 5133 5³³⁰·
605 5078 651 5145 Vl,
673 5083 750 5148 parte
777 5089 801 5133 ¹¹
859 5108 889 5149 se
898 5108 976 5149 ream
987 5106 1039 5164 pro
1052 5097 1208 5163 perpetrata
1217 5087 1366 5161 iniquitate
1381 5088 1458 5160 (quis
1473 5088 1550 5147 nullo
1562 5087 1656 5147 medic

274 5170 367 5242 ΡΜ,
400 5186 461 5244 lfls·
500 5174 541 5240 L·]
859 5202 909 5244 vos
918 5186 1048 5243 uolumus
1070 5184 1106 5243 ad
1118 5190 1246 5241 sanctam
1265 5182 1361 5241 sedern
1384 5182 1530 5254 pertinere)
1542 5180 1658 5256 ipsoque

121 5296 235 5349 mnus,
256 5298 353 5341 servus
364 5298 506 5340 serronrm
517 5281 579 5350 Dei,
594 5281 629 5339 ad
644 5289 805 5353 perpetuam
859 5296 911 5337 suo
925 5287 1065 5339 attentatu
1079 5277 1190 5351 indigno
1199 5276 1303 5350 prirari
1316 5274 1396 5334 omni
1408 5274 1523 5334 honoris
1547 5274 1593 5335 sui
1614 5274 1659 5333 di-

121 5377 229 5437 narium
253 5376 357 5435 dilecto
381 5376 438 5433 lilio
452 5377 626 5447 Saarnsuo,
650 5374 803 5431 uceeomiti
858 5376 970 5448 gnitate,
997 5371 1090 5430 divino
1118 5371 1261 5443 subiacere
1296 5368 1457 5428 maledicto.
1483 5367 1550 5443 Agri
1586 5382 1659 5441 quos

121 5499 134 5543 1,
161 5472 280 5547 ejusque
299 5469 431 5529 iratribus
457 5470 610 5543 regularem
631 5469 713 5526 ritant
739 5484 803 5540 pru·
859 5466 1010 5535 colueritis,
1023 5466 1077 5524 sint
1090 5464 1150 5538 agri
1171 5464 1373 5537 primitiarum
1386 5463 1486 5521 heatus
1503 5464 1584 5521 enter
1602 5462 1656 5525 Bs-

122 5566 265 5636 ,niumm
277 5562 497 5637 etapostolicam
515 5562 748 5621 benedictionem.
859 5561 983 5619 nedictus
993 5558 1198 5617 benedictiones
1210 5575 1261 5631 pro
1280 5565 1307 5615 te
1327 5558 1458 5629 impetret
1475 5555 1506 5615 in
1530 5556 1660 5629 spiritua·

121 5658 185 5719 tiam
197 5659 354 5734 religiosam
366 5658 452 5715 tilam
465 5656 642 5715 instituentes
652 5657 804 5728 apostolico
859 5655 931 5713 tibus
946 5662 975 5713 et
987 5653 1197 5727 temporalibus.
1214 5649 1378 5710 Conimme
1393 5658 1422 5709 et
1446 5659 1508 5708 esto
1529 5649 1660 5708 robustus

130 5753 173 5813 uti
181 5752 289 5827 judicio
301 5760 330 5811 et
342 5751 458 5811 oonsilio
470 5766 508 5807 ne
521 5751 636 5823 quidam
646 5758 710 5823 post
721 5766 804 5809 suum
859 5748 1012 5807 innomine
1025 5747 1116 5805 Patris
1130 5752 1158 5803 et
1168 5744 1230 5803 Filii
1244 5752 1273 5801 et
1284 5744 1399 5815 spiritus
1408 5742 1508 5799 sancti
1522 5744 1622 5798 Amen.

121 5862 151 5905 sn
171 5846 277 5905 sentire
293 5846 438 5914 abeuntes,
461 5860 527 5903 cunr
546 5846 701 5903 temeritate
724 5853 750 5901 et
764 5846 805 5903 in·
895 5847 999 5901 Datum
1009 5831 1669 5912 uomaelnpreeenuaoanrustnauuesoa-
