3870 6164
73 279 107 333 ss
292 271 294 275 ’
521 330 528 339 ,
574 240 837 338 rnouneonann.
856 311 892 322 -
910 281 999 337 nura
1018 282 1044 337 s.
1067 279 1238 336 ennoean.
1694 283 1758 363 rux

72 418 109 458 an
119 402 226 458 nubere
239 401 329 467 vellet,
356 400 502 472 requisivit.
528 404 603 474 Post,
628 412 738 477 recepta
751 404 876 474 sanitate,
890 409 917 473 Α
966 410 1012 461 28.
1027 407 1105 461 luter
1118 403 1186 470 baec,
1200 408 1302 476 quanta
1319 400 1476 460 obedientia
1488 412 1567 461 tanto
1584 405 1643 460 viro
1656 404 1730 462 exhi·

71 495 141 552 dum
155 495 244 551 subtis
257 494 408 551 rationibus
421 494 601 565 incumberet,
616 512 666 552 uec
689 497 877 555 recordatione
933 497 1020 554 benda
1030 497 1111 564 loret,
1122 500 1280 552 Hermanno
1294 504 1360 552 tunc
1373 498 1507 569 temporis
1518 497 1669 563 Cardinali,
1680 496 1730 554 sed

72 588 280 662 preteritorum
291 588 877 662 malorum,necspefuturorumbonornm,
931 590 1109 665 postmodnm
1123 589 1729 662 brixiensisEcclesiaepraesuli(25),divinitus

73 690 124 739 aut
140 680 289 751 desiderio,
313 689 351 749 et,
372 681 535 739 utbreviter
573 683 779 752 concludemus,
800 685 877 742 nullo
931 694 1072 742 ostensum
1086 692 1137 740 est.
1151 685 1221 740 Nam
1234 698 1298 738 cum
1310 681 1344 738 ab
1360 699 1393 739 eo
1407 683 1441 739 ad
1461 699 1588 740 mensam
1605 684 1729 756 quadarn

78 774 208 833 modoad
229 774 295 843 boc,
310 784 342 831 nt
364 775 463 831 saltem
478 791 561 832 unam
589 777 766 850 lacrymulam
789 778 878 851 expri·
930 777 977 855 die
988 788 1099 836 vocatus
1110 793 1168 834 non
1179 775 1307 845 venisset,
1328 785 1408 832 nocte
1430 777 1596 850 insequenti,
1615 778 1727 834 terribi-

79 885 158 926 mere
175 869 284 936 valeret,
308 868 462 942 pertingere
487 869 584 940 potuit.
604 872 659 928 Diu
674 870 755 941 igitur
775 879 877 928 moesto
931 873 963 929 lis
976 869 1249 945 eiqnaedamspecies
1270 870 1404 941 apparuit,
1420 884 1538 942 eumque
1552 870 1729 928 vehementer

77 963 171 1019 animo
190 962 333 1018 revolvens
360 962 426 1034 quid
449 962 560 1035 egissm,
582 979 637 1036 quo
660 963 760 1021 delicto
789 968 877 1021 Deum
930 967 1090 1038 increpavit,
1101 964 1193 1021 dicens
1207 983 1213 1019 :
1229 965 1270 1020 Ut
1282 961 1358 1033 quid,
1373 962 1469 1032 miser,
1484 962 1607 1021 imitatus
1619 979 1649 1020 es
1663 980 1729 1021 con·

76 1055 248 1123 offendisset,
262 1070 315 1127 qna
334 1054 452 1128 denique
472 1056 551 1129 culpa
570 1055 663 1112 datam
678 1057 731 1112 sibi
745 1073 876 1130 compun·
930 1060 1080 1117 comeciam
1090 1057 1202 1115 Dathan
1211 1065 1239 1113 et
1252 1056 1370 1126 Abiron,
1383 1055 1589 1128 supersedendo
1601 1057 1727 1130 Gregorii

73 1149 173 1205 ctionis
181 1148 300 1219 gratiam
315 1148 491 1220 perdidissem
506 1148 631 1217 tandem,
642 1158 795 1222 temperato
809 1166 877 1208 moe·
930 1152 1126 1210 adconvivinm
1149 1149 1317 1218 invitatione,
1342 1150 1413 1206 sicut
1427 1149 1465 1206 illi
1483 1149 1599 1221 superbe
1616 1165 1727 1222 respue·

72 1257 146 1303 rore,
159 1241 189 1297 id
200 1241 305 1298 consilii
317 1241 420 1314 accepit
434 1251 465 1299 ut
486 1242 629 1316 religiosos
652 1245 725 1299 viros
737 1259 830 1300 secum
848 1246 876 1302 in
930 1255 996 1303 runt
1021 1245 1109 1318 Moysi
1132 1243 1165 1301 ad
1185 1243 1333 1300 concilium
1357 1242 1544 1298 vocanonem?
1563 1246 1608 1298 An
1624 1242 1727 1299 excidit

68 1335 181 1408 jejuniis
196 1344 225 1392 et
248 1335 418 1391 orationibus
432 1335 584 1407 supplicare
608 1336 729 1393 Domino
743 1337 875 1410 deposce·
930 1340 987 1405 tibi,
999 1347 1101 1412 quanta
1116 1337 1200 1393 millia
1213 1336 1330 1392 millium
1345 1336 1374 1391 iu
1394 1333 1504 1392 inferno
1526 1333 1651 1391 demersa
1671 1336 1729 1392 sint

75 1438 129 1495 ret;
145 1437 284 1500 quatenus
300 1427 324 1484 ei
345 1429 466 1485 revelare
484 1428 642 1502 dignaretur
655 1446 703 1502 pro
729 1446 782 1503 qna
804 1448 876 1488 noxa
930 1443 1040 1506 propter
1069 1435 1151 1490 unius
1173 1430 1337 1503 Protoplasti
1359 1427 1596 1486 inobedientiam?
1617 1429 1727 1486 Festina

71 1521 180 1577 donum
203 1521 256 1584 illi,
281 1520 355 1593 quod
369 1520 474 1593 pridem
499 1522 633 1588 habuerit,
660 1523 798 1580 sublatum
826 1525 869 1582 sit.
925 1544 991 1600 ergo
1014 1525 1048 1582 ad
1066 1524 1292 1593 satisfactionem,
1321 1521 1344 1578 si
1370 1521 1487 1579 evadere
1508 1521 1584 1595 cupis
1606 1521 1728 1579 debitam

72 1615 155 1684 Quod
168 1630 289 1688 congrua
317 1614 463 1671 devotione
491 1625 632 1688 peractum
658 1625 711 1675 est.
725 1619 872 1689 eompletis
924 1620 1071 1679 rebellibus
1080 1619 1400 1688 damnationemltaqne
1410 1624 1527 1684 mox,ut
1538 1615 1728 1688 opportunitas

71 1709 165 1780 itaque
186 1708 304 1764 duarum
322 1706 562 1766 hebdomadarum
584 1709 691 1782 vigillis,
715 1711 830 1783 jeiuuio,
845 1721 911 1812 etB
927 1714 990 1771 data
999 1723 1051 1781 est,
1075 1708 1725 1786 provolutusestpedibnsclcmentissimiPapae:

70 1800 571 1875 corporalrdrsctplma,pinsetvelox
586 1803 694 1860 auditor
707 1802 872 1862 desiderium
926 1824 979 1865 nec
997 1823 1087 1877 mora,
1108 1806 1219 1863 veniam
1242 1803 1398 1876 impetrarit
1422 1803 1573 1875 lacrymosa
1595 1802 1727 1873 supplica·

71 1894 162 1951 cordis
184 1894 282 1951 tribuit
303 1895 423 1951 ei.llam
443 1895 552 1952 cuidam
564 1896 703 1953 innocenti
716 1904 743 1954 et
756 1898 871 1971 simplici
928 1902 1012 1958 tione.

71 1988 229 2044 viroBeata
241 1986 295 2045 Dei
313 1988 440 2045 Genitrix
465 1988 610 2046 invisione
637 1990 772 2062 apparuit,
795 1992 873 2064 eique
962 2000 1008 2051 29.
1036 1996 1116 2050 Nunc
1143 1992 1211 2049 libet
1242 1991 1298 2048 duo
1328 1988 1458 2046 miracula
1491 1987 1643 2045 sanctitatis
1680 2004 1728 2059 per

72 2081 204 2154 pracepit
216 2081 309 2138 dicens
322 2098 331 2136 r
344 2081 431 2151 Vade,
448 2090 477 2138 et
490 2081 533 2139 dio
547 2083 693 2156 Gregorio,
721 2084 872 2158 quodcum
928 2091 960 2144 B.
976 2087 1140 2160 Gregorium
1153 2084 1282 2143 divinitus
1295 2084 1366 2141 iacta
1381 2082 1499 2140 breviter
1512 2081 1650 2155 assignare
1668 2102 1675 2139 :
1692 2097 1727 2139 ne

72 2190 120 2247 ego
134 2175 257 2231 illumin
283 2174 400 2231 chorum
416 2180 484 2243 (non
497 2176 613 2234 dubium
634 2178 698 2249 quin
719 2178 872 2252 Virginum)
926 2180 997 2237 forte
1010 2180 1139 2253 ingressis
1150 2178 1232 2235 nobis
1241 2179 1341 2234 silvam
1359 2176 1494 2233 densioris
1506 2175 1638 2240 historiae,
1650 2176 1726 2233 esci·

70 2269 212 2341 elegerim,
230 2268 317 2340 ipsse
334 2269 473 2326 contrario
494 2269 573 2326 aliter
584 2286 667 2342 quam
680 2269 794 2328 deberet
806 2273 871 2345 egit.
926 2274 993 2331 dant
1009 2273 1160 2330 memoriae.
1175 2271 1303 2345 Quodam
1324 2285 1442 2342 namque
1464 2277 1600 2342 tempore,
1617 2284 1682 2325 cum
1693 2270 1727 2327 de
1744 2296 1750 2307 =

69 2363 145 2419 Novo
157 2371 254 2418 autem
269 2372 410 2433 permotus
421 2363 510 2436 elogio
519 2363 680 2436 Gregorius,
693 2364 779 2437 magis
791 2363 871 2422 baesi·
926 2383 1003 2424 more
1017 2382 1108 2423 sacras
1130 2382 1227 2424 manus
1251 2364 1386 2433 ablueret,
1399 2364 1468 2436 'ipsa
1488 2362 1635 2420 ablutionis
1656 2378 1726 2436 aqua

70 2457 237 2528 tarecoepit3
260 2455 443 2529 intentiusque
456 2472 551 2525 orare,
569 2464 600 2513 ut
613 2458 734 2530 apertius
750 2458 801 2515 sibi
819 2457 872 2515 Dei
927 2462 1013 2517 instar
1028 2460 1105 2516 lactis
1117 2459 1200 2529 lacta,
1215 2474 1320 2532 regrum
1335 2455 1497 2530 quemdam,
1510 2473 1573 2513 cum
1584 2455 1726 2514 ddereeu·

71 2548 268 2615 misericordia,
283 2548 349 2622 quid
362 2558 443 2616 esset,
458 2547 626 2606 ostenderet.
651 2551 756 2609 lterum
771 2550 871 2623 eidem,
928 2553 1056 2627 perandae
1068 2553 1192 2611 sanitatis
1215 2568 1276 2609 eam
1295 2553 1323 2608 in
1337 2567 1419 2608 usum
1442 2559 1608 2620 sumentem,
1635 2547 1728 2606 conse

70 2642 112 2697 cui
125 2657 222 2714 supra,
235 2642 407 2699 sanctissima
419 2643 502 2715 Virgo
517 2643 605 2700 Maria
618 2652 707 2701 mater
718 2644 830 2701 Domini
841 2644 871 2701 in
925 2649 989 2704 stim
1003 2647 1038 2704 ab
1052 2645 1214 2720 egritudine
1236 2645 1371 2702 liberavit.
1382 2647 1463 2714 item,
1476 2660 1541 2701 curn
1556 2644 1726 2701 incomitata

69 2736 174 2792 somnis
193 2751 339 2808 apparens,
354 2736 441 2808 inquit
455 2753 462 2792 :
476 2740 545 2793 Haec
555 2736 630 2794 dices
640 2728 872 2810 Gregori03quo-
925 2741 1049 2813 gloriosae
1063 2739 1203 2797 blathildis
1216 2739 1400 2807 delitesceret,
1422 2745 1450 2793 et
1471 2738 1576 2794 rabiem
1597 2753 1726 2809 persecu-

72 2828 144 2884 niam
171 2829 231 2900 ipse
248 2837 342 2885 contra
375 2830 537 2901 gravitatem
563 2830 741 2888 iustitutionis
769 2839 870 2888 nostrae
924 2833 1019 2903 donis,
1034 2833 1067 2890 de
1092 2849 1145 2905 qua
1165 2830 1280 2904 posthac
1296 2831 1403 2904 plenius
1427 2829 1529 2887 dicturi
1552 2845 1659 2896 sumus,
1674 2830 1725 2886 de-

71 2921 184 2978 monilia
200 2922 324 2979 tractavit
336 2923 425 2996 neptis
438 2937 513 2980 suae:
528 2922 631 2980 idcirco
649 2923 773 2996 gratiam,
787 2940 871 2996 quam
925 2926 1055 2994 clinarct;
1082 2924 1203 2999 quadam
1236 2923 1281 2980 die
1304 2923 1467 2979 venerabilis
1503 2922 1648 2979 Hubaldns
1672 2926 1726 2987 (io)
1754 2968 1760 2977 .

71 3013 175 3081 babuit,
190 3014 293 3072 amisit.
315 3015 367 3072 Sed
381 3031 465 3085 nunc,
480 3016 542 3088 quia
557 3016 746 3090 poenitentiam
758 3016 794 3073 de
807 3033 870 3089 pec·
924 3021 1090 3075 Mantuanus
1106 3018 1258 3091 Episcopus
1276 3015 1406 3072 indicarit
1418 3016 1442 3072 ei
1458 3014 1532 3088 quod
1546 3029 1651 3086 coquus
1665 3014 1725 3086 ejus

71 3117 130 3164 cato
143 3124 197 3165 suo
206 3108 321 3181 peregit,
335 3108 440 3166 donum
454 3109 638 3182 lacrymarum
663 3110 784 3182 recipiet.
800 3110 873 3166 Hinc
887 3091 910 3156 C
925 3113 1008 3169 nimia
1033 3112 1190 3168 infirmitate
1212 3118 1407 3184 pregravatus,
1431 3107 1466 3165 do
1493 3109 1592 3165 lectulo
1613 3123 1725 3180 surgere

71 3201 258 3258 admonemur
272 3201 343 3259 illins
359 3201 423 3259 dicti
437 3222 443 3258 :
456 3226 469 3252 ι
484 3205 592 3260 Bonum
604 3209 645 3260 est
655 3203 761 3260 homini
772 3204 869 3260 mulie·
928 3221 984 3261 non
996 3205 1108 3261 valeret.
1123 3210 1160 3261 nt
1172 3204 1234 3269 ille,
1248 3202 1394 3260 necessarii
1408 3201 1656 3259 commutationem
1670 3215 1725 3256 uon

72 3311 127 3352 rem
140 3311 200 3352 non
218 3304 332 3369 tangere
347 3298 441 3362 (icor.
458 3296 525 3370 vn).
543 3320 556 3347 »
926 3297 1030 3355 babens
1041 3297 1133 3366 ollioii,
1149 3313 1213 3354 cum
1236 3296 1289 3353 lide
1304 3311 1389 3370 grano
1403 3295 1505 3369 sinapis
1529 3292 1724 3368 comparanda,

104 3397 148 3446 2⁷.
167 3389 298 3459 Quadam
307 3398 412 3457 aestate,
427 3405 489 3462 quae
498 3393 593 3446 Roma
606 3390 734 3447 humanis
747 3391 871 3463 corpori-

71 3483 121 3539 bus
132 3483 212 3539 salde
224 3484 360 3539 contraria
381 3491 433 3552 est,
448 3483 515 3539 dnm
533 3483 604 3539 idem
621 3485 661 3539 vir
675 3484 725 3541 Dei
740 3483 870 3541 maximis

69 3591 115 3647 per
131 3577 266 3648 integram
287 3575 487 3633 hebdomadam
501 3585 629 3633 aestuaret
635 3575 772 3643 lebribus3
786 3593 868 3650 appa·

69 3671 124 3724 ruit
137 3671 161 3724 ei
172 3671 204 3724 B.
226 3670 276 3725 Dei
289 3670 409 3726 Genitrix
427 3685 535 3742 semper
549 3671 632 3741 Virgo
653 3672 758 3738 Maria,
775 3679 866 3743 atque,

70 3772 99 3818 ut
130 3761 346 3836 indignationem
368 3763 538 3831 ostenderet,
561 3773 682 3820 ventrem
702 3763 759 3836 ejus
786 3781 868 3821 manu

68 3872 148 3912 versa
162 3857 321 3926 percutiens,
336 3856 458 3913 recessit.
475 3856 579 3914 Deinde
592 3873 639 3929 per
661 3857 773 3914 alteram
785 3857 867 3930 septi-

68 3965 186 4005 manam
198 3949 266 4006 adeo
282 3949 439 4007 debilitatus
457 3959 509 4018 est,
524 3958 555 4008 ut
581 3951 712 4024 respirare
730 3968 805 4018 eum,
820 3953 866 4023 qui

67 4045 177 4100 exitum
197 4045 255 4116 ejus
279 4045 515 4115 praestolabantur,
553 4044 596 4100 vix
612 4044 715 4100 sentire
741 4054 865 4117 possent.

67 4139 157 4195 Finita
173 4137 347 4193 hebdomada
368 4138 424 4207 illa,
445 4153 540 4194 rursus
564 4137 598 4194 ad
622 4152 686 4193 eum
708 4140 790 4194 Beata
814 4141 864 4196 Dei

67 4231 206 4300 Genitrix,
218 4229 285 4287 hora
308 4231 360 4287 diei
374 4230 449 4304 quasi
473 4240 561 4301 sexta,
587 4232 716 4301 secessim
736 4232 824 4303 qualis
839 4249 868 4289 se

65 4326 193 4392 baberet,
213 4332 241 4379 et
254 4324 277 4380 si
290 4324 380 4381 adhuc
399 4326 466 4382 satis
479 4340 620 4397 poenarum
636 4325 716 4382 luisse
730 4325 782 4381 sibi
795 4325 868 4382 vide·

66 4428 155 4483 retur,
172 4417 207 4474 ab
219 4432 252 4473 eo
264 4419 425 4476 sciscitatur.
442 4419 492 4476 Cui
512 4419 558 4475 ille
570 4420 731 4491 respondit:
750 4420 866 4476 Domina

925 3391 1066 3447 transtulit
1087 3399 1212 3446 montem
1228 3388 1410 3450 infirmitatis,
1425 3388 1546 3443 eterevit
1560 3387 1589 3443 in
1606 3387 1729 3443 validum*

925 3484 1010 3556 gratia
1031 3483 1179 3554 sospitatis.
1196 3482 1299 3539 Eodem
1315 3481 1416 3554 quippe
1430 3480 1509 3548 hora,
1530 3495 1583 3552 qna
1599 3479 1724 3551 jubentis

924 3593 1019 3634 vocem
1047 3577 1158 3644 audivit,
1183 3575 1310 3642 surrexit,
1332 3590 1364 3630 ac
1381 3572 1533 3629 neccssaria
1556 3571 1721 3645 preparavit.

1226 3712 1347 3769 CAPUT
1362 3712 1421 3766 tv.

924 3844 1057 3914 Greqort'i
1079 3842 1232 3900 necretates
1260 3842 1397 3911 Epistoloe
1423 3845 1520 3896 contro
1550 3841 1724 3896 simoniacos

1225 3919 1250 3969 et
1260 3916 1435 3982 fornicarios.

958 4048 1003 4098 30.
1026 4046 1089 4100 lam
1110 4054 1220 4115 tempus
1239 4044 1330 4116 exigit,
1346 4043 1451 4114 aliquot
1479 4041 1633 4097 Decretales
1650 4041 1723 4098 boati

923 4139 1051 4194 Praesulis
1064 4140 1209 4210 Epistulas,
1225 4146 1322 4194 contra
1340 4137 1513 4193 simoniacos
1527 4143 1555 4191 et
1574 4134 1723 4192 Nicolaitas

923 4234 978 4299 (27)
1004 4232 1029 4286 in
1053 4233 1171 4288 Galliam
1190 4240 1272 4304 atque
1290 4230 1467 4287 Germaniam
1480 4231 1656 4285 transmissas
1676 4245 1724 4299 po-

923 4339 988 4380 nere
1016 4333 1068 4380 :et
1089 4325 1214 4392 subinde,
1231 4324 1300 4396 quid
1324 4324 1375 4379 sibi
1400 4326 1464 4379 velit
1482 4338 1578 4379 saccus
1589 4323 1633 4379 ille
1648 4332 1722 4379 ster-

924 4419 1035 4473 eoribus
1058 4417 1183 4486 relectus,
1206 4434 1288 4490 quern
1308 4434 1390 4489 supra
1406 4417 1512 4472 Pisanis
1536 4416 1623 4473 visum
1648 4431 1723 4472 com-

66 4513 206 4585 piissima,
219 4520 249 4567 nt
260 4512 308 4566 tibi
323 4511 440 4570 videtur.
457 4515 531 4569 Tum
549 4512 602 4568 leni
619 4528 714 4580 manu,
726 4515 803 4584 quasi
817 4489 911 4569 eorl)
928 4512 1149 4583 memoravimus,
1173 4513 1303 4585 aliquam,
1328 4519 1359 4567 ut
1377 4510 1565 4582 promisimus,
1587 4510 1721 4582 conjectu·

66 4622 121 4678 pus
132 4605 193 4676 ejus
206 4620 372 4676 perungens,
385 4607 418 4661 ab
434 4606 520 4662 oculis
534 4606 592 4678 ejus
609 4606 729 4662 evannit.
747 4608 811 4661 illos
823 4605 868 4662 illo

66 4699 232 4754 vestimenta
255 4714 315 4766 sua,
348 4699 424 4771 quasi
451 4698 486 4755 ad
520 4699 662 4755 ecclesiam
692 4716 869 4772 processurus

66 4801 153 4861 esset,
173 4792 344 4864 requirente;
360 4792 397 4860 bi,
414 4792 461 4864 qui
477 4791 600 4860 aderant,
621 4808 677 4865 prae
690 4794 771 4849 nimia
791 4793 869 4849 inlir-

66 4886 164 4942 mitate
183 4885 274 4942 minus
288 4902 385 4942 sanum
397 4887 499 4943 sentire
512 4886 694 4943 estimabant.
710 4894 747 4944 At
759 4887 815 4953 ille,
830 4887 868 4943 nil

68 4979 134 5034 mali
155 4995 185 5034 se
202 4978 303 5035 babere
321 4979 471 5049 allirmans,
487 4988 635 5052 extorquet
650 4989 680 5037 ut
697 4979 820 5036 vestibus
839 4997 869 5038 se

69 5071 198 5141 induant,
211 5072 342 5145 atquead
363 5073 504 5130 ecclesiam
526 5073 686 5146 perducent.
708 5075 771 5144 Quo
786 5074 868 5144 lacto,

70 5165 221 5221 intantum
232 5166 348 5222 sanitate
364 5176 472 5239 recepta
486 5168 636 5231 convaluit,
648 5176 679 5223 ut
692 5168 776 5224 etiam
792 5183 868 5224 secra

72 5258 221 5315 blissarum
240 5260 376 5316 solemnia
397 5260 504 5333 publice
527 5261 555 5318 in
575 5260 686 5319 ecclesia
722 5261 869 5318 Salvatoris

69 5353 194 5424 sequenti
205 5351 252 5411 die
270 5353 429 5412 celebraret.

106 5535 165 5604 (25)
180 5536 365 5602 Hermonem,
385 5536 453 5603 sive,
477 5538 660 5608 Arimcnnos,
672 5543 720 5592 aut
731 5540 870 5607 Annona,

69 5605 164 5664 favore
189 5607 344 5665 comitissae
365 5606 505 5665 Mathildis
525 5607 627 5664 electus
649 5615 691 5664 est
721 5610 870 5683 Episcopus

71 5676 222 5735 brixiensis
230 5694 304 5735 anno
317 5683 398 5736 10⁹8.

105 5755 165 5820 (aa)
186 5750 333 5807 liuboldus
352 5750 409 5807 sive
438 5751 570 5818 Uboldus,
595 5761 702 5809 creatus
721 5752 871 5826 Episcopus

71 5825 239 5882 lisamanus
252 5835 298 5878 an.
317 5825 397 5878 1⁰82.
409 5821 456 5879 sed
477 5822 512 5878 ab
534 5821 653 5878 ilenrico
673 5824 748 5897 Rege
762 5825 867 5897 pulsus,

924 4621 982 4660 ram
1007 4604 1106 4661 lacere.
1134 4607 1309 4662 Dennrrtiatio
1329 4605 1431 4677 qnippe
1457 4603 1591 4675 regularis
1611 4603 1720 4677 judicii,

925 4698 1120 4770 praedictorum
1144 4699 1337 4755 haereticorum
1358 4699 1449 4770 eisque
1463 4696 1611 4753 faventium
1622 4713 1723 4754 conen·
1740 4692 1752 4711 '

923 4793 994 4847 tiens
1013 4801 1040 4847 et
1053 4808 1184 4850 coercens
1207 4792 1396 4865 ignominiam,
1411 4807 1467 4848 non
1480 4790 1600 4848 absurde
1616 4790 1721 4847 videtur

923 4887 1075 4956 comparari
1092 4901 1174 4944 sacco
1189 4895 1309 4943 stercora
1321 4886 1488 4953 continenti3
1504 4901 1585 4957 quem
1600 4884 1723 4941 videlicet

924 4979 964 5034 vir
987 4988 1097 5036 sanctus
1122 4980 1327 5052 quodammodo
1348 4980 1476 5051 portavit,
1495 4977 1572 5043 dum,
1588 4977 1722 5050 Epistulas

923 5072 1067 5139 mittendo,
1095 5073 1303 5130 conversionem
1316 5088 1423 5141 eornm,
1441 5087 1512 5144 qnos
1537 5072 1655 5138 notavit,
1675 5070 1722 5127 diu

923 5167 1058 5237 patienter
1071 5168 1224 5239 expectavit
1238 5188 1243 5223 :
1260 5167 1412 5239 exportavit
1423 5175 1528 5233 antem,
1542 5164 1654 5237 quando
1663 5179 1723 5236 per·

922 5258 1024 5316 tinaces
1051 5260 1078 5316 in
1099 5276 1201 5329 errore,
1226 5258 1352 5333 synodali
1386 5275 1522 5316 consensu
1542 5258 1577 5314 ab
1603 5256 1723 5314 Ecclesia

922 5353 1068 5424 separavit.
1084 5357 1192 5411 Harum
1207 5354 1292 5426 igitur
1317 5353 1503 5426 Epistolarum
1530 5350 1619 5425 prima
1642 5350 1737 5409 nobis·

925 5539 1006 5596 etiam
1021 5536 1083 5594 exul
1097 5536 1212 5610 degebat
1223 5552 1288 5594 curn
1303 5537 1331 5594 S.
1346 5535 1493 5607 Gregorio.

960 5609 1015 5682 (at)
1042 5613 1123 5666 Extat
1147 5608 1206 5665 haec
1228 5608 1341 5691 epistola
1360 5608 1460 5663 inserta
1481 5606 1603 5666 Concilio
1622 5611 1722 5678 primo,

1819 5640 1834 5667 Ι

924 5684 1024 5739 Romae
1034 5679 1086 5738 snb
1100 5681 1128 5736 S.
1139 5681 1272 5755 Gregorio
1287 5679 1382 5737 habito
1398 5693 1470 5735 anno
1487 5683 1568 5744 tote,
1578 5678 1611 5734 in
1623 5682 1725 5753 apulo·
1751 5690 1828 5796 ι

925 5753 1024 5827 getico,
1039 5750 1158 5823 capitulo
1173 5759 1198 5808 l.

1680 5858 1714 5911 ἡ.
