3870 6164
156 242 212 297 err
282 248 285 253 ·
372 246 377 253 ·
743 235 1157 297 monstrosos-orer.
1178 240 1232 297 xv.
1327 210 1330 215 ’
1758 248 1809 303 cas

156 354 301 436 subroget.
315 360 453 436 Quidquid
464 377 531 436 ergo
545 364 603 437 ipse
616 377 698 437 sopor
709 362 763 421 boc
774 365 884 438 negotio
897 362 956 420 fue·
973 366 1000 430 Α
1013 363 1108 436 gavisi,
1120 365 1157 420 ita
1171 380 1284 437 quoquo
1296 358 1452 422 studiorum
1465 363 1690 439 probitatumque
1709 376 1811 425 rastra·

156 458 195 514 rit
210 464 366 521 exsecutus,
387 455 451 529 quia
465 457 532 514 certi
550 472 647 514 sumus
664 472 728 514 eum
752 473 776 515 a.
780 458 885 531 justitia
903 474 960 514 non
1014 457 1180 531 rum10ptnto
1194 457 1291 515 nosdc
1306 473 1346 527 se,
1357 458 1427 515 sicut
1438 466 1576 530 optamus,
1595 459 1726 517 letificet.
1740 461 1810 530 Quia

156 546 334 609 sensarum
346 549 486 607 nobilitati
501 559 558 607 tuse
572 551 749 623 praecipimus
761 558 793 607 ut
807 560 896 609 ratum
909 552 959 608 fir·
1013 567 1078 609 vero
1091 553 1200 609 noviter
1218 550 1252 608 ad
1273 552 1415 610 Christum
1429 568 1577 610 conversos
1596 554 1720 610 nondum
1735 553 1812 612 Chri·

159 659 296 717 mumque
320 651 415 701 tenere
438 643 592 702 nullenatus
613 654 725 714 renuat3
749 645 799 703 sed
818 645 894 719 qnod
913 646 974 702 ille·
1014 646 1111 702 stianae
1125 644 1187 703 fidei
1205 645 1384 719 etreligiouis
1398 645 1551 703 doctrinam
1572 646 1742 704 sufficienter
1761 663 1836 707 ros.
1894 714 1897 719 ¹

159 736 302 808 statuerit,
317 736 395 810 quasi
411 746 549 808 nostrum,
563 754 611 795 vos
622 739 783 807 observare,
798 739 960 812 ceterisque
1013 738 1162 811 sumpsisse
1174 747 1313 811 putamus,
1329 740 1457 797 volumus
1470 751 1502 798 ut
1519 737 1678 812 frequenter
1689 741 1725 797 ad
1739 740 1812 799 banc

157 848 199 890 ne
208 830 394 889 contradicere
406 830 526 889 audeant
538 848 588 905 pro
600 833 682 890 vestri
700 831 891 906 magnitudine
907 833 961 889 im·
1013 833 1107 891 sedem
1128 833 1242 889 ciericos
1263 841 1368 890 vestros
1385 834 1508 903 mittatis,
1536 833 1658 908 talesque
1680 850 1811 906 personas

149 925 275 982 minoto.
289 926 401 998 lmuper
411 925 538 982 volumus
548 934 632 999 atque
645 939 793 983 monemus
802 933 833 982 ut
843 926 958 996 clericis,
1014 925 1178 998 provideatis
1192 925 1229 983 ad
1240 942 1293 985 nos
1304 925 1508 1001 destinare,qui
1519 935 1548 983 ct
1557 936 1661 985 sauctae
1675 930 1811 988 Romane

147 1018 206 1091 qui
225 1026 338 1090 propter
355 1016 408 1074 boc
425 1019 569 1090 negotium
586 1018 681 1076 sedem
695 1018 876 1091 apostolicam
891 1020 960 1091 peti·
1014 1020 1142 1077 Ecclesite
1155 1020 1281 1077 moribus
1299 1020 1406 1093 plenius
1424 1021 1539 1089 instrui,
1561 1029 1590 1078 et
1613 1021 1740 1078 instructi
1763 1039 1810 1078 va-

147 1119 269 1180 -rsrunt,
293 1111 399 1171 nullam
416 1110 514 1169 exinde
534 1111 677 1170 larionem
697 1110 814 1183 faciatis,
839 1112 881 1170 rel
901 1111 960 1170 fleri
1014 1113 1089 1170 leant
1110 1112 1145 1169 ad
1165 1129 1214 1170 vos
1235 1113 1314 1172 docte
1334 1113 1532 1187 salubriterque
1546 1129 1609 1187 quse
1632 1123 1696 1171 sunt
1709 1115 1810 1188 agenda

150 1205 336 1277 permittetis.
1015 1205 1126 1265 referre.

426 1315 605 1372 EPlSTOLA
624 1313 700 1371 XIV.
1287 1325 1459 1382 EPlSTOLA
1478 1325 1541 1382 XV.

349 1440 509 1484 intents
529 1438 781 1483 W1⁸1⁰ffl¹³⁰¹⁰1
1128 1467 1170 1508 sn
1190 1466 1341 1510 sucoasrr
1361 1466 1497 1510 otsrsmr
1514 1464 1701 1512 srrscoruas.

459 1532 550 1599 (ΑΠΙΙΟ
572 1533 664 1598 ¹⁰⁸¹·)
1313 1573 1405 1635 (Anno
1426 1571 1517 1631 1081.)

143 1630 372 1691 &monade
388 1633 475 1702 qeoib
483 1647 574 1688 eorum
593 1634 671 1701 requi
686 1631 962 1701 odfiderrtdlsristic·
1041 1690 1045 1700 ,
1089 1691 1093 1700 ,
1238 1690 1267 1701 ..
1666 1691 1670 1701 ,

200 1718 263 1759 mm
281 1706 456 1759 eruerem.
479 1704 526 1759 aar
547 1705 616 1759 aona
639 1718 720 1774 opera
738 1703 872 1757 bortatur.
896 1702 961 1758 voc
1014 1689 1155 1758 serumst
1175 1691 1355 1745 ramosam
1371 1692 1396 1742 et
1419 1689 1607 1745 &onmem
1626 1703 1760 1759 memet
1779 1689 1814 1744 de
1891 1730 1895 1735 -

199 1775 326 1830 ,prm
413 1775 450 1830 ag
461 1777 614 1830 ,emmam
632 1777 682 1844 qm·
700 1778 827 1830 pomam
841 1774 1001 1839 3021&oess
1051 1775 1082 1814 eo
1096 1760 1172 1830 opud
1180 1775 1207 1814 se
1215 1775 1269 1815 esse
1281 1764 1387 1831 questos
1400 1759 1471 1829 quod
1487 1759 1608 1815 eumdem
1620 1759 1813 1817 carnotensem

201 1847 348 1902 butitulce
398 1851 419 1900 tr
433 1861 474 1903 cos
484 1851 578 1917 posteo
596 1848 727 1901 lentescere
740 1847 854 1915 possint.
1050 1847 1104 1885 ἥθ’)
1121 1833 1257 1915 ,immid
1281 1836 1437 1914 “filistiim
1460 1832 1718 1914 immillilffflium
1737 1831 1814 1900 W*

416 1956 422 1967 ,
843 1956 849 1967 ,
918 1956 923 1967 ,
943 1956 948 1967 ,
1052 1906 1146 1966 sueni,
1160 1918 1207 1957 nec
1221 1917 1279 1970 qus
1296 1902 1478 1968 defensatores
1490 1901 1645 1965 odmumnr
1663 1917 1717 1972 quo
1734 1901 1767 1956 de
1780 1916 1809 1956 re

197 1957 372 2014 Gsseomus
381 1972 533 2028 episcopus,
542 1971 637 2012 serrrrs
645 1971 788 2013 servorum
800 1959 862 2026 Der,
878 1959 962 2013 Wrsv·
1052 1988 1113 2028 ,pm
1124 1989 1151 2029 ,p
1159 1975 1296 2029 ,epp-,rm
1308 1988 1360 2028 ,m
1376 1974 1491 2039 receset,
1504 1972 1583 2041 jug„
1596 1978 1638 2040 pq,
1652 1974 1687 2028 ,·,·,.
1701 1974 1813 2028 ,mim

131 2047 308 2120 ‘ciborum
324 2050 451 2123 gloriosis
462 2050 571 2123 regibus
587 2050 613 2106 L
615 2090 668 2107 .....
690 2057 719 2106 et
731 2051 813 2106 A..
829 2057 858 2106 et
876 2066 962 2123 popu·
1051 2047 1142 2102 nomo
1156 2050 1309 2114 exspectare
1319 2043 1416 2114 jussu,
1430 2046 1488 2114 ipse
1501 2048 1551 2100 out
1563 2045 1664 2108 accim,
1680 2047 1729 2099 cut
1742 2059 1812 2100 uun·

136 2136 207 2213 ln,
220 2143 340 2201 salutem
353 2152 381 2200 ct
396 2143 576 2216 apostolicam
590 2143 818 2201 benedictionem.
1052 2117 1121 2170 “um
1139 2117 1242 2171 mmm·
1745 2208 1749 2214 ,

195 2237 289 2295 Frater
311 2246 404 2295 noster
423 2238 568 2310 episcopus
594 2236 746 2310 [episcopus
763 2241 808 2306 lt]
821 2244 911 2293 vester
929 2235 963 2294 ad
1052 2241 1396 2313 Garcoatuscpisoopus,
1408 2257 1504 2298 servus
1515 2256 1659 2300 servornm
1671 2241 1733 2311 Dei,
1745 2240 1812 2298 dile·

135 2330 349 2401 apostolorum
363 2331 458 2387 limina
478 2332 590 2388 veniens
603 2331 740 2404 suggessit
754 2330 832 2386 nobis
846 2329 881 2386 de
893 2344 964 2385 nova
1018 2344 1064 2391 oto
1076 2335 1224 2393 incbristo
1234 2334 1292 2391 filio
1303 2337 1429 2393 Huoorvr
1442 2334 1533 2391 Diensi
1546 2335 1685 2408 episcopo,
1696 2335 1814 2392 salutem

131 2423 248 2494 genus
267 2432 366 2482 restrte
387 2425 574 2493 conversione,
596 2423 699 2480 scilicet
727 2423 844 2496 qualiter
867 2422 965 2479 relicto
1019 2437 1046 2485 et
1067 2429 1247 2500 apostoticam
1261 2427 1494 2486 benedictionem.

137 2516 316 2588 Gfflfifflflfii
328 2532 422 2575 ⁰ir0¹⁰
438 2517 474 2575 ad
488 2517 655 2574 Christian&
668 2517 739 2574 fidei
751 2516 894 2571 veritatem
909 2529 965 2585 per·
1054 2522 1150 2578 Frater
1162 2530 1189 2578 et
1198 2521 1373 2594 coepiscopus
1386 2529 1483 2578 noster
1495 2520 1655 2578 Parisiensis
1668 2537 1732 2578 cum
1747 2523 1814 2580 car·

142 2611 272 2668 *merit
287 2610 371 2669 Unde
391 2611 542 2684 plurinmm
556 2610 584 2667 in
598 2611 719 2667 Domino
735 2608 832 2676 toran.
853 2607 966 2663 misere·
1019 2614 1126 2671 notensi
1149 2613 1184 2671 ad
1204 2614 1386 2686 apostolicam
1409 2613 1501 2671 sedem
1519 2621 1662 2684 venerunt,
1680 2630 1739 2671 non
1757 2615 1815 2672 sino

137 2703 212 2761 tori
226 2704 355 2761 omnium
369 2704 467 2762 intimo
481 2705 564 2762 corde
575 2706 679 2778 gratias
696 2704 814 2776 agimus,
832 2701 881 2773 qui
891 2715 967 2762 men.
1019 2704 1232 2779 multaquidem,
1242 2707 1313 2763 sicut
1321 2706 1373 2779 ipsi
1385 2705 1551 2774 referebant,
1564 2713 1593 2762 et
1603 2706 1645 2762 sui
1656 2705 1814 2778 fatigatione

142 2800 201 2854 ¹⁸¹
211 2805 317 2855 mim
329 2799 435 2857 lumine
448 2813 499 2856 ⁸1¹0
517 2799 638 2866 illitati>
653 2805 681 2855 θ)
693 2797 729 2854 (ἱθ
742 2794 865 2853 tenebris
877 2794 912 2849 ed
928 2799 967 2847 ¹¹¹·
1019 2808 1048 2856 et
1060 2815 1154 2857 rerum
1167 2814 1280 2857 suarum
1291 2799 1398 2872 jactura
1412 2801 1441 2855 in
1455 2799 1621 2871 quibusdam
1640 2799 1718 2868 locis,
1729 2801 1815 2858 etiam

149 2904 231 2960 Φ),
245 2890 282 2947 dt
293 2899 385 2950 morit
396 2890 528 2950 advitam
543 2891 674 2964 dignatus
687 2900 728 2949 est
739 2905 788 2946 vos
797 2897 900 2946 retorna
916 2900 964 2941 sua
1019 2893 1104 2967 capti,
1117 2909 1169 2949 nec
1181 2893 1241 2949 sine
1254 2891 1443 2964 redemptione
1462 2892 1503 2948 sui
1522 2890 1635 2948 dimissi
1656 2892 1813 2950 Clamorem

146 2978 328 3057 benignitate
336 2984 480 3043 reducere.
496 2985 584 3042 Simul
599 2985 681 3041 etism
692 2984 778 3056 ipsine
792 2979 965 3039 ineffabilem
1019 2987 1110 3061 itaque
1119 2986 1154 3044 ad
1168 2993 1292 3044 nostram
1306 2986 1475 3044 audientiam
1487 2984 1609 3042 tulerunt
1621 2985 1694 3056 quod
1707 2984 1735 3041 in
1746 2985 1814 3043 alto·

152 3077 379 3137 misecordiam
399 3077 537 3149 deprecati
556 3093 663 3147 sumus,
687 3077 848 3149 assidueque
866 3083 964 3148 postu·
1019 3096 1082 3137 rum
1098 3096 1212 3146 eorum,
1231 3078 1358 3137 videlicet
1371 3081 1571 3137 Carnotensem
1584 3079 1754 3152 episcopum,
1767 3087 1816 3136 tua

152 3168 357 3244 isreoptamos
367 3180 399 3229 nt
412 3187 473 3238 ros,
489 3179 547 3228 mm
558 3171 620 3228 ddei
633 3172 720 3245 gratia
732 3187 818 3245 quam
834 3178 862 3227 et
876 3170 962 3226 bono·
979 3197 1002 3262 c
1016 3172 1172 3235 fraternitas
1184 3173 1374 3246 prejudicium
1388 3170 1500 3241 fecerit,
1516 3181 1544 3229 et
1557 3187 1614 3228 non
1628 3171 1757 3229 canonice
1771 3186 1816 3228 ac-

155 3278 224 3323 lum
246 3279 365 3338 operum
386 3263 530 3329 fructibus,
546 3274 576 3323 et
593 3266 621 3321 in
637 3265 688 3322 hae
703 3265 758 3322 rita
773 3265 863 3336 vigere
882 3273 910 3320 et
931 3264 961 3319 iu
1016 3266 1445 3327 casatumcxccmmnnicationis
1459 3282 1491 3322 ac
1504 3264 1687 3338 depositionis
1700 3273 1815 3322 senmu-

162 3355 252 3417 foinrs
275 3367 434 3417 sauctorum
453 3358 571 3416 coetibus
587 3358 671 3416 faciat
686 3358 871 3415 adnumerati.
891 3360 961 3414 Pro·
1014 3362 1061 3419 tiae
1079 3360 1245 3418 subdiderit.
1263 3365 1300 3418 At
1320 3359 1374 3417 boc
1393 3360 1477 3417 etiam
1497 3359 1656 3417 maximum
1669 3373 1816 3432 gravamen

162 3451 236 3520 inde,
259 3451 415 3509 chmnmi
438 3451 500 3518 filii,
522 3452 683 3511 sonoritate
704 3460 807 3508 sanctae
828 3454 962 3508 nomana
1015 3454 1118 3510 factum
1136 3469 1196 3510 esse
1214 3453 1356 3526 conquesti
1376 3462 1442 3511 sunt
1464 3451 1550 3526 quod,
1572 3468 1637 3509 cnm
1659 3453 1722 3509 talis
1742 3460 1816 3510 emet

161 3544 301 3612 seteis.
314 3545 373 3602 ricc
386 3546 534 3602 beatorum
548 3546 737 3617 apostolorum
754 3544 825 3601 Petri
838 3552 867 3600 et
883 3544 961 3602 Pauli
1014 3548 1163 3616 accusatio,
1177 3555 1204 3604 et
1219 3547 1246 3605 iu
1261 3545 1417 3604 defensione
1430 3546 1505 3603 illius
1518 3545 1664 3619 praedictus
1678 3544 1815 3603 Parisios·

161 3637 250 3708 nobis,
265 3638 624 3713 licetindignis,concessa,
640 3654 689 3697 vos
704 3637 899 3705 admonemus,
920 3645 959 3705 ut,
1015 3641 1053 3697 sis
1072 3642 1231 3713 episcopus,
1251 3639 1300 3713 qui
1322 3655 1382 3696 rem
1403 3654 1516 3698 omnem
1537 3638 1816 3711 constitutionisque

162 3729 248 3804 bujos
259 3729 379 3805 fugitive
393 3734 457 3790 vite
478 3732 699 3790 incertitudinem
719 3748 750 3789 ac
768 3730 961 3804 temporalium
1015 3734 1131 3790 montet
1144 3731 1225 3803 fecit,
1246 3740 1275 3791 et
1288 3733 1606 3803 Belvacencisabsolute,
1627 3731 1683 3789 duo
1695 3746 1760 3788 rero
1771 3747 1816 3789 ar·

162 3839 261 3883 rerum
284 3834 312 3883 st
333 3826 498 3901 gaudiorum
519 3827 726 3885 instabilitatem
752 3825 961 3900 perpendentes,
1016 3827 1194 3901 cbiepiscopi‚
1214 3826 1312 3899 aliique
1330 3825 1388 3885 duo
1404 3826 1524 3899 episcopi
1548 3826 1595 3899 qui
1608 3840 1665 3883 non
1682 3823 1816 3882 interfue-

162 3926 350 3989 contemnsrc,
365 3929 393 3977 et
410 3920 446 3979 ad
458 3921 503 3977 illa
526 3936 589 3993 quae
605 3921 665 3977 sine
678 3920 733 3977 line
745 3934 874 3977 mansura
887 3927 961 3991 sunt,
1015 3928 1090 3990 runt,
1106 3918 1328 3977 conditionaliter
1344 3919 1480 3990 videlicet,
1501 3933 1532 3976 se
1551 3918 1711 3989 scientibus,
1721 3919 1817 3991 jnrars

163 4027 281 4087 quasque
303 4012 416 4070 bomani
434 4029 531 4071 sensus
549 4029 582 4070 ac
598 4013 725 4071 desiderii
743 4014 882 4086 angustias
901 4028 962 4069 arn-
1018 4014 1166 4081 voluerint,
1182 4021 1294 4089 propter
1309 4013 1362 4071 hoc
1374 4022 1468 4071 tamen
1481 4014 1572 4071 solum
1589 4012 1664 4086 quod
1676 4010 1816 4070 conditio·

163 4106 297 4178 plitudioe
318 4108 533 4178 sussxcednnt,
547 4106 734 4165 memineritis
755 4107 844 4164 aciem
863 4105 964 4164 mentis
1017 4124 1081 4165 nem
1092 4109 1134 4165 isti
1146 4117 1263 4182 quatuor
1275 4107 1449 4180 apponebant
1463 4104 1628 4163 defensionis
1638 4105 1758 4177 recipere
1765 4105 1814 4177 J'u·

167 4212 278 4275 emper
290 4200 456 4272 extendere3
469 4200 647 4259 concordiam
665 4208 693 4257 et
703 4199 881 4257 dilectionem
902 4208 962 4256 stu·
1017 4211 1173 4259 ramentum
1190 4202 1320 4259 nolueris.
1343 4203 1448 4258 Verum
1470 4214 1536 4256 cum
1557 4199 1591 4256 de
1612 4198 1755 4271 prudentia
1768 4206 1816 4255 tua
1903 4276 1913 4289 ’-

170 4287 252 4351 draus
263 4291 300 4352 sd
313 4294 431 4352 invicem
441 4294 631 4351 indeficienter
645 4292 761 4361 babere,
776 4292 897 4350 eeclesiis
911 4291 962 4351 ho·
1016 4295 1083 4351 nibil
1097 4296 1279 4368 incongruum
1291 4302 1393 4350 temere
1407 4290 1576 4349 credendum
1595 4291 1675 4348 nobis
1688 4306 1748 4349 esse
1763 4307 1814 4362 pu·

173 4396 272 4457 mmm,
282 4387 447 4460 pauperibus
459 4389 501 4445 rel
512 4385 623 4444 afflictis
633 4386 863 4460 compassionem,
876 4401 964 4443 sacer·
1016 4397 1117 4457 temus,
1131 4387 1282 4460 praesertim
1298 4386 1364 4460 qnia
1384 4393 1442 4442 tam
1455 4385 1513 4441 viva
1529 4400 1596 4442 socc
1609 4399 1693 4456 qnam
1718 4383 1816 4441 litteris

172 4473 284 4550 locem,
298 4481 491 4555 praecipueque
504 4481 650 4555 episcopis,
665 4481 845 4538 reverentiam
855 4490 883 4538 et
897 4480 964 4539 obe·
1018 4499 1050 4540 ex
1063 4483 1143 4540 nobis
1157 4491 1184 4540 te
1194 4498 1277 4555 super
1285 4480 1339 4538 bac
1351 4496 1382 4537 re
1395 4479 1600 4538 commonitum
1611 4493 1671 4535 esso
1684 4477 1814 4534 memini·

170 4563 307 4647 dimensi,
321 4576 400 4648 quasi
409 4575 541 4649 patribus,
558 4575 713 4647 procuretis
723 4573 897 4648 impondcre;
913 4589 964 4630 nec
979 4569 1092 4644 Draus,
1106 4585 1138 4634 ut
1154 4574 1288 4649 quidquid
1312 4575 1342 4631 in
1355 4573 1468 4647 synodis
1486 4587 1580 4646 ageres
1593 4571 1735 4643 diligenter
1749 4585 1816 4629 con·

168 4672 219 4727 len
237 4678 268 4728 et
280 4670 414 4740 decim
439 4686 500 4745 quae
513 4671 548 4728 ad
569 4685 652 4727 usum
668 4678 726 4727 tam
738 4669 858 4741 ipsorum
876 4685 961 4742 quarn
1014 4671 1147 4743 comptum
1164 4668 1245 4727 nobis
1263 4668 1409 4739 dirigerem
1431 4681 1591 4739 quanquam
1616 4681 1646 4722 se
1667 4665 1816 4721 adrentum

165 4763 339 4823 culmorum
353 4772 381 4821 et
394 4780 545 4838 pauperum
560 4763 715 4836 proficiant,
724 4762 792 4820 dare
804 4763 910 4836 totique
921 4779 963 4819 rc-
1016 4781 1099 4822 suum
1112 4764 1162 4820 tibi
1176 4762 1332 4819 notificasse
1347 4767 1544 4827 memorarent,
1567 4774 1619 4815 nos
1637 4767 1729 4815 tamen
1742 4773 1814 4814 nun·

163 4856 219 4913 dno
226 4857 357 4916 indicere.
366 4858 447 4929 Quod
454 4858 565 4931 quidem
571 4857 640 4915 nulli
646 4857 728 4914 debet
734 4871 815 4930 grave
822 4856 905 4914 rideri
913 4872 961 4928 pro
1015 4859 1086 4915 tium
1100 4865 1179 4914 tuum
1191 4862 1379 4929 exspectantes
1390 4862 1439 4911 aut
1452 4853 1568 4921 litteras,
1586 4853 1660 4921 illos,
1679 4860 1712 4908 ut
1724 4865 1816 4909 cauete

159 4946 271 5008 &elion
279 4960 366 5025 parte,
377 4950 503 5010 videlicet
516 4966 626 5023 semper
634 4951 742 5007 victura
750 4951 855 5019 anima,
864 4966 960 5023 quem·
1015 4967 1072 5009 sum
1082 4949 1274 5009 diffinitionem
1284 4948 1466 5022 perciperent,
1478 4946 1595 5019 perdice
1607 4943 1817 5018 aliquautcsde·

158 5037 362 5103 metretum
370 5047 430 5103 Deo
442 5043 559 5112 offerre,
570 5059 634 5101 cum
645 5044 838 5116 promeritum
847 5059 963 5115 corpore
1016 5045 1162 5114 tinuimus;
1177 5061 1209 5101 ao
1224 5051 1286 5116 post
1299 5043 1451 5116 ingressum
1466 5041 1552 5099 Urbis
1571 5040 1622 5097 snb
1642 5055 1675 5097 ca
1694 5054 1743 5111 spe
1757 5037 1817 5111 plu·

156 5120 292 5197 ”litiano
312 5147 409 5212 gentos
421 5137 585 5213 coniugibus
594 5138 653 5195 suis
664 5137 773 5195 tertiam
787 5153 881 5194 rerum
896 5136 961 5210 legi-
1016 5155 1062 5197 res
1076 5155 1160 5212 qnam
1172 5137 1268 5212 viginti
1285 5135 1347 5193 dics
1359 5143 1423 5193 sunt
1436 5134 1583 5192 demorati.
1598 5131 1654 5188 Ubi
1668 5147 1734 5188 voro
1751 5130 1815 5199 illis,

156 5204 222 5285 beu
238 5231 599 5305 compellanturexsolrsre.
614 5234 748 5289 Preeterea
760 5231 793 5288 ad
812 5231 865 5287 boc
882 5246 962 5287 sum·
1017 5241 1046 5290 et
1065 5233 1157 5289 labore
1179 5231 1293 5300 itineris,
1315 5239 1344 5286 et
1363 5245 1456 5286 rerum
1479 5226 1631 5302 dispendiis
1653 5224 1816 5298 magnisque

157 5312 220 5378 'iis
231 5325 318 5383 enimi
332 5325 435 5383 viribus
446 5325 584 5383 enitimini
599 5333 630 5382 ut
649 5325 696 5397 qui
709 5324 784 5382 velut
795 5325 824 5381 in
847 5325 900 5381 frne
915 5340 962 5382 or·
1016 5326 1172 5398 sumptibus
1187 5323 1313 5399 fatigatis,
1329 5338 1380 5380 uec
1394 5322 1520 5380 nundum
1532 5337 1583 5378 nec
1596 5319 1701 5376 litteras
1715 5326 1817 5375 vestras

159 5392 220 5483 ἦ,
233 5418 269 5476 ita
290 5428 321 5478 ct
346 5421 524 5491 saeculorum,
544 5419 577 5476 ad
598 5419 779 5476 laborandum
803 5420 832 5475 in
855 5418 962 5476 vineam
1016 5419 1181 5491 accepimus,
1204 5418 1336 5475 fratribus
1356 5431 1467 5489 quoque
1488 5414 1591 5471 nostris
1613 5411 1692 5469 raldo
1709 5426 1817 5485 compa

166 5490 339 5571 1‘novitricom
364 5514 507 5584 introistis,
535 5515 607 5570 inter
638 5514 741 5585 primos
767 5513 963 5571 remunerandi
1016 5511 1149 5571 tientibus
1163 5519 1246 5583 atque
1265 5508 1488 5584 adjudicantibus
1507 5507 1590 5565 nimis
1605 5505 1817 5581 indignnmesse

174 5602 295 5665 tentem
310 5608 456 5667 denarium
474 5606 629 5665 undecimus
648 5615 808 5681 operatores
827 5608 962 5681 percipere
1017 5605 1169 5680 apostolica
1183 5603 1393 5663 mausuetudine
1408 5601 1487 5660 utilli
1501 5602 1559 5658 sine
1570 5598 1758 5661 consolatione
1772 5614 1816 5656 re-

178 5685 285 5759 motis
298 5701 407 5775 (Medd.
416 5708 479 5770 xx).
494 5701 574 5775 Agite
587 5702 670 5760 etiam
684 5707 715 5759 ut
727 5699 962 5775 quemadmodum
1017 5700 1156 5770 cederent,
1172 5700 1353 5773 precepimus
1366 5698 1405 5753 eis
1420 5703 1450 5752 ut
1463 5695 1558 5753 tandm
1570 5694 1661 5754 adbuc
1673 5699 1817 5761 exspecte-

181 5782 424 5865 ftltraedeeetsoris
437 5794 519 5853 vestm
536 5794 664 5857 laudabili
686 5793 763 5855 mma
776 5794 966 5854 valderamus
1016 5803 1079 5856 rent
1100 5792 1188 5853 donec
1200 5809 1234 5850 ex
1250 5793 1328 5852 vobis
1347 5802 1511 5862 responsum
1530 5789 1726 5861 reciperemus.
1750 5785 1817 5843 Fre·
1915 5782 1918 5795 '

308 5885 424 5943 sermo.
443 5884 573 5942 cxtvtlt.
1607 5876 1648 5933 ‘Ab
