3870 6164
150 269 205 323 eso
605 271 749 328 166666.
770 273 814 329 ιιι.
834 303 869 315 -
887 264 1096 337 uouuunum'
1115 280 1345 339 6666661161.

150 393 227 448 Usus
240 407 305 448 cum
320 393 399 450 oleris
413 393 487 466 (699)
502 409 559 451 666
573 394 602 450 16
616 403 723 451 tantum
734 396 885 456 duodennis
960 404 987 471 A
1003 403 1088 461 Filius
1098 405 1149 462 istc
1162 405 1237 475 mali,
1249 421 1332 478 quem
1346 408 1447 478 sprevit
1457 407 1538 464 docta
1551 409 1671 465 beatrix.

148 488 297 544 Deserrire
308 487 428 560 quidem,
444 504 519 546 nune
533 488 619 546 abbas
633 490 714 546 servit
727 490 828 551 ibidem
1001 498 1073 555 Nam
1088 496 1198 557 iuream
1208 515 1334 572 parram,
1348 499 1488 557 deridendi
1499 502 1549 558 sibi
1564 519 1656 570 causa,

148 581 219 638 Cum
231 581 374 640 monacbis
386 582 495 639 Christo
505 583 600 641 multis
613 581 809 642 famulantibus
822 586 879 644 illo.
1002 594 1130 650 lustrata
1145 593 1280 651 fieritunc
1294 594 1423 667 pracepit
1431 595 1580 652 blotineusi
1591 602 1673 664 (695),

423 694 544 752 cgpm·
560 695 665 751 xpm,
764 680 768 687 “
942 740 944 744 ,
1001 688 1033 742 16
1047 688 1135 744 noctis
1144 687 1271 745 tenebris.
1286 688 1404 745 cadalus
1416 689 1579 745 tenebrosus
1590 698 1618 746 at
1631 690 1678 746 irit

89 856 92 861 ,
148 795 226 866 Quod
239 795 370 851 66666666
392 799 522 853 ilenriens
546 802 663 868 tempore
676 801 807 854 beatricis
828 805 948 856 rnortuus
1001 781 1104 839 M¹¹¹¹⁰⁵
1113 781 1281 853 ⁰⁰¹¹d1¹⁰⁰¹¹⁸r
1297 791 1378 855 99Ρῦ9
1389 783 1463 841 09919
1473 784 1547 841 venii
1559 783 1594 840 ad
1606 785 1715 851 urbem,

188 872 236 929 est,
259 872 284 922 61
297 868 369 953 quos]
391 872 486 952 tertius
504 871 635 925 Henricus
655 885 715 926 eum
728 887 804 944 papa
827 872 948 929 Alcaeu-
1002 877 1091 948 Quem
1106 891 1168 948 pars
1182 891 1307 948 perversa
1317 877 1463 949 pretiosius
1476 882 1548 945 (696)
1557 877 1641 949 cepit,
1654 879 1794 946 aberrans,

184 938 234 995 999
245 941 274 998 Π
285 940 547 996 999991999199193
558 946 608 998 ⁰⁸⁸·
1001 970 1027 1024 Α
1041 968 1121 1026 616116
1134 970 1246 1041 Capuae,
1260 970 1306 1026 666
1321 986 1383 1043 pars
1396 970 1448 1026 sibi
1461 971 1554 1026 dextra
1568 980 1679 1043 repente

146 1057 241 1111 Cacsar
255 1053 390 1111 Hearicns
399 1055 550 1113 comitissae
564 1064 691 1127 tempore
702 1055 780 1113 vivus
1002 1062 1096 1119 Obriat
1109 1063 1144 1120 66
1158 1079 1289 1137 pugnam,
1304 1064 1424 1122 cadaloa
1440 1064 1593 1138 cohorsque
1605 1081 1760 1139 repugnans

146 1146 304 1213 Exstiterat,
324 1148 427 1204 scimus
442 1148 517 1221 qnod
540 1147 623 1206 herus
640 1152 713 1217 (691)
726 1148 779 1205 luit
789 1157 870 1221 atque
885 1165 947 1222 pro·
1002 1158 1154 1229 Exsuperat
1166 1156 1291 1215 dextram
1311 1167 1428 1231 partem,
1442 1158 1597 1216 'tiberimve
1610 1167 1743 1217 cruentat.

145 1242 209 1314 lpse
221 1242 354 1298 beatricis
368 1257 487 1315 magnae,
503 1251 628 1316 nataeque
647 1242 798 1300 blathildis.
820 1242 949 1317 [pinquus
1002 1251 1128 1307 obtinuit
1140 1251 1238 1323 praesul
1252 1253 1411 1310 cathedram
1423 1262 1464 1310 ter
1477 1253 1609 1326 sanguine
1620 1253 1691 1326 (697)
1703 1253 1796 1326 plenus

144 1336 273 1392 Mortuus
288 1336 491 1409 Angustusluit
503 1337 531 1393 in
541 1353 606 1409 pace
619 1338 751 1409 sepultus.
1002 1344 1046 1402 Ob
1063 1353 1143 1401 terrae
1157 1344 1246 1402 febres
1258 1349 1419 1403 Parmenses
1428 1362 1491 1404 mox
1504 1347 1618 1404 6661666.

144 1432 296 1502 Postquam
312 1434 384 1498 (999)
396 1431 523 1501 burrelli,
539 1431 585 1503 qui
598 1432 632 1487 99
646 1429 748 1487 lumbis
761 1446 829 1503 puer
842 1431 897 1488 θῐῑῑ
1001 1439 1163 1495 Pontificem
1178 1439 1266 1496 solum
1286 1440 1413 1513 linquunt
1427 1442 1567 1513 proprium
1582 1440 1744 1510 Cadaloum,

145 1523 233 1592 trtius,
245 1525 271 1581 tn
282 1525 472 1595 regnumne
485 1541 535 1597 per
546 1541 628 1599 quem
647 1526 718 1583 mate
732 1533 849 1594 reatum,
1002 1537 1069 1591 rara
1083 1535 1116 1591 ab
1131 1535 1170 1591 ets
1184 1534 1253 1591 ressa
1267 1538 1339 1607 eaptt
1353 1536 1443 1608 ipsum
1454 1534 1571 1609 dentque
1585 1535 1691 1604 dextra,

143 1618 253 1674 Scilicet
263 1618 396 1675 Hettrieus
406 1619 523 1676 crudelis
538 1620 632 1677 tertius
647 1619 766 1692 hydrust
1002 1631 1037 1685 Et
1047 1645 1128 1701 super
1137 1628 1270 1685 excelsam
1280 1629 1380 1685 turrim
1390 1629 1542 1687 Crescentis
1557 1634 1629 1696 (696)
1641 1638 1761 1701 apertam

143 1712 230 1784 Cujus
241 1720 299 1768 erat
310 1721 400 1769 mater
411 1715 504 1787 regina
522 1714 645 1772 videlicet
659 1722 761 1788 Agnes,
1000 1722 1138 1791 Erchitur,
1154 1722 1250 1779 vinclis
1261 1723 1456 1796 constringitur
1470 1722 1594 1796 undique
1610 1723 1707 1780 llrmis.

144 1808 229 1862 uuae
238 1806 268 1862 ta
277 1815 375 1863 ventre
387 1823 495 1880 gerens,
509 1808 578 1865 vidit
588 1808 662 1881 qued
672 1807 803 1865 endraee
813 1824 875 1865 rere
1000 1817 1104 1874 praesul
1120 1816 1274 1874 Alexander
1285 1814 1443 1872 cathedram
1462 1817 1559 1887 recipit
1571 1825 1743 1885 veneranter,

143 1901 177 1956 1ss
191 1900 294 1956 8019618
312 1899 418 1969 inlans;
432 1900 484 1958 ¹¹00
497 1902 591 1958 mulii-⁸
609 1902 703 1959 retulit
712 1902 783 1973 (6861
999 1911 1059 1980 1116,
1072 1910 1136 1985 iuga
1151 1911 1255 1982 lapsus,
1269 1912 1397 1966 Parmam
1412 1909 1484 1967 redit
1496 1910 1614 1982 undique
1625 1910 1729 1980 lassus,

142 1995 226 2051 flunt
237 1995 332 2052 Vitht
346 1999 420 2064 (999)
435 2011 528 2070 rebem
540 1996 660 2053 1999991)
672 2011 741 2068 papa
755 2003 891 2065 lecenter,
999 2007 1106 2062 Nomen
1120 2004 1200 2060 habet
1213 2020 1300 2078 papae,
1313 2003 1386 2077 qnod
1401 2019 1503 2060 nomen
1518 2004 1636 2076 sumpsit
1650 2004 1741 2072 inane,

143 2088 198 2145 Hic
210 2088 294 2145 nimis
311 2104 440 2145 exercens
454 2089 575 2146 crudelia
590 2106 638 2146 666
653 2089 820 2157 6661666666,
998 2099 1111 2155 Derisus
1122 2097 1200 2155 valde
1213 2099 1330 2155 moritur
1339 2097 1525 2154 cumerimine
1535 2101 1652 2154 Parmae.
1783 2092 1798 2109 ”

142 2185 186 2241 Ut
199 2183 309 2255 eeatpea
322 2184 426 2250 matus,
441 2199 538 2241 aeaeae
551 2199 607 2242 aaa
618 2193 660 2240 est
673 2183 773 2257 nribus
787 2182 868 2251 attae,
999 2195 1095 2250 caster
1109 2191 1262 2249 Alexander
1273 2192 1400 2265 regnam
1418 2200 1542 2259 ovanter,
1557 2200 1588 2247 m
1599 2198 1672 2258 aare,

143 2282 169 2334 Α
184 2277 262 2351 papis
274 2277 376 2335 6666116
385 2277 475 2334 verbis
484 2277 633 2350 saepissimt
644 2277 750 2334 blandis
999 2293 1142 2345 Errantem
1156 2302 1248 2359 regem
1260 2267 1364 2343 studuit
1376 2301 1504 2342 revocare
1516 2293 1643 2358 paterne;

143 2370 325 2440 Admonitus,
340 2381 432 2429 sentes
447 2372 631 2444 (1999991999
644 2372 812 2440 (1119996991
999 2383 1079 2438 Dicta
1089 2380 1177 2437 Patris
1187 2380 1273 2437 sancti
1283 2380 1407 2452 despexit
1417 2379 1547 2452 pertidus,
1557 2387 1599 2436 ast
1613 2379 1655 2435 hic

143 2466 286 2522 Niwltttffl
298 2482 394 2539 papam
407 2471 480 2535 (699)
490 2467 655 2539 c0¹¹il³mlisit
663 2481 741 2522 19999
751 2480 798 2521 999
815 2481 906 2537 blatta
998 2475 1114 2533 credere
1126 2475 1259 2547 perversis
1271 2481 1380 2530 tautum
1396 2473 1453 2530 vult
1468 2482 1550 2547 atque
1562 2475 1704 2546 protervis,

140 2560 250 2633 566999
265 2561 450 2618 Alexandrum
465 2577 564 2633 papam
575 2576 637 2617 left
647 2559 842 2630 teutlandum,
997 2569 1195 2642 vendebatque
1206 2584 1292 2642 vagus
1304 2583 1386 2640 snper
1395 2567 1454 2624 haec
1465 2570 1536 2624 mala
1548 2567 1721 2640 pontificatus
1734 2587 1742 2636 ;

143 2655 254 2714 Tollere
267 2657 428 2714 Romanum
440 2656 484 2712 eui
499 2663 586 2711 tentat
601 2654 801 2727 pontificatum,
998 2663 1049 2734 Qut
1063 2671 1178 2736 propter.
1187 2677 1285 2734 papam
1298 2678 1354 2717 non
1366 2660 1488 2717 deseruit
1500 2663 1669 2728 malecauta,

144 2749 303 2820 Quemdam
317 2753 494 2809 Parmensem
512 2750 643 2807 cadalum
658 2763 756 2821 papam
767 2747 845 2820 jubet
862 2761 942 2803 0⁸⁵0:
996 2757 1100 2814 Tristes
1110 2755 1175 2811 inde
1188 2755 1255 2811 satis
1267 2753 1406 2810 lllathildis
1416 2762 1545 2828 erantque
1559 2754 1669 2810 beatrix

142 2843 249 2900 ΡΜ)
264 2851 322 2900 etti
335 2847 443 2901 Patmae
457 2843 575 2901 cadalus
591 2843 757 2910 ditissimus,
771 2850 854 2915 at(1¹¹0
997 2848 1124 2921 Quaesnb
1137 2847 1293 2904 Alexandro
1310 2863 1379 2921 papa
1394 2846 1502 2903 stabant
1516 2847 1672 2904 venerando

140 2937 392 3012 Praeparatabsque
403 2955 483 2997 mora
493 2947 622 2997 secontra
632 2952 744 3012 pergere
753 2939 874 2993 Romam
1001 2944 1051 3002 flia
1064 2944 1101 3000 ita
1114 2942 1227 3017 digestis
1240 2940 1370 3015 praetatus
1382 2957 1451 3014 papa
1461 2940 1574 2997 recessit
1645 3008 1648 3016 .

179 3133 499 3198 (obblllonnisi.Lnta.
999 3146 1055 3205 tus,
1076 3135 1272 3207 contempsisse
1293 3133 1437 3192 Nicolaum
1461 3136 1504 3189 ll?
1519 3137 1582 3190 Non
1599 3132 1697 3190 desunt
1721 3143 1795 3191 certa

153 3275 159 3287 ,
178 3208 358 3274 (tolleretur
380 3220 414 3260 tt
433 3206 542 3272 (16660,
562 3221 635 3261 nexit
666 3210 775 3274 (691669
794 3202 940 3284 8966111199)
957 3192 981 3258 c
997 3209 1047 3265 alia
1064 3209 1141 3264 istius
1161 3207 1290 3280 principis
1303 3208 1368 3263 vitia
1388 3222 1420 3263 ac
1433 3205 1545 3278 llagitia,
1567 3221 1629 3278 quae
1646 3205 1793 3278 16666116-

141 3276 256 3347 ligatum
287 3277 360 3348 (ραις,
381 3277 424 3333 rel
444 3275 509 3347 ἔρσις
528 3284 571 3331 est
589 3292 683 3332 nemus.
699 3277 871 3356 Floreuttuus
892 3290 942 3348 pro
996 3296 1081 3354 peres.
1096 3283 1177 3336 11166.

140 3350 215 3431 quod
229 3348 309 3404 lrerus
323 3349 375 3420 leg.
390 3365 473 3418 quem
489 3350 592 3411 66666,
607 3348 654 3403 666
666 3347 862 3428 nonexplicat.
878 3347 943 3401 Non
1031 3357 1104 3418 (696)
1121 3353 1153 3413 Et
1166 3350 1279 3423 quidem
1292 3349 1407 3406 rudibus
1416 3349 1521 3405 saeculis
1535 3348 1562 3403 in
1578 3363 1654 3404 more
1668 3347 1787 3404 luitbtu-

140 3428 209 3475 satrs
223 3420 361 3501 explorata
375 3429 416 3476 est
437 3420 507 3476 ratio
522 3419 766 3491 consanguinitatis
787 3426 858 3499 tuter
873 3419 940 3488 imp.
997 3424 1137 3485 tincnscm,
1161 3423 1249 3492 potius
1271 3436 1352 3492 quam
1370 3424 1549 3476 6161166666
1566 3419 1701 3492 appellare
1722 3421 1796 3478 barre

138 3493 295 3548 benrtcum
308 3492 347 3547 lll
358 3499 450 3562 (quem
463 3500 542 3562 poeta
555 3490 706 3546 secundum
717 3496 807 3551 66661,
821 3505 848 3543 m
864 3491 942 3544 ltalia
996 3495 1132 3553 civitatem
1154 3496 1251 3551 Strato
1266 3507 1329 3547 6666
1343 3495 1501 3549 barcinonis
1523 3491 1619 3546 eadem
1638 3499 1678 3546 est
1700 3506 1732 3547 ac
1749 3493 1792 3548 via

146 3561 262 3630 sedicet)
288 3570 317 3618 et
336 3563 502 3619 beatricem.
527 3564 598 3617 Sane
626 3562 760 3616 Heuricns
775 3560 809 3615 tv
831 3563 944 3615 emitum
995 3566 1102 3620 AEmilia
1132 3581 1180 3635 per
1205 3564 1340 3619 lllutiuam
1369 3563 1495 3628 deducta,
1520 3578 1602 3635 quam
1626 3570 1720 3617 tamen
1743 3579 1794 3619 nos

138 3633 355 3703 ’0991166νί51
371 3636 491 3699 litet-81⁰
513 3633 638 3705 Gttgtrit'
656 3635 705 3687 Vll
718 3632 828 3687 instita·
843 3634 943 3701 Usuer-
997 3637 1139 3693 Claudium
1157 3636 1282 3701 dicimus,
1304 3650 1393 3706 neque
1408 3635 1510 3690 recenti
1532 3633 1725 3705 appellatione,
1745 3635 1794 3692 sod

1749 290 1801 342 edo
1883 336 1890 347 ,

139 3702 942 3782 (666616(1654)666(6661166616111Ιῦ66661666166611666)
996 3723 1128 3779 perquam
1150 3716 1266 3772 vetusta,
1287 3715 1319 3761 ut
1333 3707 1453 3776 antiquae
1476 3705 1576 3761 cltartae
1594 3705 1680 3762 Urbis
1700 3714 1795 3763 osten·
1859 3750 1865 3761 ,

140 3776 239 3844 (liliam
267 3777 406 3844 beatricis)
435 3779 620 3833 corneorinnm
650 3777 759 3831 llerrrici
786 3777 848 3840 lt),
873 3774 942 3830 infra
996 3779 1073 3834 dunt.
1085 3781 1115 3833 ln
1129 3780 1204 3834 detis
1224 3778 1310 3832 etiam
1326 3779 1409 3832 sancti
1428 3776 1557 3832 Donrnini
1577 3776 1707 3848 martyris
1719 3776 1794 3848 apud

139 3848 190 3905 lib.
205 3863 242 3912 ιι,
255 3864 314 3919 cap.
332 3855 357 3904 1.
373 3851 407 3904 bt
428 3864 493 3904 sane
513 3850 682 3928 Hearicusv
700 3847 763 3930 jure
785 3847 944 3918 propinqui·
995 3850 1106 3906 Surium
1120 3849 1154 3905 ad
1168 3850 1271 3906 616669
1287 3848 1424 3912 Octobris,
1440 3848 1500 3904 lraec
1514 3845 1650 3903 habentur
1667 3868 1673 3904 :
1695 3852 1794 3904 666166

138 3919 206 3976 tatis
217 3919 300 3975 etiam
316 3916 876 3977 6666616666616161166611116666161616
891 3917 942 3973 sibi
995 3937 1061 3977 6666
1085 3924 1210 3978 Dominus
1229 3923 1352 3992 perarsit
1365 3924 1410 3975 utu
1432 3921 1560 3981 claudio:
1576 3920 1726 3975 Clru'stimn'
1744 3922 1795 3974 ulii

139 3990 830 4064 616616661686666661666661666666666666
855 3987 942 4045 tuerit
993 4009 1043 4064 per
1064 3996 1238 4060 Flumineam,
1263 3994 1315 4047 olii
1327 4008 1376 4063 per
1400 3992 1553 4058 Aracelium,
1578 3991 1630 4045 olii
1655 3994 1718 4046 item
1743 4007 1794 4061 per

138 4071 232 4120 mater
244 4064 382 4133 beatricis,
395 4063 438 4119 cui
450 4071 477 4119 et
500 4063 550 4134 ipsi
572 4076 673 4117 nomen
685 4059 821 4127 blathildi,
841 4060 942 4116 mirum
997 4063 1137 4120 Clarudium
1152 4062 1588 4134 (661661.(1666666666666616
1598 4062 1793 4134 Martyrologio

137 4149 198 4191 666
211 4141 255 4190 est
268 4135 381 4207 gradum
397 4133 569 4206 cognationis
585 4131 716 4203 ignorari,
732 4146 796 4212 nam
807 4135 899 4186 emite
916 4141 943 4188 et
995 4150 1056 4203 sato,
1081 4145 1107 4190 et
1120 4138 1278 4190 Romanum
1302 4134 1527 4207 blartyrologium
1542 4133 1575 4189 ad
1590 4132 1662 4188 diem
1677 4138 1694 4188 9
1710 4133 1793 4188 Octo·

137 4208 232 4278 neptis
240 4207 370 4262 vocabula
384 4207 437 4262 late
451 4205 521 4277 apud
538 4201 697 4276 hujusmodi
710 4210 857 4272 scriptores
869 4204 942 4261 sumi
997 4206 1052 4261 bris
1075 4207 1217 4261 Clarudinm
1236 4208 1382 4277 appellant.
1411 4204 1443 4260 ld
1461 4204 1679 4260 animadvertant
1693 4203 1792 4260 eruditi

136 4284 257 4334 constat.
275 4278 347 4350 Quid
369 4280 391 4334 si
406 4279 509 4335 Giselae
527 4274 652 4333 Conrado
671 4274 828 4346 imperatori
848 4283 942 4346 nuptae
997 4277 1093 4342 velim;
1108 4277 1257 4332 lriuernim
1272 4278 1377 4333 elucere
1389 4275 1506 4341 videtur,
1519 4293 1534 4332 a
1546 4275 1659 4332 Claudio
1671 4275 1791 4347 quodam

135 4364 221 4406 soror
240 4347 340 4407 luerit?
362 4350 400 4405 ita
415 4359 443 4405 et
458 4348 605 4405 verborum
621 4345 789 4420 proprietati,
809 4353 835 4401 et
849 4361 942 4402 rerum
996 4355 1176 4404 restauratam
1184 4346 1267 4404 luisse
1278 4350 1348 4402 viam
1361 4348 1512 4415 AEmiliam‚
1523 4347 1639 4417 ideoque
1649 4347 1792 4418 antiquum

136 4422 353 4479 circumstantiis
368 4420 487 4477 satisfiet.
502 4425 589 4477 Lern.

170 4496 248 4561 (69²)
260 4495 334 4564 Lego
349 4497 429 4550 :Post
440 4510 529 4564 quem.
544 4496 627 4549 illua.

998 4419 1145 4502 perdidisse
1168 4434 1281 4475 nomen.
1305 4420 1365 4473 Tib.
1396 4418 1524 4500 Claudius
1547 4418 1695 4499 imperator
1718 4417 1792 4499 apud

996 4494 1121 4557 Remea,
1136 4492 1216 4546 class.
1234 4497 1265 4560 3,
1283 4506 1358 4547 cum.
1374 4491 1408 4544 80
1430 4490 1550 4560 inscript.
1568 4503 1640 4542 vram
1656 4488 1799 4551 lalertam

174 4569 251 4631 (696)
265 4565 372 4622 Scilicet
395 4565 489 4621 Victor
513 4567 537 4621 ll
553 4579 632 4636 papa,
649 4578 721 4618 anno
738 4564 817 4626 1656,
848 4577 904 4634 quo
923 4565 1009 4629 eDa
1036 4579 1066 4619 se
1089 4563 1247 4618 restitutam
1276 4562 1418 4616 clarentium
1451 4558 1642 4631 appellandam
1675 4559 1789 4615 curavit.

136 4638 206 4694 61616
224 4635 331 4693 sublato
351 4637 470 4694 ilenrico
489 4637 561 4693 inter
580 4639 719 4706 Augustos
730 4633 860 4695 secundo,
877 4635 936 4704 rius

135 4708 210 4765 lilius
225 4710 361 4765 Henrieus
382 4725 448 4781 puer
462 4709 538 4781 regni
556 4707 713 4765 Germanici
731 4723 761 4759 ac
780 4705 865 4760 ltaliei
884 4692 936 4762 ire·

135 4796 208 4836 num
224 4780 350 4852 suscepit.
367 4782 398 4835 ld
409 4778 513 4836 factum
529 4783 702 4850 permittente
717 4779 934 4847 1166666666)ιεὶ-

134 4856 185 4923 poe
202 4853 321 4920 Victore,
340 4851 437 4909 scribit
456 4852 554 4907 Paulus
577 4848 801 4906 bernriendensis
823 4848 851 4903 iu
876 4849 935 4904 Vita

135 4923 264 4996 Gregorii
285 4925 345 4991 Vll,
369 4931 438 4979 tom.
467 4925 641 4987 lll‚1ternm
664 4919 831 4975 italicarum.
853 4919 935 4991 Apud

134 5004 249 5067 poetam
269 5003 396 5051 nostrum
421 4996 513 5051 Victor
530 5011 615 5063 reqem
635 4992 766 5049 taradaerr.
782 4993 936 5047 cousensus

134 5075 232 5122 autent
248 5082 325 5138 papae
338 5068 398 5123 ideo
413 5075 655 5130 commemoratus,
667 5063 729 5135 quia
744 5080 801 5119 tren
811 5063 936 5134 sitreejus

134 5138 360 5194 auctoritateret
376 5138 582 5202 decernebatur,
598 5137 642 5209 qui
655 5151 687 5190 ert
703 5149 788 5207 regno
806 5134 853 5207 jus
867 5136 936 5190 acci·

135 5210 232 5282 piebat
246 5211 280 5265 ad
294 5212 450 5266 Romanum
463 5208 621 5280 imperium.
636 5209 720 5263 blun.

174 5286 251 5348 (det)
262 5280 370 5337 Scilicet
383 5279 544 5336 seeundum.
561 5280 612 5335 Sed
625 5286 716 5351 pareat
730 5276 846 5332 Donizo.
859 5279 934 5332 Hen-

133 5352 633 5424 61666161666666166166666661661
647 5350 715 5404 fides
725 5349 828 5404 auctori
843 5354 935 5405 Anna·

134 5423 205 5480 lium
220 5423 498 5488 Hildesbemensium,
512 5424 537 5477 in
550 5424 637 5478 lucem
650 5420 750 5492 prodiit
764 5425 929 5474 66661666.

133 5495 163 5552 st
188 5496 351 5552 Hermanno
369 5499 527 5559 contracto,
547 5493 605 5566 ejus
627 5492 752 5548 nativitas
775 5492 803 5546 in
832 5507 934 5546 atinum

135 5571 209 5623 roto
236 5565 322 5632 cadit,
339 5566 363 5622 si
385 5565 500 5635 denique
523 5565 672 5621 Lamberto
692 5560 934 5633 Scainaburgensi,

134 5653 203 5695 eum
223 5638 326 5709 peperit
351 5653 424 5693 auno
449 5641 512 5692 1661
534 5643 626 5708 Agnes
652 5633 823 5707 imperatrix.
850 5634 934 5705 Atqui

132 5708 267 5766 nicolaus
279 5710 306 5765 ll
327 5724 396 5780 papa
414 5708 516 5764 electus
535 5723 608 5763 arruo
631 5714 698 5763 1666
720 5704 828 5761 6166661
853 5705 934 5760 linem

133 5781 291 5840 16666666
307 5785 389 5836 1661.
399 5780 451 5850 Qui
464 5795 530 5851 ergo
542 5777 672 5835 dicendus
685 5785 727 5836 est
738 5777 875 5833 ilenricus
887 5793 935 5832 rex

133 5852 282 5927 puerulus,
297 5857 326 5909 et
338 5866 424 5908 annos
442 5859 550 5907 tantum
562 5849 656 5907 decem
671 5859 720 5909 aut
733 5849 863 5906 undecim
884 5864 933 5905 na·

991 4634 1091 4706 Quidni
1104 4634 1159 4691 hoc
1168 4636 1239 4691 idem
1250 4634 1365 4690 AEmiliae
1381 4633 1430 4687 viae
1444 4632 1604 4696 contigerit?
1618 4632 1699 4688 blutt.

988 4780 1012 4834 L
1026 4712 1097 4772 (696)
1113 4706 1180 4762 Cod.
1199 4713 1268 4774 ant,
1278 4708 1368 4778 prena
1382 4706 1508 4775 suscepit,
1522 4702 1552 4760 id
1565 4713 1608 4760 est
1621 4703 1786 4760 Simoniace.

1014 4794 1071 4835 ata.

1026 4855 1099 4916 (697)
1114 4852 1167 4905 bis.
1183 4847 1315 4912 Padolir.,
1330 4845 1484 4902 habcttunc
1495 4850 1634 4917 sanquine.
1647 4851 1715 4903 Acta
1726 4855 1789 4903 suut

989 4920 1049 4978 haee
1062 4937 1134 4977 auno
1153 4926 1230 4975 1062.
1245 4924 1349 4973 Auctor
1359 4924 1400 4973 est
1412 4919 1529 4984 Dorilao,
1543 4919 1681 4975 rictoriam
1697 4920 1788 4990 primo

989 4994 1102 5049 cessisse
1126 4991 1237 5048 Cadaloi
1265 4990 1406 5046 militibus.
1433 4992 1467 5045 bt
1487 5007 1578 5047 revera
1599 4991 1670 5046 male
1699 4990 1789 5061 primo

989 5065 1103 5192 66611611
1117 5064 1249 5119 Romanis
1262 5077 1311 5135 pro
1327 5060 1483 5118 Alexandro
1499 5078 1562 5118 rero
1576 5077 1643 5134 papa
1665 5060 1788 5133 praelian·

987 5136 1007 5191 ti
1029 5152 1069 5191 us,
1087 5138 1168 5192 illua.

1025 5212 1098 5275 (698)
1112 5208 1211 5263 llolem
1224 5204 1338 5260 Adriani
1350 5205 1493 5275 significat.
1507 5219 1590 5276 quam
1600 5217 1788 5269 nuacarcem,

988 5294 1036 5336 seu
1060 5288 1181 5335 castrum
1197 5277 1290 5333 Sancti
1308 5278 1403 5350 Angeli
1427 5277 1551 5332 dicimus.
1577 5272 1672 5328 Tttrris
1695 5281 1786 5328 autem

989 5352 1133 5408 6666666616·
1154 5349 1245 5421 potius
1268 5364 1351 5421 quem
1373 5349 1518 5405 Crescentis
1533 5344 1666 5416 appellata
1690 5341 1788 5399 fuitab

988 5423 1048 5477 aliis
1060 5422 1248 5492 scriptoribus,
1258 5422 1288 5474 ln
1299 5421 1362 5477 Vita
1370 5419 1514 5475 Alexandri
1530 5419 1566 5477 ll,
1578 5424 1647 5470 tout.
1663 5417 1701 5469 lll
1714 5417 1783 5471 ber.

989 5493 1076 5549 italic.
1093 5490 1523 5560 6666166661611666666616616
1544 5489 1680 5542 entellum
1698 5485 1793 5542 Sertcti

987 5565 1114 5633 Angelis
1129 5564 1229 5619 Cencio
1245 5561 1367 5635 prael'ecti
1380 5562 1447 5628 filio,
1462 5559 1551 5629 ibique
1561 5575 1612 5628 per
1627 5561 1692 5613 duos
1703 5572 1788 5611 annos

987 5636 1116 5691 obsessus.
1139 5636 1206 5704 Quae
1222 5634 1286 5690 lruie
1309 5634 1391 5689 lrabet
1407 5631 1511 5687 bonizo
1530 5631 1670 5684 devinctis
1689 5630 1786 5698 ttrmtr,

988 5707 1088 5778 quibus
1110 5704 1154 5763 ille
1178 5705 1363 5761 constrinctus
1383 5702 1443 5770 luit,
1459 5699 1603 5755 liberaliter
1623 5697 1789 5772 explicanda

986 5786 1051 5834 sunt
1062 5776 1096 5834 de
1110 5776 1256 5836 obsidione
1265 5775 1318 5843 illa.
1330 5776 1413 5829 blus.

1839 5660 1882 5796 l
