3870 6164
136 232 249 335 tet·

134 403 205 460 Sunt
226 397 355 456 homines
374 409 494 461 mecum,
513 391 617 451 referas
634 391 710 466 quod
733 395 858 467 prospice
872 411 931 454 me·
948 400 975 467 Α

684 487 757 559 [cum
781 489 863 561 (649).

136 586 253 644 Divitias
272 584 375 642 multas
397 582 502 646 babeo,
526 598 543 637 o
565 582 730 655 paupercula
749 582 844 638 stulta.

137 680 267 737 Flumine
282 693 345 736 sum
363 678 466 745 cincta,
484 675 518 732 de
530 674 644 733 navibus
658 675 778 749 undique
790 675 882 734 lirnra.

137 778 201 834 Non
213 772 278 830 alibi
295 772 371 846 juste
384 770 464 828 decet
478 769 531 826 hoc
544 769 596 825 nisi
609 784 710 842 corpus
723 769 753 826 16
767 770 846 827 urbe.

406 877 545 920 6666666
569 877 669 920 nrcrn.

138 961 223 1021 Urbis
236 959 322 1017 babes
335 974 448 1027 nomen,
469 957 515 1013 sed
531 973 587 1013 uon
602 972 631 1013 es
644 955 754 1029 grandis
766 955 883 1013 bonore.

43 1104 49 1114 .
140 1056 170 1115 Si
184 1054 301 1129 populos
319 1054 421 1111 multos
441 1053 554 1116 babeas,
568 1061 664 1109 tamen
678 1052 780 1125 absque
792 1052 937 1126 triumplro

139 1150 239 1207 Vivere
251 1157 279 1205 te
293 1148 408 1215 scimus,
425 1148 479 1203 nisi
492 1156 520 1204 te
529 1146 610 1219 juret
621 1145 690 1202 alter
712 1146 830 1203 amicus.

140 1245 240 1300 Contra
256 1252 282 1300 te
292 1242 362 1299 bella
372 1243 396 1298 si
410 1250 532 1315 surgant,
548 1240 659 1314 quidve,
678 1240 796 1312 misella,

140 1338 182 1393 Tu
203 1335 305 1393 iacies?
324 1339 400 1392 Dura
414 1352 469 1392 non
489 1351 519 1391 es
535 1333 702 1391 circumdata
717 1351 816 1402 muro3

143 1430 297 1487 Percuteris
314 1446 363 1503 per
375 1444 470 1501 aquas,
486 1445 535 1500 per
548 1437 643 1496 terras,
657 1427 767 1500 qnando
778 1427 902 1485 rebellas.

141 1525 208 1596 Spes
220 1532 268 1581 tua
282 1533 344 1597 post
362 1538 470 1595 sepem;
492 1523 617 1595 clypeum
639 1521 697 1577 vult
709 1522 796 1596 stipes
818 1524 896 1593 (656)
913 1531 942 1580 61

809 1633 905 1676 ensem

143 1712 253 1780 Omnis,
274 1712 347 1769 enim
361 1719 391 1768 tu
406 1712 444 1768 sic
464 1710 579 1769 eradere
597 1710 697 1784 vixque
718 1711 831 1780 valebis,

142 1806 238 1863 Praelia
252 1806 274 1862 si
292 1809 388 1863 saltem
407 1821 455 1877 per
466 1813 591 1876 tempora
610 1803 700 1861 tetris
718 1804 840 1863 calcent.

142 1900 252 1957 Divitiae
264 1908 382 1971 sumptae
393 1900 458 1971 quin
467 1898 595 1955 deficient
613 1898 662 1954 tibi
676 1907 795 1956 cunctae.

143 1993 253 2050 Putrida
270 1996 343 2061 (611)
359 1992 546 2066 lympharum,
562 1991 735 2064 febriumque
753 2001 876 2049 moratus
895 2008 940 2049 ca·

819 2088 903 2153 [rum,

144 2180 272 2251 Algorem
287 2177 383 2247 mittit,
398 2177 447 2234 sed
465 2187 492 2234 et
509 2181 608 2234 aeslum
630 2177 677 2249 qui
691 2177 775 2234 nimis
795 2179 853 2234 urit

144 2271 674 2344 166616611666166661666661666666
690 2270 778 2326 mille.

143 2367 231 2422 Porro
251 2381 362 2422 coenosa
376 2368 470 2437 procul
482 2381 497 2420 a
515 2380 561 2421 me
580 2365 673 2421 scrobs
687 2372 714 2420 et
728 2380 840 2438 aquosa.

143 2459 171 2516 Si
186 2458 288 2514 tenerit
298 2457 401 2515 bellum
416 2457 493 2525 mibi,
504 2456 579 2529 quud
591 2458 628 2514 sit
638 2456 710 2514 forte
722 2458 844 2515 duellum
855 2465 939 2530 (652),

76 2622 81 2627 ¹
144 2548 278 2608 Militibus
292 2552 385 2624 paneis
400 2566 461 2608 mea
476 2551 555 2608 vinco
570 2550 662 2623 praelia
673 2550 759 2607 lortis.

144 2645 291 2719 Contingat
310 2661 366 2701 non
387 2644 460 2718 (651)
479 2644 502 2701 61
521 2643 632 2717 quando
648 2645 732 2718 (quod
747 2661 835 2717 neque
848 2644 941 2714 credo)

145 2738 258 2796 Obsidio
276 2738 380 2796 durans
394 2738 468 2795 eirca
484 2738 585 2794 merel
604 2737 659 2794 dno
671 2739 767 2803 lustra,

143 2831 304 2890 Nullatenus
322 2832 393 2889 bello
408 2830 568 2904 supembor‚
582 2847 633 2888 nee
654 2830 833 2903 comedendo,

146 2927 217 2983 Cum
237 2924 305 2998 lapis
319 2925 447 2993 existam,
468 2940 564 2981 murus
587 2940 696 2998 quoquc
712 2925 831 2996 desuper
845 2926 941 2997 instat,

143 3018 244 3076 Nloenia
258 3019 330 3076 celsa
345 3035 409 3076 mea
423 3034 506 3091 super
521 3019 614 3076 omnia
626 3028 715 3075 castra
736 3020 839 3091 repleta

143 3117 213 3173 Sunt
226 3128 261 3169 ex
274 3113 423 3181 irumeoto,
444 3112 485 3169 rel
499 3128 592 3180 carne,
608 3112 743 3184 simulque
757 3115 852 3185 1666.

143 3209 213 3265 Cum
228 3207 321 3280 paucis
333 3206 415 3279 dego,
437 3205 557 3263 ludendo
577 3214 635 3262 tnta
653 3205 762 3263 sedebo.

144 3301 272 3357 Machina
295 3299 466 3367 pellamini,
486 3301 612 3357 nonulla
637 3300 738 3371 sagitta
752 3301 857 3357 remitti

143 3393 247 3462 Oilicit,
263 3394 292 3450 iu
306 3393 425 3450 nihilum
437 3394 517 3466 capio
532 3410 580 3450 seu
602 3403 734 3465 computo
757 3395 851 3466 pilum.

144 3488 187 3543 Nil
198 3502 283 3560 paveo
296 3503 406 3559 regem3
423 3487 472 3544 sed
483 3497 515 3544 tu
528 3503 719 3560 quemcunque
730 3487 869 3545 rebellem.

143 3581 253 3639 Praelati
266 3597 363 3638 noscas
375 3580 480 3638 domini
491 3580 567 3653 quod
579 3596 624 3637 me
635 3580 715 3638 deest
726 3597 798 3637 ossa.

639 271 686 327 AD
705 269 818 327 OPERA
835 270 864 328 S.
883 269 1046 328 effluenti
1063 266 1281 327 uersantem.

1219 403 1348 449 nunnus
1361 404 1553 448 nesrounsr.

989 491 1059 546 Vere
1072 496 1102 544 tn
1117 486 1210 551 llrma,
1219 493 1365 557 tecumque
1377 483 1504 555 snperbia
1513 481 1586 539 dira.

989 582 1036 640 Nil
1050 590 1143 637 tamen
1163 588 1205 636 est
1218 578 1339 645 mirum3
1353 576 1462 633 nullum
1475 576 1550 648 sapis
1564 576 1624 649 ipsa
1645 575 1772 648 periclum

988 675 1092 734 crebro
1107 673 1148 731 lui
1160 673 1212 731 sub
1221 671 1312 746 aquis,
1324 688 1358 728 66
1366 686 1438 742 saepe
1449 669 1550 742 fatigor
1561 670 1591 726 in
1603 669 1698 726 armis.

991 768 1124 840 Quamvis
1134 768 1261 839 longaero
1276 766 1314 823 sis
1327 764 1452 838 proxima
1464 763 1585 837 deniqne
1599 762 1683 831 coelo,

991 862 1074 922 Unde
1097 859 1216 935 superba
1238 873 1343 928 manes,
1367 866 1460 915 tamen
1479 857 1574 914 alvum
1598 856 1773 928 (6511666116

1601 954 1731 1021 [666666.

993 1052 1136 1110 1161161166
1154 1051 1249 1108 divum
1264 1047 1391 1106 mirabile
1405 1063 1517 1121 prorsus
1530 1046 1653 1119 asylum,

994 1150 1045 1205 Per
1055 1146 1129 1221 quod
1144 1154 1172 1202 te
1186 1145 1275 1202 vinco.
1292 1143 1345 1200 Sed
1360 1142 1381 1198 si
1395 1139 1538 1209 vis,rcrba
1553 1139 1698 1212 relinquo.

1266 1250 1400 1293 canossa
1419 1249 1516 1291 ntcrr.

994 1332 1073 1406 Quod
1084 1340 1171 1406 potes,
1182 1339 1208 1388 et
1217 1331 1301 1397 nosti,
1315 1345 1381 1385 naor
1392 1328 1504 1384 auribus
1514 1326 1611 1399 ingere
1624 1324 1729 1382 nostris.

1225 1439 1355 1482 nunnus
1370 1436 1561 1480 nsseouosr.

996 1521 1113 1578 Ecclesia
1128 1528 1230 1592 praesto
1244 1519 1328 1575 ditata
1344 1516 1459 1589 praesule
1472 1523 1564 1583 recto;

995 1620 1036 1671 Ac
1049 1621 1181 1671 resonant
1196 1612 1275 1686 plane
1287 1620 1384 1668 cantus
1402 1610 1441 1666 ibi
1453 1607 1666 1681 presbyterales.

994 1708 1137 1781 ilelliquiae
1151 1708 1245 1764 multae
1259 1712 1423 1762 venerantur
1443 1703 1480 1759 ibi
1494 1703 1566 1759 bene
1580 1701 1673 1758 661166.

1190 1815 1326 1858 canossa
1340 1811 1489 1857 counors
1502 1811 1601 1853 ntcrr.

995 1897 1128 1970 subjaceo
1143 1894 1191 1952 tibi
1205 1894 1252 1962 nil,
1268 1894 1332 1967 quia
1346 1892 1467 1949 nobilius
1481 1906 1545 1947 mea
1561 1890 1649 1946 sistit.

995 1995 1066 2051 Nam
1079 2006 1139 2047 mea
1154 1990 1206 2046 sub
1221 2005 1300 2063 papa,
1317 1996 1363 2044 tue
1382 2003 1445 2043 vcro
1464 1987 1516 2043 sub
1532 1984 1685 2059 patriarcba
1701 1987 1771 2050 (651),

996 2089 1045 2142 Est
1055 2100 1116 2141 mea
1129 2085 1269 2150 Romanas
1280 2091 1326 2138 tua
1338 2089 1446 2138 constat
1460 2079 1652 2152 Aquilegiana.

996 2180 1097 2236 Praesnl
1106 2192 1203 2251 nempe
1217 2186 1282 2233 tuus
1291 2174 1429 2249 synodum
1441 2174 1587 2247 placitatur
1597 2171 1634 2228 ad
1648 2171 1733 2244 hujus,

995 2271 1097 2331 Nolens
1110 2281 1156 2328 aut
1170 2271 1275 2327 maleus
1291 2269 1357 2326 iacis
1371 2268 1518 2341 imperium
1535 2265 1698 2340 patriarcba

995 2367 1025 2424 Si
1035 2365 1258 2438 renovasipsum.
1268 2372 1344 2437 pater
1354 2363 1454 2420 archos
1463 2358 1774 2431 (dbtlconsecratillumr

996 2461 1095 2516 Omnis
1103 2460 1178 2516 euim
1192 2460 1281 2515 clerus
1293 2466 1360 2514 tuus
1372 2464 1462 2513 exstat
1469 2470 1565 2511 servus
1578 2455 1609 2511 16
1621 2470 1717 2510 aerum.

997 2554 1095 2609 Libera
1112 2568 1161 2626 per
1173 2568 1274 2624 papam
1289 2566 1351 2608 mea
1365 2551 1446 2624 lyrica
1461 2553 1537 2619 (657)
1552 2555 1697 2620 permanet
1707 2545 1776 2604 alma.

997 2649 1064 2704 Haec
1080 2647 1186 2703 domini
1203 2646 1294 2719 prisci,
1309 2645 1437 2717 generosi
1457 2644 1561 2699 scilicet
1579 2642 1631 2710 1111,

997 2741 1050 2813 Qui
1070 2757 1114 2798 me
1135 2748 1306 2808 struxerunt,
1325 2738 1467 2811 qnondam
1483 2736 1543 2793 lieri
1563 2737 1716 2792 voluerunt.

996 2835 1068 2891 blisit
1084 2835 1119 2890 ob
1133 2834 1185 2890 boc
1198 2832 1301 2890 factum
1316 2835 1435 2888 Romam
1451 2842 1528 2903 pater
1547 2833 1617 2886 Atto
1630 2827 1777 2893 Tedaldun,

996 2929 1045 2995 Qui
1058 2928 1185 3000 precibus
1195 2927 1276 2999 justis
1295 2926 1475 2982 benedictum
1493 2929 1569 2991 (656)
1585 2922 1704 2995 postulat
1715 2919 1777 2976 urbis

996 3024 1096 3078 ilomae
1110 3022 1279 3092 pontificem,
1293 3020 1341 3092 qni
1356 3020 1442 3092 gratis
1457 3025 1571 3090 praestat
1584 3016 1685 3085 eidem,

997 3116 1119 3171 Solntam
1138 3112 1266 3179 reddens,
1282 3129 1316 3169 ue
1335 3112 1476 3185 pontifices
1491 3111 1530 3166 ibi
1544 3112 1636 3184 legem

997 3208 1172 3266 Censtituunt
1185 3207 1282 3277 tollam,
1300 3222 1351 3262 666
1362 3207 1401 3263 616
1418 3205 1542 3277 subjecta
1556 3204 1594 3260 sit
1608 3218 1734 3279 unquam,

997 3305 1134 3359 Romanae
1153 3300 1210 3357 sedi
1227 3301 1275 3356 sed
1288 3299 1323 3356 sit
1336 3299 1458 3372 subjecta
1475 3297 1572 3355 fidelis.

997 3398 1060 3453 Non
1088 3395 1211 3468 aliquam
1232 3393 1369 3467 synodum
1391 3393 1527 3465 permittit
1550 3408 1675 3465 quaerere
1695 3400 1776 3448 nestro

998 3488 1159 3561 Praeposito,
1172 3504 1312 3560 nunquam
1328 3489 1396 3560 petit
1410 3496 1438 3544 et
1458 3487 1550 3543 clerus
1564 3502 1632 3544 suus
1644 3486 1733 3544 ullam.

999 3584 1094 3640 Munia
1109 3583 1200 3639 divina
1215 3582 1330 3655 cupiunt
1344 3581 1485 3654 acquirere
1503 3581 1527 3637 61
1546 3597 1618 3654 666,

29 4616 32 4621 ’
142 4624 215 4667 mos.
229 4609 376 4677 Autreier,
391 4610 465 4683 qnod
477 4619 508 4667 tu
522 4610 667 4681 perspicias
673 4619 777 4667 tecum.
791 4615 869 4671 1166.

142 3760 286 3815 Martinam
299 3762 325 3814 et
344 3760 503 3824 canossam,
518 3767 595 3814 extra
608 3774 689 3814 suum
703 3760 794 3817 locum
808 3760 944 3818 hactenus
997 3758 1101 3814 bellum
1124 3765 1264 3828 occurrat,
1285 3758 1314 3815 in
1337 3772 1391 3831 666
1412 3755 1514 3814 acriter
1538 3756 1574 3813 sit
1602 3754 1775 3830 pugnandum.

145 3830 244 3901 posita.
260 3832 367 3902 Nempe
386 3829 447 3887 baec
468 3829 502 3885 de
522 3833 635 3885 Nantua
657 3833 834 3903 conqueritur
848 3850 855 3887 :
869 3832 944 3905 qnod
998 3834 1080 3886 llun.

145 3899 194 3956 sibi
209 3915 309 3972 corpus
318 3899 415 3971 inclyti
434 3901 511 3956 ducis
522 3898 654 3957 Bouiiacii
669 3903 817 3972 usurparit,
834 3903 943 3975 quando
1034 3907 1108 3968 (651)
1120 3899 1261 3956 Lubenter
1275 3901 1445 3957 scriberem:
1462 3902 1609 3970 Gontiopct
1624 3916 1697 3955 nom.
1710 3899 1779 3954 1166.

144 3970 240 4040 reliqui
252 3970 311 4040 ejus
323 3972 439 4042 majores
450 3973 579 4027 Canmsae
589 3970 698 4026 inerant
707 3972 845 4028 tumulati.
862 3973 943 4043 Quod
1032 3980 1107 4039 (651)
1124 3975 1155 4027 16
1176 3971 1230 4028 line
1246 3971 1325 4043 hujus
1336 3970 1460 4028 confictae
1471 3971 1689 4028 concertationis
1700 3969 1780 4026 eaden

146 4049 280 4114 praeterea
304 4056 381 4096 novae
404 4041 468 4097 lmic
493 4049 594 4098 nostrae
614 4042 726 4098 editioni
750 4045 943 4111 gratulandum
998 4059 1064 4099 voce
1092 4058 1188 4099 rursus
1211 4046 1296 4099 utitur
1322 4044 1438 4112 bonizo,
1462 4042 1596 4114 inquiens
1620 4061 1628 4096 :
1653 4045 1780 4098 611666

144 4121 197 4176 661,
219 4127 251 4167 ex
265 4112 406 4169 codicibus
422 4112 510 4169 mstis.
531 4113 673 4185 Regiensi,
693 4121 721 4169 61
735 4113 943 4172 Padolironeusi
997 4117 1087 4171 alvum
1101 4117 1192 4171 nostri
1201 4117 1311 4170 bonini
1321 4117 1378 4170 uolo
1389 4133 1398 4166 .·
1411 4116 1501 4183 Quare
1511 4113 1606 4169 eleum
1618 4129 1667 4186 pre
1677 4127 1781 4184 66616.

145 4197 196 4256 ego
212 4182 301 4254 hausi,
324 4192 351 4239 et
374 4182 418 4238 bic
440 4182 578 4254 proferam
602 4185 779 4257 quamplures
801 4201 896 4243 versus
916 4189 943 4245 iu
997 4190 1042 4242 sed
1059 4201 1157 4255 parurn
1167 4186 1283 4258 eleganti
1297 4185 1404 4242 licentia
1416 4184 1568 4241 adhibitum
1582 4193 1660 4256 puto.
1677 4187 1751 4241 illua.

145 4252 944 4326 praecedentibuseditionibusdesideratos,etomuesnunc
1034 4263 1106 4324 (655)
1124 4264 1280 4314 1166166661
1292 4256 1427 4328 Ugbellus
1447 4256 1497 4312 sub
1513 4258 1608 4312 Leone
1629 4258 1782 4319 1116666

144 4341 195 4381 suo
210 4326 269 4381 loco
289 4325 436 4382 restitutos.
450 4329 529 4383 1166.
998 4344 1034 4385 66
1054 4329 1181 4401 pontifice
1195 4345 1267 4384 anno
1282 4332 1333 4383 804
1344 4328 1499 4383 institutum
1516 4328 1606 4397 primo
1618 4327 1703 4383 luisse
1715 4329 1781 4383 llan-

179 4400 254 4464 (tce)
282 4397 408 4453 Fortasse
436 4396 601 4467 legendum,
628 4403 694 4468 quot
723 4415 774 4470 pro
807 4402 858 4463 166,
891 4416 941 4457 666
998 4409 1112 4455 tuanum
1142 4401 1345 4471 episcopatum,
1376 4407 1403 4454 et
1433 4397 1602 4470 Aquileiensi
1633 4397 1783 4472 patriarcba

140 4466 770 4541 6666161666.116616666166166666166
792 4471 942 4541 ociribns3
998 4471 1177 4543 suppositum.
1203 4476 1282 4526 Anno
1311 4486 1375 4526 vcro
1404 4470 1716 4539 14566616666161166
1735 4466 1783 4524 sedi

144 4547 173 4595 tu
194 4539 325 4610 perspice,
339 4547 408 4611 quot
428 4537 535 4595 celeras
557 4548 647 4595 tecum
669 4554 790 4612 :nempe
812 4543 942 4611 paucissi-
957 4530 982 4592 D
997 4543 1167 4609 immediate,
1188 4550 1220 4597 ut
1239 4542 1316 4596 aiunt
1337 4557 1430 4613 parere
1450 4541 1542 4612 coepit.
1561 4543 1637 4597 llinc
1660 4538 1783 4598 bonizoni

997 4631 1062 4670 ansa
1084 4613 1119 4668 ad
1142 4614 1329 4670 extollendam
1355 4613 1521 4668 Canusinam
1546 4612 1715 4677 Ecclesiam,
1736 4612 1783 4682 iam

179 4683 253 4748 (650)
277 4681 305 4736 Si
324 4681 389 4752 qnid
410 4682 542 4755 intelligo,
563 4682 704 4737 moeuibus
727 4691 793 4739 tunc
815 4683 940 4741 nondum
996 4694 1062 4740 tnnc
1077 4685 1111 4739 ab
1121 4700 1177 4740 uno
1187 4687 1315 4740 Numano
1325 4683 1452 4754 pontifice
1466 4682 1645 4754 pendentem.
1661 4686 1738 4740 1166.

142 4750 300 4818 exstructis,
327 4752 394 4808 solis
422 4753 491 4823 palis
519 4753 722 4824 circumpositis
751 4763 833 4827 atque
862 4755 938 4812 humi
1029 4757 1101 4826 (656)
1123 4758 1285 4828 Quanquam
1307 4755 1530 4827 superlluumsit
1551 4756 1724 4823 meminisse,
1741 4766 1782 4825 pto

141 4820 238 4878 deliris
252 4826 335 4886 (nunc
351 4824 511 4893 pollincto)
527 4827 641 4880 ltlaotna
657 4825 751 4882 civitas
767 4841 800 4882 eo
814 4834 938 4898 tempore
991 4829 1150 4899 6616666116
1163 4843 1229 4883 6666
1244 4834 1285 4882 est
1300 4834 1390 4898 poeta.
1407 4829 1486 4882 1166.

142 4891 327 4948 setutabatur.
338 4895 443 4948 blnltos
451 4895 577 4951 homines
587 4894 621 4950 ad
630 4896 671 4952 sui
680 4897 793 4953 tutelam
801 4897 940 4969 ejusmodi
1029 4899 1100 4970 (657)
1123 4899 1188 4953 11611
1205 4898 1316 4954 codices
1333 4913 1393 4953 mec
1414 4899 1516 4953 lirrieo.
1537 4899 1638 4969 Scripsi
1657 4898 1781 4969 666166·-

142 4978 238 5021 murus
255 4965 352 5034 666611.
367 4966 470 5021 Contra
509 4967 585 5021 aucis
599 4967 742 5040 indigebat
760 4969 890 5036 canossa,
907 4977 939 5025 ut
993 4985 1033 5025 cc.
1054 4968 1107 5028 Sed
1145 4969 1190 5024 uid
1208 4971 1259 5026 sibi
1273 4970 1331 5024 vult
1345 4969 1463 5025 insolens
1477 4970 1530 5024 lroc
1547 4969 1576 5024 in
1595 4972 1657 5026 loeo
1671 4970 1780 5024 vocabu·

142 5034 217 5116 seab
230 5032 351 5119 bostium
365 4981 650 5120 impetndlcieuderet.
665 5041 769 5096 Sensus
788 5055 854 5111 ergo
874 5039 939 5097 mibi
993 5039 1050 5096 lum
1064 4985 1159 5098 istuffl
1178 5039 1323 5111 Siquidem
1337 5041 1375 5096 ita
1388 5041 1488 5096 bonizo
1500 5040 1620 5110 scripsit,
1642 5040 1782 5096 intoleran-

142 5104 281 5188 videar:
304 5106 403 5180 singuli
424 5107 476 5178 palr
491 5117 603 5180 erigunt
625 5118 765 5166 armatum
785 5109 940 5178 bominem,
993 5111 1027 5167 da
1048 5112 1155 5170 licentia
1171 5112 1332 5182 significavit
1355 5111 1470 5167 chorum
1489 5111 1655 5168 clericorum
1675 5110 1780 5169 066661·

142 5183 171 5258 et
182 5191 216 5232 eo
228 5184 312 5232 ettam
325 5185 405 5249 pacto
417 5181 462 5234 vix
477 5179 614 5253 impedias
627 5183 737 5238 bostem
749 5182 898 5253 quominus
911 5190 941 5240 te
993 5199 1038 5240 66
1053 5182 1190 5239 Ecclesiae.
1207 5186 1290 5240 Mun.

144 5255 245 5303 sancet.
262 5250 343 5305 1166.
1031 5255 1104 5380 (1656)
1133 5255 1237 5325 Nempe
1261 5254 1410 5326 septimum
1433 5253 1514 5325 bnjus
1528 5253 1662 5310 nominis.
1683 5252 1783 5312 Obtulit

177 5318 251 5391 (651)
273 5322 315 5376 Eu
329 5328 359 5377 ul
375 5329 595 5378 autesexeeutos
615 5338 703 5380 annos
716 5337 746 5378 se
763 5323 939 5380 116616616-
993 5326 1032 5380 mi
1053 5327 1059 5380 i
1081 5328 1194 5381 listcuse
1216 5325 1359 5381 archivum
1380 5333 1565 5397 pervetustum
1585 5339 1781 5397 pergamenam.

141 5387 230 5471 beret,
253 5390 359 5448 scilicet
376 5390 475 5449 lisdem
499 5393 598 5465 quibus
612 5410 671 5452 6666
695 5401 803 5462 nostro,
820 5395 939 5451 obnoxia
994 5396 1040 5451 nbi
1065 5394 1252 5468 fragmentum
1270 5396 1392 5469 ejusdem
1418 5396 1602 5453 benedictinae
1621 5397 1784 5466 bullae,qntt

139 5461 323 5543 incommodis
340 5477 373 5517 ex
399 5468 493 5532 616666
516 5464 695 5533 circumfuso,
716 5466 794 5538 cujus
814 5467 854 5521 vel
880 5482 940 5522 me·
993 5466 1095 5537 scripta
1106 5476 1148 5521 est
1160 5482 1210 5537 per
1224 5484 1338 5523 maneam
1349 5468 1482 5539 Stephani
1492 5470 1597 5522 notorii
1611 5470 1685 5524 66666·
1695 5464 1784 5522 emissi

139 5538 220 5586 mrnrt
234 5532 339 5588 Livius.
355 5535 940 5610 161166666166666666116611611661116·
992 5544 1091 5594 sonctae
1117 5541 1244 5594 Nomonoe
1270 5541 1412 5608 Ecclesia,
1435 5538 1553 5604 ind.1v;
1581 5537 1648 5594 data
1672 5552 1737 5594 vero
1756 5547 1783 5589 rv

138 5601 235 5669 tullus,
251 5603 280 5658 in
299 5606 472 5662 contermino
486 5621 551 5679 agre
568 5617 661 5665 natus.
677 5612 759 5665 Mun.
993 5611 1056 5666 1161.
1069 5612 1198 5666 ianuarii
1204 5626 1254 5680 per
1267 5626 1363 5666 neonus
1379 5609 1511 5667 delrionis
1523 5611 1651 5681 epmopi,
1666 5608 1784 5665 etbiblt't

174 5678 248 5745 (651)
259 5679 294 5730 Α.
311 5674 443 5732 ducilem.
460 5677 696 5750 Etrmologiarum
711 5678 860 5750 scriptores
873 5696 939 5737 con·
995 5683 1107 5736 tbecorii
1126 5686 1225 5736 sancte
1243 5682 1312 5737 sedis
1335 5682 1488 5752 apostolicae
1510 5685 1607 5753 (quem
1621 5679 1782 5751 ciampinius

41 5766 43 5775 ·
139 5743 941 5823 16616616666661661161166666616666666666611-
994 5748 1780 5823 16666661166666661666111116166666166616611.

138 5814 200 5883 quis
220 5815 401 5890 significabat.
425 5819 478 5875 llic
498 5817 617 5877 fortasse
635 5834 758 5878 sensus:
781 5821 810 5877 Si
829 5822 941 5894 quando
995 5824 1136 5897 Ecclesia)
1156 5839 1228 5881 6666
1249 5826 1424 5897 ponttpeetns
1448 5823 1543 5881 denne·
1567 5821 1709 5883 Benedicti
1728 5834 1782 5878 tur
