3870 6164
99 323 105 331 '
149 256 217 310 ttttt
648 249 693 303 ΑΙ)
713 248 827 303 OPERA
845 248 873 302 S.
892 245 1053 303 GREGOllll
1071 241 1310 300 9999991999(
1600 254 1605 259 ·
1737 240 1795 295 tttt

148 377 216 434 tiam
234 377 364 434 incurrat.
396 373 472 429 ldem
496 372 634 428 Dominus
658 371 723 427 alibi
747 379 914 443 protestatur
938 368 1096 441 :Areliqui
1116 366 1235 424 erclero
1254 365 1339 421 etiam
1358 364 1431 420 intra
1446 362 1605 421 Ecclesiam
1626 361 1797 418 obcamdem

150 494 163 520 ι
185 468 403 527 Misericordiam
419 467 497 533 volo,
519 474 548 522 et
568 481 623 521 non
643 464 808 522 sacrificium
831 464 943 532 (Muttb.
1000 478 1124 530 causam,
1142 459 1211 516 beu!
1234 457 1424 515 crudelissime
1438 457 1522 514 occisi
1538 457 1688 530 leguntur,
1710 454 1797 511 videli-

149 569 199 632 ιι)
214 585 220 618 :
236 585 248 611 ι
267 562 381 628 scilicet,
396 569 427 616 ut
440 559 529 632 quivis
545 559 654 631 placens
667 560 728 615 Deo
752 574 800 630 per
821 556 947 614 obedien·
1000 565 1054 626 cet,
1077 556 1141 629 quia
1169 553 1355 612 sectatoribus
1384 553 1445 608 Arii
1467 553 1497 609 in
1519 551 1681 609 violatione
1703 550 1797 609 titoni

146 658 211 714 tiam
227 657 318 728 potius
332 656 430 712 animae
446 670 504 710 suae
518 655 680 710 misereatur
692 655 783 720 (Ereti.
803 658 885 725 xxx),
899 651 945 709 cui
999 650 1106 708 concilii
1115 647 1248 706 assentire
1260 647 1401 704 nolebant.
1412 647 1480 704 Haec
1490 654 1592 703 autem
1602 653 1634 702 et
1645 643 1798 718 huiusmod

146 749 319 823 potissimum
343 757 385 806 est
415 746 616 816 miserendum,
642 763 726 818 quam
759 763 824 803 cum
854 746 946 802 inobe·
999 742 1208 801 innumerabilia
1224 740 1458 798 aecclesiasticis
1477 738 1740 797 historiisallatim
1749 739 1797 796 col·

146 842 246 901 dientia
262 843 302 899 vel
318 858 366 915 per
386 857 415 898 sc
428 842 472 898 vel
488 857 536 913 per
553 841 639 898 alium
657 841 777 897 Domino
791 839 890 897 offerat
903 855 944 896 sa·
998 837 1082 911 ligere
1096 835 1206 908 poteris.

146 936 289 993 orificium.
1034 931 1115 987 Dicat
1127 945 1193 1003 ergo
1207 928 1269 1001 quis
1288 926 1430 1001 quomodo
1447 935 1541 984 noster
1555 926 1734 1000 apostolicus
1748 926 1798 984 sine

181 1028 264 1086 Libet
280 1038 373 1086 autem
386 1027 561 1086 considerare
581 1043 667 1101 quam
681 1027 834 1084 clementer
848 1033 944 1083 noster
995 1041 1047 1083 suo
1062 1023 1180 1097 periculo
1196 1023 1236 1078 vel
1252 1022 1344 1094 potius
1357 1021 1442 1078 exitio
1457 1021 1604 1094 negligere
1618 1028 1719 1094 posset
1738 1022 1797 1095 quin

145 1123 309 1196 apostolicus
330 1122 413 1179 etiam
438 1122 511 1194 ipsos
532 1129 736 1194 contemptores
760 1136 899 1178 canonum
913 1119 943 1176 in
994 1129 1052 1176 tam
1073 1115 1273 1175 inevitabilium
1296 1114 1482 1183 sanctionum,
1504 1130 1565 1170 non
1579 1113 1645 1172 dico
1660 1115 1796 1172 violatori·

145 1216 332 1289 superioribus
355 1215 464 1272 statutis
487 1215 620 1272 tractarit.
645 1216 720 1284 Quos
741 1222 880 1271 tantuma
897 1212 943 1270 tali
996 1213 1058 1281 bars,
1073 1210 1122 1268 sed
1137 1208 1379 1283 impugnatoribus
1392 1223 1429 1265 es
1440 1206 1534 1265 debito
1548 1207 1636 1265 cilicii
1655 1209 1702 1265 sui
1715 1208 1796 1265 obsis

146 1307 240 1366 cilicio
254 1309 381 1378 removit,
396 1307 472 1381 qrvod
485 1307 748 1364 tameunullatenus
761 1306 814 1364 nisi
835 1306 865 1362 in
880 1322 942 1380 per·
995 1314 1048 1372 ret,
1069 1305 1169 1378 quibus
1191 1303 1265 1375 ipsos
1288 1310 1399 1358 sanctos
1422 1304 1516 1358 Patres
1536 1302 1631 1359 etiam
1655 1300 1795 1375 usquead

145 1402 245 1459 niciem
260 1418 339 1459 suam
353 1401 490 1459 celebrare
503 1409 629 1474 posseut3
642 1401 665 1456 si
674 1401 816 1457 canonicis
824 1401 943 1457 sanctio·
995 1401 1157 1472 sanguinem
1177 1395 1309 1454 restitisse
1327 1411 1384 1452 non
1396 1395 1561 1470 ignoraret?
1576 1395 1717 1468 Quamvis
1730 1397 1794 1453 euim

144 1494 227 1552 nibus
250 1503 444 1567 repugnantes,
469 1495 559 1568 ipsum
577 1494 709 1567 Spiritum
728 1503 852 1550 sanctum
880 1493 940 1550 bla-
996 1493 1080 1551 modo
1094 1492 1208 1565 quidam
1223 1506 1280 1548 non
1299 1497 1358 1547 tam
1372 1497 1465 1562 aperte
1478 1476 1544 1546 c‘um
1560 1490 1633 1546 Ario
1648 1497 1678 1550 es
1692 1489 1795 1564 reliquis

143 1588 288 1662 sphemare
301 1604 358 1645 non
371 1587 543 1646 desisterent.
559 1590 686 1660 lpsurum
700 1604 766 1644 sane
779 1586 942 1644 diuturnam
997 1584 1186 1644 laearesiarcbis
1201 1583 1286 1641 fidem
1300 1591 1459 1640 sanctorum
1483 1585 1605 1640 Patrona
1621 1582 1792 1657 impugnent,

144 1682 357 1739 obstinationem
367 1681 428 1755 jam
451 1681 554 1739 diadum
571 1681 662 1738 aerius
677 1680 851 1753 plectendam
868 1696 940 1738 non·
994 1691 1090 1739 tamen
1109 1695 1207 1737 eorum
1222 1676 1374 1735 moralibus
1387 1677 1505 1744 statutis,
1523 1693 1596 1734 cum
1616 1678 1680 1749 ipsa
1691 1677 1791 1751 quidem

142 1775 210 1834 dum
230 1775 322 1833 debita
342 1776 483 1833 severitate
504 1774 620 1846 punivit,
634 1773 681 1831 sed
703 1775 773 1845 illos,
790 1784 821 1833 ut
843 1775 939 1832 saltem
956 1741 1047 1833 Blide
1062 1790 1111 1847 per
1123 1771 1237 1829 eosdem
1247 1778 1359 1828 sanctos
1373 1773 1466 1827 Patres
1477 1769 1582 1827 eodem
1597 1779 1739 1844 tempore,
1753 1787 1790 1827 cs·

141 1868 231 1926 adbuc
245 1869 368 1926 redirent
387 1869 422 1927 ad
440 1884 498 1937 cor,
513 1877 629 1940 paterno
643 1867 744 1925 affectu
759 1869 937 1942 exspectavit,
993 1867 1056 1925 dem
1075 1865 1275 1939 subscriptione
1297 1864 1447 1933 roboratis,
1477 1864 1624 1922 obstinate
1651 1865 1790 1931 resistunt3

141 1969 173 2018 ut
187 1962 228 2019 vel
248 1963 277 2018 in
301 1962 353 2019 boc
367 1979 447 2018 stram
462 1960 671 2018 damnationem
692 1977 859 2034 cognoscere
880 1962 937 2019 vel·
992 1978 1053 2036 quae
1066 1969 1095 2018 ct
1108 1977 1172 2017 cum
1186 1959 1281 2017 eadem
1297 1958 1352 2015 tide
1370 1975 1403 2016 ex
1419 1958 1611 2016 sacratissimo
1634 1956 1715 2016 sonte
1732 1959 1789 2016 Scri

141 2055 209 2123 lent,
232 2071 297 2111 cum
322 2055 492 2126 populuma
523 2053 685 2126 recipiendis
715 2071 812 2111 eorum
840 2055 939 2133 ciliciis
994 2065 1141 2129 pturarum
1158 2060 1369 2122 emanaverunt;
1387 2051 1436 2109 sed
1458 2052 1486 2108 in
1507 2051 1563 2109 bac
1585 2067 1693 2111 eorum
1707 2050 1789 2110 udae

136 2146 288 2218 iustissime
297 2146 468 2218 prohibitum
481 2161 581 2219 negare
593 2162 649 2203 nun
662 2156 784 2218 possent.
992 2148 1106 2207 dissima
1129 2146 1288 2214 rebellione,
1310 2146 1394 2203 etiam
1418 2145 1505 2218 ipsam
1531 2143 1622 2203 tidem
1642 2153 1789 2204 sancmsm

176 2240 248 2296 Car.
272 2241 340 2295 XX.
365 2240 503 2295 Fortassis
526 2247 620 2295 autem
642 2239 742 2313 aliquis
763 2239 859 2297 dicat:
882 2243 938 2299 Cur
991 2245 1104 2299 Patrum
1127 2242 1279 2314 probantur
1303 2239 1459 2306 adnullare,
1480 2255 1548 2295 cum
1570 2239 1603 2295 in
1626 2239 1788 2298 authenticis

140 2338 235 2389 noster
244 2332 395 2404 Gregorius
405 2340 463 2388 tam
475 2333 614 2388 contraria
629 2339 732 2389 nostrae
744 2334 936 2392 consuetudini
991 2335 1180 2394 sanctionibus
1205 2332 1398 2391 auctoritatem
1421 2333 1536 2389 illorum
1560 2348 1614 2404 pro
1638 2332 1727 2391 nibilo
1744 2331 1786 2390 du-

139 2432 242 2482 statuta
262 2424 400 2481 observari
425 2424 602 2497 praeceperit?
623 2427 679 2483 Cur
694 2441 751 2482 uon
770 2427 861 2498 potius
883 2445 934 2485 uc·
991 2435 1055 2484 cant
1076 2425 1122 2498 qui
1145 2433 1174 2481 ot
1188 2422 1271 2480 sidem
1290 2438 1340 2480 sua
1365 2420 1532 2480 auctoritate
1553 2422 1784 2481 confirmaverant

137 2525 226 2575 stram
247 2517 478 2574 consuetudinem
493 2518 571 2591 quasi
584 2518 757 2576 misericordi
778 2519 935 2578 dissimula·
989 2518 1228 2576 Nullatenussane
1242 2515 1323 2572 alicui
1344 2513 1593 2572 lidessanctorum
1613 2517 1788 2590 Patrnnprc

25 2652 28 2657 .
137 2610 211 2668 tione
234 2610 378 2667 tolerarit?
401 2609 470 2668 Sed*
486 2610 529 2667 illc
554 2610 648 2668 audiat
670 2609 735 2683 quid
757 2613 853 2670 beatus
876 2617 935 2673 Leo
989 2611 1219 2684 deritquieorum
1234 2608 1375 2667 canonicis
1389 2607 1787 2684 atquemoratibuspmcepc's

136 2718 218 2776 papa,
233 2703 281 2776 qui
302 2703 491 2760 sacratissimo
507 2704 723 2761 clralcedonensi
737 2706 850 2763 concilio
875 2706 935 2780 [per
988 2721 1046 2763 non
1069 2703 1194 2773 obedire,
1216 2701 1265 2759 sed
1289 2702 1468 2775 pertinaciter
1492 2702 1630 2760 resistere
1654 2702 1782 2761 studuerit

134 2795 250 2869 legatos]
266 2795 387 2867 praeluit,
398 2796 532 2854 decernat
545 2800 632 2869 (mist.
644 2804 691 2867 at,
712 2797 748 2855 ad
763 2800 932 2860 martianum
988 2801 1072 2868 Nam,
1093 2806 1123 2854 ut
1145 2796 1265 2854 lacobus
1286 2795 1371 2853 irater
1385 2795 1498 2852 Domini
1515 2804 1641 2854 testatur
1666 2814 1674 2850 :
1690 2821 1703 2847 ι
1717 2795 1782 2854 ttae

42 2874 47 2899 '
134 2890 313 2963 llugvrstum),
332 2891 389 2963 qui,
405 2889 526 2946 Anatolii
540 2891 666 2962 praesulis
678 2892 931 2965 Constantinopoli·
987 2892 1188 2966 sinecperibus
1203 2897 1367 2948 mortuaest
1382 2894 1447 2957 (loc.
1463 2896 1513 2959 tr),
1536 2915 1550 2942 a
1566 2892 1683 2965 qualem
1701 2891 1780 2950 etde·

133 2982 191 3039 tani
203 2983 448 3056 presumptionem
457 2983 599 3049 cohibens,
616 2985 652 3040 ita
668 2985 930 3056 pronuntiatum:
986 3002 1083 3045 mones
1097 2986 1198 3044 bebere
1209 2983 1321 3043 latetur.
1336 2988 1399 3042 Non
1411 3000 1477 3058 ergo
1495 2986 1596 3044 minus
1610 2996 1656 3046 est
1668 2989 1779 3046 resistcr-

55 3096 58 3101 ·
135 3103 148 3131 ι
169 3075 244 3150 quod
257 3077 286 3133 in
305 3087 413 3133 reatum
430 3077 549 3133 Romani
570 3077 709 3149 pontificis
727 3079 886 3151 deputetur,
906 3081 967 3161 sic
985 3080 1052 3138 dum
1073 3080 1256 3153 pertinacibus
1269 3079 1490 3138 authenticarum
1508 3081 1718 3140 institutionum
1734 3082 1777 3139 im·

133 3169 268 3227 institutio
292 3185 443 3238 canonum,
458 3185 491 3226 cc
511 3186 568 3226 uon
588 3170 763 3243 probibente,
785 3182 813 3229 et
834 3173 863 3229 in
878 3174 933 3231 boc
989 3173 1187 3247 pugnatoribus
1199 3189 1282 3245 quam
1297 3188 1383 3231 sacrae
1396 3172 1462 3229 fidei
1476 3173 1777 3242 violatoribns;cumct

133 3262 209 3338 quasi
223 3264 398 3330 connivente,
417 3262 515 3320 alicubi
535 3262 659 3321 violetur.
677 3288 690 3312 ν
707 3269 776 3322 ltem
795 3268 932 3325 sanctissi·
987 3265 1159 3324 daemonibus
1185 3266 1372 3323 assimilentur
1398 3266 1561 3340 quicunque
1586 3267 1774 3324 instinctionem

132 3371 196 3414 mus
207 3358 295 3413 nostri
308 3357 454 3429 apostolici
472 3357 662 3431 homonymus
681 3359 808 3416 scribens
824 3361 932 3419 Victori
986 3369 1145 3418 sanctorum
1155 3362 1268 3417 Patrum
1279 3359 1306 3416 in
1316 3358 1371 3416 lide
1383 3367 1505 3429 tantum,
1520 3377 1577 3418 non
1589 3359 1705 3418 ctiamin
1716 3374 1774 3416 con·

132 3450 259 3523 episcopo
274 3454 349 3521 (ileo.
365 3453 441 3522 ept'st.
462 3452 508 3506 lib.
525 3467 556 3518 x,
571 3467 613 3522 ep.
631 3454 676 3523 32)
692 3452 762 3508 lranc
779 3454 931 3512 terribilem
985 3455 1137 3512 versatione
1158 3470 1207 3528 pro
1228 3453 1332 3510 viribus
1346 3455 1405 3511 suis
1418 3462 1574 3527 sectantur,
1596 3455 1662 3529 quia
1680 3462 1708 3511 ct
1724 3453 1772 3510 ovil-

133 3550 161 3599 et
176 3544 333 3615 generalem
354 3545 524 3601 sententiam
546 3545 689 3617 protulit:
717 3547 874 3617 «Quisquis
896 3547 931 3606 ad
985 3565 1065 3622 pam,
1091 3563 1174 3621 quam
1203 3537 1358 3604 humanum
1381 3545 1438 3604 fuit
1465 3549 1636 3618 comittere,
1657 3546 1770 3606 diabolico

132 3634 187 3691 boc
201 3635 307 3692 lacinus
327 3634 462 3702 (videlicet
476 3636 641 3695 simoniacae
659 3647 707 3692 arrt
720 3639 931 3713 Neophytorum
985 3643 1115 3700 instinctu
1129 3658 1186 3699 non
1200 3643 1299 3698 timent
1313 3641 1488 3714 pertinaciter
1500 3640 1666 3701 defendere.

131 3725 279 3794 haereseos)
300 3727 515 3797 emendandum,
536 3728 620 3785 oltlcii
634 3731 676 3786 sui
692 3732 913 3791 consideratione
919 3776 930 3805 ,
1020 3737 1148 3810 Amplius
1172 3756 1179 3793 :
1203 3738 1295 3809 ipsum
1318 3737 1374 3792 Vas
1395 3734 1543 3794 electionis
1556 3736 1586 3792 in
1612 3753 1662 3794 sua
1677 3749 1768 3811 prmus

132 3818 310 3876 vehementer
324 3836 379 3876 non
398 3821 509 3890 arserit,
531 3838 595 3878 cum
620 3823 681 3896 ipso
696 3840 725 3881 se
745 3841 801 3881 non
826 3824 933 3884 dubitot‘
984 3831 1116 3887 omnibus
1136 3828 1326 3887 ecclesiasticis
1341 3829 1500 3902 pastoribus
1514 3829 1585 3887 dicit
1610 3851 1617 3886 :
1638 3833 1766 3889 «siene

132 3911 233 3968 babere
248 3911 416 3985 portionem,
432 3929 447 3968 a
468 3929 523 3983 quc
539 3915 615 3986 prius
628 3915 681 3971 boc
701 3917 839 3989 piaculare
853 3919 930 3992 llagi-
984 3926 1147 3999 gallearum,
1158 3939 1216 3980 non
1227 3931 1268 3980 est
1278 3922 1346 3979 mihi
1357 3923 1453 3997 gloria.
1466 3923 1632 4005 Necessitas
1642 3921 1761 3983 minuit

131 4004 200 4060 tium
214 4005 333 4077 sumpsit
347 4005 526 4063 exordium.»
544 4007 632 4080 igitur
646 4017 674 4065 et
688 4009 733 4065 ille
749 4008 930 4070 nibilominus
984 4017 1130 4075 incumbit.
1146 4020 1196 4074 Vae
1210 4016 1284 4073 enim
1301 4016 1369 4073 mibi
1382 4024 1438 4085 cst,
1455 4016 1479 4072 si
1495 4033 1555 4074 non
1570 4020 1767 4094 evangelizavero

130 4097 247 4155 Ebionis
258 4098 446 4156 baeresiarcbae
466 4101 600 4173 particeps
621 4117 681 4158 csse
699 4101 846 4176 detegitur,
866 4106 930 4178 qui·
983 4114 1074 4181 (reor.
1086 4117 1139 4180 ιι).
1153 4135 1166 4161 ι
1180 4109 1328 4183 Quomodo
1339 4105 1768 4184 igiturnosterapostoticrsistad

131 4188 239 4264 cunqu'e
252 4208 302 4264 pro
320 4189 414 4248 debito
433 4191 519 4249 oflicii
540 4192 614 4250 illius
627 4194 767 4265 baeresim,
782 4195 811 4253 id
829 4207 872 4255 est
885 4202 901 4255 J
904 4216 930 4256 u·
982 4223 1022 4264 vae
1037 4204 1225 4278 subterfugere
1238 4211 1341 4277 posset,
1356 4203 1378 4260 si
1392 4219 1502 4277 gregem
1525 4204 1582 4262 sibi
1595 4204 1765 4269 commissum.

130 4283 239 4342 daleam
251 4284 488 4355 incontinentiam,
505 4284 646 4345 modernis
661 4289 851 4348 sacerdotibus
866 4309 928 4366 pro·
978 4301 1057 4373 jmrta
1069 4299 1156 4372 ipsius
1174 4297 1291 4372 apostoli
1305 4307 1439 4371 praecepta
1455 4296 1611 4357 instituere
1624 4295 1767 4375 repleas?

131 4377 228 4436 bibere
243 4394 301 4434 non
317 4379 464 4436 studuerit.
983 4396 1100 4450 sanctus
1117 4386 1203 4450 etiam
1222 4392 1342 4464 spiritus
1362 4406 1409 4463 per
1430 4390 1613 4451 Erecbmlcm
1626 4391 1769 4469 propbcuu

164 4474 227 4543 llll&
238 4488 348 4546 quoquc
362 4473 544 4531 sacratis-lima
563 4476 965 4549 concilia,exquibussqa.1)
982 4485 1093 4544 cuilibet
1124 4487 1226 4559 pastori
1250 4484 1399 4542 terribilem
1422 4485 1555 4556 proponit
1577 4487 1768 4546 conditionum:

129 4571 191 4621 tuta
214 4567 299 4622 nostri
323 4568 466 4638 apostolici
488 4568 694 4638 profluxerant,
717 4568 785 4627 adeo
805 4573 924 4644 amplexi
981 4604 995 4632 a
1010 4579 1048 4648 Si,
1061 4578 1162 4652 inquit,
1176 4595 1234 4636 non
1247 4577 1350 4635 dixeris
1364 4578 1504 4651 peccatori
1521 4598 1528 4632 :
1544 4579 1643 4639 Morte
1655 4574 1769 4641 molluit·

128 4664 195 4714 sunt
206 4659 293 4713 sancti
307 4660 414 4728 Patres,
426 4669 466 4729 ut,
481 4663 553 4718 sicut
565 4661 689 4735 ipsorum
702 4664 803 4736 scripta
819 4673 926 4723 testan-
978 4682 1007 4731 ει
1023 4672 1173 4731 ostenderis
1188 4681 1219 4730 ut
1239 4670 1348 4729 recedat
1362 4671 1398 4727 ab
1422 4670 1625 4743 iniquitatibus
1645 4673 1712 4742 suis,
1723 4671 1770 4743 lp!

129 4757 185 4818 tur,
199 4750 288 4821 potius
302 4751 406 4824 scipsos
421 4752 536 4811 diversis
549 4756 696 4813 tormentis
709 4756 805 4831 allligi,
821 4758 878 4816 imo
896 4775 926 4817 se
978 4761 1091 4837 qrtidem
1104 4762 1132 4819 in
1146 4761 1264 4836 peccatis
1277 4761 1334 4818 suis
1352 4759 1497 4829 morietur,
1513 4764 1684 4836 sanguinem
1695 4768 1769 4819 cutm

127 4843 222 4914 potius
235 4842 382 4901 crudeliter
396 4846 484 4903 occidi
508 4849 697 4919 permitterent
710 4867 795 4924 qtram
810 4852 925 4912 violato-
977 4856 1035 4928 ejus
1053 4856 1088 4914 de
1110 4873 1196 4914 manu
1215 4865 1263 4912 tua
1282 4854 1433 4927 requiram.
1453 4854 1482 4911 si
1502 4862 1603 4912 autem
1623 4856 1726 4925 dixeris,
1745 4856 1768 4908 et

126 4938 204 4997 ribus
218 4939 379 4998 earumdem
393 4943 568 5002 sanctionum
583 4947 739 5005 consentire
753 4950 862 5008 vellent.
880 4952 924 5010 Ob
976 4953 1021 5010 ille
1041 4950 1207 5024 contempsit
1234 4957 1261 5006 et
1275 4964 1332 5005 non
1357 4946 1506 5018 obedierit,
1522 4949 1569 5005 ille
1596 4949 1625 5006 in
1638 4946 1768 5008 sceleris!

126 5031 321 5091 banccausam
334 5050 452 5108 maguus
465 5036 633 5096 Athanasius
643 5042 798 5112 patriarcba
806 5045 924 5102 Alexan·
976 5047 1033 5105 suis
1053 5045 1197 5102 morietur.
1225 5047 1268 5101 Tu
1291 5051 1386 5099 autem
1408 5041 1534 5098 animam
1557 5051 1642 5101 tuam
1661 5035 1768 5102 liberatis

125 5124 225 5184 drinus
239 5134 303 5200 post
315 5126 439 5185 diversae
451 5131 626 5190 calamitates
637 5134 667 5189 in
683 5135 812 5193 exsilium
825 5136 924 5210 depor-
976 5141 1083 5209 (Ezecb.
1102 5142 1229 5205 mut).
1249 5158 1263 5189 n
1283 5138 1344 5192 Hac
1354 5135 1463 5209 quiderm
1475 5136 1663 5194 consistione
1675 5142 1768 5196 sanct!

123 5226 210 5279 tatur.
225 5219 270 5280 Ob
280 5220 334 5279 boc
346 5220 429 5279 etiam
441 5223 516 5281 Felix
532 5242 600 5298 papa
611 5229 757 5285 Romanus
770 5230 805 5286 ab
818 5230 923 5304 episcc·
976 5235 1149 5307 Auguetinus
1165 5231 1194 5287 in
1208 5244 1338 5287 sermone
1355 5228 1388 5286 de
1400 5220 1508 5301 psalmo
1521 5244 1601 5288 aux
1610 5231 1714 5298 utitur3
1725 5233 1768 5284 st·

124 5321 191 5386 patu
210 5313 353 5388 depositus
375 5314 415 5390 [0.
439 5319 486 5385 tt,
503 5320 643 5391 expulsus]
667 5321 801 5396 martyrio
824 5323 924 5398 legitur
975 5327 1081 5399 simque
1091 5325 1147 5382 suis
1163 5322 1341 5382 auditoribus
1349 5320 1497 5396 subjungit
1512 5340 1520 5378 ε
1537 5345 1550 5372 ι
1562 5324 1637 5382 Dico
1654 5315 1767 5385 rabbi·

124 5415 282 5475 coronatus,
296 5417 326 5467 et
351 5408 432 5467 multi
455 5411 513 5484 eius
539 5413 704 5489 presbytori,
724 5415 871 5489 diacones,
894 5425 923 5477 et
975 5419 1042 5479 bero
1062 5419 1184 5476 animam
1201 5432 1305 5474 meam.
1323 5419 1357 5472 ln
1374 5428 1476 5489 magno
1488 5414 1720 5489 enimomnes
1731 5426 1767 5487 pt

154 5568 232 5632 (999)
251 5567 343 5624 Locum
357 5571 443 5627 sancti
457 5572 559 5630 Leonis
579 5573 607 5631 in
630 5575 727 5634 eadem
749 5578 866 5650 epistola
882 5580 923 5639 sic
975 5581 1098 5648 mudum,
1117 5595 1159 5636 me
1183 5576 1374 5649 (quodobss'ttl
1392 5572 1765 5645 acsemminster

123 5634 205 5692 babet
221 5638 285 5722 :Ad
294 5655 381 5695 meum
396 5644 483 5699 tetulit
492 5649 609 5716 recitem,
627 5650 653 5704 si
655 5653 834 5718 potentorum
847 5667 924 5722 requ-
975 5653 1063 5724 moqor
1074 5654 1110 5710 sit
1123 5651 1198 5723 opud
1209 5666 1250 5705 me
1260 5651 1340 5705 uuit&
1352 5650 1371 5715 Ῑ
1369 5649 1453 5703 '1¹⁸'ss
1467 5647 1612 5715 lloludim·
1627 5664 1707 5723 W
1716 5643 1765 5702 ⁸¹²

124 5708 157 5760 lc
184 5714 364 5779 scucttoaum,
386 5728 446 5782 quo
468 5717 497 5770 iu
518 5718 620 5787 synodo
641 5721 754 5777 Nicone
780 5724 819 5778 od
840 5727 922 5781 totius
974 5740 1059 5782 cersoe
1071 5724 1163 5781 domus
1177 5721 1443 5780 bouinirommunis
1458 5720 1587 5781 meses.

120 5778 248 5838 Ecclesiae
279 5784 415 5852 regimen,
445 5785 552 5856 spe-tta
581 5790 632 5845 Dei
663 5792 832 5857 instruente,
857 5800 923 5851 sunt
