3884 6158
156 312 196 369 bil
351 344 356 349 ·
678 317 778 378 LIBER
797 320 934 380 SEXTUS.
952 352 988 367 ·-

1006 325 1109 381 uulsi.
1130 326 1262 383 xxxvlll.
1743 341 1794 396 sla

182 451 260 491 seruu
273 439 396 505 trabum
404 441 536 509 emunita
548 445 752 500 renuntiaverat
765 448 795 500 in
806 448 866 502 suis
878 465 940 504 ma·
955 454 983 518 Α
996 449 1123 518 lenimus,
1147 460 1175 507 et
1186 451 1323 510 honorem
1336 462 1417 511 tuum
1431 464 1488 512 mm
1510 458 1539 514 in
1551 461 1681 530 prasenti
1695 464 1795 522 waldo

182 509 271 577 nibtu,
296 510 337 564 sic
351 509 381 563 ln·
398 513 447 580 qui
458 512 500 566 uel
522 517 614 568 contm
631 520 940 583 excommunicationem,

181 579 222 634 uel
238 581 327 650 pretio
355 581 477 651 beneficia
503 583 676 641 obtinuerant
699 589 729 642 in
752 591 876 646 manibus
898 594 943 647 sui

182 651 382 723 archiepiscopi
393 656 557 709 renuntient.

180 762 780 839 (insecutusepiscopus‚servusservorum
787 772 850 840 Dei,
861 789 942 830 cane

147 855 209 913 nisis
222 856 417 930 Lugdunensis
437 860 566 918 Ecclesia
585 863 703 920 salutem
717 872 745 921 et
763 867 942 938 apostolicam

147 949 392 1007 benedictionem?

175 1042 302 1116 Quidam
316 1051 450 1118 vesuum,
464 1045 500 1103 ad
519 1063 572 1105 nos
588 1065 653 1107 cum
667 1050 871 1127 archiepiscopo
892 1073 941 1114 suo

144 1138 294 1207 venientes,
319 1147 468 1213 postquam
483 1139 518 1198 de
539 1143 667 1201 Ecclesia
693 1154 791 1204 vcstrae
815 1157 890 1205 statu
915 1160 943 1207 et

144 1232 261 1290 utilitate
287 1247 339 1289 nos
364 1236 644 1304 consuluerunt,sine
667 1240 816 1311 apostolica
832 1242 942 1300 benedi·

143 1325 232 1383 ctione
239 1335 425 1383 recessuum.
435 1327 516 1397 Quod
523 1328 637 1402 quidem
648 1331 713 1389 licet
723 1334 823 1391 merito
831 1335 943 1409 indigne

143 1419 298 1491 tulerimus,
313 1426 409 1477 tamen
428 1423 577 1495 apostolica
591 1427 804 1485 mansuetudine
817 1428 942 1488 dissimu-

143 1512 244 1582 lamus,
267 1522 299 1570 et
321 1514 390 1571 dum
414 1516 541 1587 cupimus
562 1518 644 1575 saluti
668 1527 766 1578 vestras
788 1523 942 1592 consulere,
1018 1573 1024 1584 .

144 1606 254 1664 illorum
270 1623 401 1664 excessus
418 1609 575 1666 omittimus
596 1613 713 1686 insequi.
742 1617 783 1670 De
797 1615 854 1672 filio
877 1633 943 1674 vero

144 1709 239 1758 nomo
263 1709 418 1775 vestraque
441 1700 545 1760 decano
567 1705 695 1763 Ecclesiae
718 1710 795 1764 B.....
818 1710 942 1768 notilica·

143 1801 200 1851 nus
208 1793 357 1852 dilectioni
372 1804 471 1853 vestrae
481 1797 555 1869 quod
569 1797 695 1869 prudenti
711 1816 742 1857 aa
754 1803 857 1859 salubri
871 1820 941 1860 con·
956 1817 981 1882 Β

142 1888 198 1944 tilio
223 1887 324 1946 duetus
338 1887 512 1947 obedientias
527 1891 662 1963 ecelesia,
684 1904 840 1969 caeteraque
854 1897 938 1955 bene·

142 1980 210 2051 lua,
231 1997 297 2054 quae
311 1982 371 2038 sine
391 1986 537 2040 communi
557 2000 693 2043 consensu
712 1987 831 2047 fratrum
850 1993 942 2064 acqui·

141 2075 234 2143 mrat,
260 2074 291 2131 in
304 2091 405 2132 manns
418 2084 530 2133 nostras
556 2088 653 2151 sponte
671 2083 838 2139 renuntiavit
861 2093 889 2140 et
911 2101 941 2142 se

141 2167 254 2226 literius
265 2184 324 2225 non
335 2169 562 2227 intromissurum
576 2174 713 2244 promisit.
735 2174 780 2232 sd
795 2176 872 2248 cujus
885 2176 941 2234 ior-

141 2276 214 2319 mam
224 2270 288 2319 tam
298 2260 398 2334 hisqni
410 2262 506 2320 lurum
515 2279 545 2320 se
555 2264 747 2323 subduxerunt
761 2272 940 2341 quametiam
1014 2321 1020 2333 .

140 2353 297 2423 tbbatibus,
310 2354 351 2411 vel
374 2355 560 2429 cujuscunque
578 2357 711 2416 clericalis
733 2359 840 2418 ordinis
854 2363 941 2420 omni·

140 2446 188 2506 bns
212 2448 348 2506 Ecclesia
383 2459 490 2516 vestrm
519 2452 673 2525 quicunque
695 2452 874 2525 obedientias,
899 2457 939 2514 vel

141 2541 270 2599 loclesiae
289 2541 513 2615 dispensationes
527 2546 608 2617 pretii
628 2547 768 2619 pactione,
784 2549 825 2606 vel
844 2559 940 2607 contra
996 2599 1002 2612 .

141 2635 457 2693 excommunicationem
480 2637 627 2695 landerici
648 2641 858 2699 Matisconensis
881 2644 940 2716 epi·

140 2727 222 2802 napi,
243 2745 331 2803 quam
353 2730 381 2786 in
404 2730 523 2803 capitulo
542 2740 632 2790 vestm
654 2731 728 2804 lecit,
753 2734 844 2807 adepti
864 2746 939 2809 sunt,

141 2821 287 2894 apostolica
303 2823 468 2880 auctoritate
482 2825 668 2899 praeeipimus,
684 2835 715 2882 ut
729 2827 757 2882 in
770 2844 870 2885 manns
883 2828 939 2885 lra-

140 2914 185 2972 trls
196 2915 289 2973 nomi
307 2915 427 2973 Gebuini
441 2917 640 2992 archiepiscopi
654 2922 736 2977 vestri
750 2919 869 2978 refutare
882 2921 940 2980 sine

140 3006 269 3066 diutione
288 3018 447 3082 procurent.
462 3011 598 3068 Volumus
611 3013 749 3086 siquidem
769 3023 799 3072 nt
812 3016 941 3073 nobilita-

140 3110 204 3171 tem,
230 3118 287 3176 qua
313 3103 386 3159 inter
399 3119 498 3161 omnes
519 3106 672 3164 Gallicanas
693 3109 828 3166 Ecclesiae
843 3120 939 3168 vestra

996 543 1132 616 adaugere
1150 560 1232 617 quam
1252 545 1281 602 in
1295 544 1389 604 futuro
1403 563 1513 607 servare
1533 552 1687 611 studuimus
1703 554 1795 614 hacte-
1843 627 1844 633 ἵ

995 652 1057 692 nris.
1074 639 1302 695 Existimavimus
1316 640 1388 698 enim
1398 650 1437 710 te,
1456 651 1487 698 ut
1500 644 1621 703 nobilem
1636 646 1746 705 deceret
1760 651 1794 706 ll·

996 729 1078 799 lium,
1094 729 1176 786 fldem
1187 731 1266 787 beato
1281 733 1362 790 Petro
1378 743 1561 806 servaturum,
1576 747 1605 795 et
1615 739 1698 798 decus
1710 743 1795 815 ipsius

996 825 1024 879 in
1036 824 1140 879 ermetis
1152 839 1201 896 pro
1215 825 1316 881 viribus
1329 827 1383 882 tuis
1393 828 1587 888 adaucturum.
1600 836 1703 891 Verum
1714 836 1794 910 longe

996 933 1048 973 nos
1059 916 1158 974 leiellit
1171 918 1278 991 opinio,
1289 921 1372 992 etqui
1385 920 1417 978 de
1426 931 1453 978 te
1466 923 1533 979 nihil
1543 925 1599 981 tale
1612 928 1720 998 pridem
1731 932 1793 1001 qui·

996 1011 1085 1067 vimus
1099 1011 1219 1078 credere,
1234 1027 1308 1068 nune
1321 1013 1491 1072 advertimus
1504 1016 1538 1073 de
1552 1018 1603 1074 hae
1618 1021 1730 1091 perlldia
1745 1032 1797 1094 tus,

997 1105 1100 1161 multos
1124 1121 1179 1161 nnn
1197 1103 1280 1162 fuisse
1295 1107 1435 1164 mentitos.
1454 1112 1523 1167 Eece
1537 1112 1613 1167 enim
1626 1113 1732 1172 dudum
1744 1132 1794 1174 no·

996 1213 1106 1255 vercam
1118 1207 1195 1255 tuam
1212 1207 1239 1255 et
1253 1198 1398 1257 dominam
1411 1211 1507 1260 contra
1524 1203 1611 1276 juset
1631 1203 1672 1262 ias
1692 1207 1727 1264 de
1747 1224 1792 1265 ec·

996 1291 1078 1348 elesia
1104 1292 1212 1349 trahere
1239 1293 1356 1351 invitam
1390 1305 1417 1351 et
1447 1297 1652 1368 reclamantem,
1677 1315 1793 1373 eamque

996 1384 1100 1442 nubere
1113 1387 1253 1443 nolentem
1268 1389 1373 1459 nuptiis
1385 1388 1493 1447 tradere
1507 1390 1708 1449 violentissime
1723 1409 1793 1465 prae·

996 1479 1145 1552 sumpsisti.
1170 1480 1338 1553 Episcopum
1362 1483 1397 1539 ad
1416 1485 1606 1555 apostolorum
1621 1486 1719 1543 limina
1743 1504 1793 1544 ve·

996 1581 1117 1629 mentem
1139 1588 1227 1645 nuper
1239 1590 1324 1631 ausus
1338 1590 1368 1632 es
1381 1576 1523 1648 impedire,
1537 1588 1565 1635 et
1576 1579 1653 1650 quod
1676 1578 1792 1649 larebat,

996 1681 1075 1723 more
1106 1665 1280 1739 predonum,
1307 1666 1424 1725 auferre.
1458 1671 1615 1727 Novissime
1646 1673 1792 1731 ecclesiam

995 1760 1074 1817 Beati
1095 1759 1234 1816 Benedicti
1249 1761 1378 1833 sacrilego
1400 1778 1470 1819 ausu
1495 1765 1608 1832 intrare,
1629 1763 1792 1837 depredari,

994 1862 1022 1909 et
1042 1852 1143 1909 violare
1165 1869 1222 1910 non
1246 1855 1376 1921 timuisti,
1398 1864 1426 1910 et
1444 1856 1491 1928 qni
1505 1856 1579 1912 bona
1603 1858 1791 1929 ecelesiarum,

995 1947 1128 2019 quoniam
1142 1945 1198 2003 lere
1215 1956 1315 2005 cuneta
1329 1963 1392 2019 quae
1414 1957 1488 2004 tenes
1501 1965 1596 2006 earum
1608 1960 1682 2020 sunt,
1694 1950 1791 2008 delen·
1882 2010 1889 2021 ,

994 2039 1059 2096 dere
1080 2039 1223 2108 debueras,
1243 2048 1273 2097 tu
1296 2042 1437 2112 potissime
1457 2051 1607 2100 temerator
1622 2045 1745 2115 ipsarum
1764 2053 1793 2101 et

993 2132 1140 2191 dilaniatur
1152 2134 1253 2190 existis.
1273 2135 1458 2207 Quapropter,
1479 2151 1512 2191 ex
1533 2146 1610 2208 parte
1626 2137 1699 2192 beati
1719 2139 1792 2195 Petri

994 2243 1141 2284 monemus
1152 2235 1189 2293 tc,
1203 2235 1234 2283 nt
1245 2229 1269 2283 si
1282 2228 1367 2300 ipsius
1377 2227 1461 2298 iram,
1473 2236 1501 2284 et
1514 2228 1586 2285 beati
1598 2229 1739 2287 Benedicti
1752 2231 1792 2286 in·

993 2320 1182 2394 dignationem
1199 2336 1256 2376 non
1268 2320 1309 2376 vis
1328 2321 1478 2390 incurrere,
1502 2320 1642 2393 superbis
1663 2323 1793 2380 omnibus

993 2413 1073 2470 nobis
1093 2414 1230 2487 justitiam
1254 2413 1347 2470 iacias.
1373 2413 1454 2487 Quod
1478 2415 1501 2470 si
1526 2417 1733 2487 contempseris,
1757 2414 1791 2472 ad

994 2507 1147 2563 Dominum
1161 2508 1380 2578 omnipotentem
1392 2522 1443 2563 nos
1457 2508 1681 2577 reclamabimus
1695 2508 1730 2567 de
1743 2525 1792 2566 cu·

991 2614 1038 2672 pus
1057 2599 1242 2657 misericordia
1262 2599 1427 2657 confidimus
1448 2600 1523 2672 quod
1535 2599 1612 2657 dabit
1629 2602 1707 2659 nobis
1727 2617 1793 2658 con·

994 2692 1087 2749 silium
1099 2692 1166 2764 quid
1180 2693 1207 2748 in
1221 2699 1330 2748 tanum
1348 2694 1531 2766 arrogantiam
1542 2702 1570 2750 et
1581 2694 1791 2752 immoderatam

994 2785 1150 2857 superbiam
1169 2793 1246 2841 tuam
1265 2784 1353 2841 lacere
1365 2784 1524 2844 debeamus.

1030 2883 1139 2946 Roma,
1160 2877 1306 2935 undecimo
1325 2877 1464 2935 Kalendas
1485 2879 1561 2952 Maii,
1583 2879 1736 2938 indictione
1749 2897 1792 2938 se·

995 2971 1098 3030 cunda.

1214 3088 1391 3145 EPISTOLA
1409 3089 1570 3145 xxxvllt.

141 3193 283 3270 bucusque
303 3196 472 3268 resplenduit
492 3199 523 3255 in
544 3199 683 3274 religionis
705 3203 839 3275 exemplo,
866 3191 979 3262 nuncC
1046 3220 1089 3262 an
1108 3218 1274 3263 nsuntcnu
1294 3217 1478 3262 sersaonnvr
1497 3219 1736 3273 aontmlnnsnu.

140 3304 251 3362 quoque
272 3290 419 3361 vigilanter
441 3290 588 3363 custodiat,
615 3302 644 3350 et
666 3303 698 3350 ut
719 3295 835 3367 gloriam
857 3314 940 3370 quam

140 3381 276 3441 hactenus
288 3384 462 3455 praecaeteris
480 3385 533 3441 illis
548 3385 643 3443 habuit
662 3387 691 3442 in
705 3387 849 3461 dignitate,
867 3406 941 3448 nune

139 3491 237 3549 angere
259 3476 373 3549 incipiat
386 3477 415 3533 in
434 3476 523 3534 ferma
546 3479 694 3553 religionis.
719 3483 834 3538 Noverit
847 3492 940 3541 autem

137 3565 249 3626 dieefio
263 3577 353 3626 vestra
365 3571 510 3642 qnoniam,
523 3571 548 3627 si
561 3573 663 3630 nostris
684 3575 839 3631 salubribus
855 3575 942 3648 Jnssis

139 3661 362 3735 obtemperantes
396 3662 530 3721 hamanus
557 3666 631 3722 male
659 3666 751 3723 habita
783 3670 941 3727 cemueritis

135 3756 208 3829 juste
230 3754 386 3827 amitere,
406 3757 444 3813 ita
461 3757 539 3814 vobis
553 3759 757 3829 providebimus
777 3761 805 3818 in
824 3771 943 3837 utroque

139 3849 423 3921 utettemporalibus
443 3850 601 3908 commodis
618 3869 676 3910 non
696 3854 894 3926 destituamini,
915 3867 943 3915 et

141 3942 242 4000 ureris
257 3941 367 3999 veniam
382 3942 418 3999 de
438 3942 532 4000 divina
545 3946 738 4003 misericordia
752 3952 883 4023 consequi
896 3968 941 4007 va·

141 4033 226 4093 lutis.
242 4035 357 4106 Quodsi
373 4036 435 4109 quis
448 4045 543 4093 eontra
561 4038 679 4096 salutem
692 4041 833 4113 propriam
847 4045 941 4101 animo

143 4126 279 4197 mdurnto,
301 4137 451 4201 postquam
474 4129 509 4187 ad
535 4131 662 4189 notitiam
690 4133 749 4206 cius
770 4134 829 4193 haec
848 4146 940 4194 nostra

143 4230 274 4295 precepta
290 4222 475 4295 pervenerint,
499 4224 571 4280 ultra
593 4225 688 4298 viginti
711 4226 769 4284 dies
788 4229 829 4284 eis
843 4229 941 4287 inobe-

1290 3318 1387 3385 (Anuo
1404 3319 1502 3384 107⁹.)

998 3429 1081 3484 Usum
1101 3428 1193 3497 pallii,
1211 3431 1315 3497 prater
1329 3427 1399 3482 alias
1420 3429 1602 3483 solemnitates
1625 3431 1655 3482 in
1676 3428 1791 3498 priuile-

1030 3501 1074 3568 qie
1094 3504 1239 3562 enittentas,
1259 3500 1289 3552 in
1311 3498 1416 3553 duabus
1430 3499 1491 3553 aliis
1509 3500 1716 3566 festivitatibus,
1738 3501 1795 3569 ipsi

1030 3572 1146 3651 tanturn,
1170 3585 1223 3624 non
1246 3568 1448 3633 successoribus,
1472 3569 1591 3625 concedit
1613 3585 1665 3641 pro
1686 3571 1791 3625 meritis

1030 3656 1098 3710 epus

1032 3756 1206 3812 Gnnoontus
1218 3755 1374 3828 episeopus,
1383 3770 1478 3812 servus
1488 3769 1630 3811 servorum
1640 3754 1699 3811 Dei.
1712 3755 1790 3811 ilsu-

996 3863 1061 3906 n1ao
1084 3848 1249 3905 charissimo
1278 3849 1306 3905 in
1332 3847 1441 3906 Christo
1466 3845 1546 3904 fratri
1573 3854 1602 3904 et
1627 3848 1790 3921 coepiscopo

996 3941 1167 4016 Aquileiensi
1181 3941 1299 3999 salntem
1313 3951 1340 3998 et
1360 3940 1539 4015 apostolicam
1556 3939 1788 3998 benedictionem.

1028 4038 1096 4092 Tuae
1114 4034 1225 4092 dilectio
1242 4033 1425 4093 iratemitatis
1439 4050 1487 4109 per
1505 4035 1628 4108 legatum
1642 4050 1724 4092 suum
1738 4034 1790 4091 bu·

993 4129 1096 4185 militer
1117 4129 1241 4185 exaravit
1255 4137 1389 4202 quatenus
1403 4128 1465 4198 sibi,
1486 4138 1586 4202 praeter
1603 4144 1650 4186 eas
1669 4128 1790 4185 solenni·

993 4229 1066 4278 tates
1078 4237 1140 4293 quae
1153 4221 1183 4277 in
1197 4221 1336 4295 privilegio
1348 4222 1477 4278 Ecclesia
1491 4231 1588 4278 vestras
1601 4221 1789 4289 continentur,

146 4310 215 4373 bens
226 4313 322 4385 fuerit,
337 4315 377 4371 illi
390 4316 520 4374 omnium
532 4317 712 4376 ecelesiarum
733 4320 899 4394 ingressum,
913 4331 941 4379 et
996 4315 1024 4370 in
1033 4315 1106 4370 beati
1118 4314 1242 4372 Udalrici
1258 4313 1426 4370 confessoris
1434 4314 1535 4372 Christi
1545 4322 1626 4386 atque
1638 4313 1790 4385 pontilicis,

149 4408 264 4481 torporis
275 4409 453 4482 etsanguinis
467 4411 579 4466 Domini
589 4417 827 4482 communionem,
840 4430 940 4486 quoue
995 4405 1084 4463 sedet
1101 4407 1131 4463 in
1148 4407 1236 4463 beatae
1257 4405 1334 4464 Alrae
1348 4407 1479 4481 martyris
1493 4404 1685 4462 festivitatibus
1707 4422 1791 4462 nsum

151 4511 193 4568 que
214 4501 369 4574 resipiscat,
384 4504 534 4574 apostoliea
549 4504 744 4564 interdicimus
764 4507 938 4565 auctoritate,
994 4500 1067 4572 pallii
1083 4499 1308 4570 concederemus;
1322 4500 1401 4573 eujus
1416 4498 1593 4556 ecelesiastici
1612 4498 1726 4555 honoris
1741 4513 1791 4554 ex-

180 4595 246 4651 Data
259 4597 372 4664 ltomae,
381 4593 547 4654 duodecimo
559 4597 700 4656 Kalendas
709 4600 782 4665 Maii,
794 4599 941 4658 indictione
955 4572 979 4634 ⁰
993 4593 1129 4661 ocilenda,
1152 4592 1222 4650 sieut
1236 4593 1327 4665 pravis
1348 4601 1376 4650 et
1389 4590 1611 4650 inobedientibus
1620 4592 1694 4664 juste
1708 4590 1791 4649 dene·

154 4687 268 4747 nunde
695 4700 698 4708 ·
993 4694 1085 4760 gatus,
1104 4687 1142 4741 ita
1156 4685 1235 4742 bonis
1253 4693 1282 4741 et
1294 4701 1405 4742 morum
1425 4686 1567 4744 honestate
1580 4684 1703 4757 praeditis
1726 4700 1791 4758 apo·

373 4801 548 4858 gppspogp
560 4802 708 4858 χχχιιι,
993 4779 1088 4835 stolica
1100 4776 1288 4835 moderatione
1296 4794 1347 4850 pro
1356 4779 1462 4836 meritis
1471 4778 1637 4852 quandoque
1644 4794 1792 4851 superero-

993 4872 1085 4944 ganda
1105 4870 1165 4928 iore
1184 4870 1298 4928 videtin.
1314 4871 1432 4929 Proinde
1456 4873 1519 4945 quia
1540 4881 1569 4931 te
1583 4875 1700 4930 sincerae
1721 4871 1791 4929 dile-

227 4924 273 4966 ω
293 4922 661 5087 Μωῧῃὶΐῖἰΐῖ
681 4927 857 4971 mmm
992 4965 1091 5022 etiams
1107 4981 1170 5038 erga
1184 4981 1236 5022 nos
1261 4965 1394 5022 allectum
1410 4964 1511 5022 habere
1532 4966 1709 5037 confidimus,
1724 4966 1790 5040 quia

992 5057 1098 5131 legatos
1113 5066 1234 5126 nostros,
1248 5058 1436 5115 albanensem
1451 5058 1578 5116 videlicet
1590 5061 1749 5132 episcopum
1763 5066 1792 5114 et

157 5113 241 5189 iuuit
265 5123 340 5194 quod
356 5124 431 5179 beato
448 5128 525 5181 Petro
543 5126 624 5196 fidem
643 5142 697 5182 non
718 5132 874 5197 sanaverit,
889 5146 939 5185 no-

610 5201 615 5211 .
695 5201 701 5211 .
993 5151 1178 5219 Paduensem,
1201 5150 1320 5225 benigne
1346 5159 1494 5222 uacasse,
1519 5161 1547 5208 et
1567 5151 1692 5218 fideliter,
1716 5153 1790 5208 sicut

179 5205 278 5250 terum
302 5210 380 5250 suam
404 5196 503 5250 nubere
514 5203 635 5266 coepmt,
656 5214 807 5270 epesoopunv
818 5201 863 5268 ,ad
876 5217 939 5271 apo·
1094 5245 1100 5256 .
1181 5245 1186 5258 .
1226 5245 1233 5257 .
1317 5246 1323 5258 .
1444 5245 1450 5257 .
1684 5246 1691 5259 .

181 5333 270 5392 &noti
282 5338 423 5393 Meduli
435 5337 607 5408 depredatus
621 5344 667 5397 sit.
683 5344 772 5398 Monet
785 5348 816 5398 ut
830 5344 873 5398 liis
893 5344 939 5399 de·
992 5337 1184 5411 componenda
1206 5355 1273 5410 pace
1288 5339 1407 5396 multum
1429 5337 1581 5396 desudasse
1597 5338 1731 5411 probaris,
1747 5353 1789 5410 pe

181 5403 246 5463 Μὴ
258 5410 424 5476 msam·
991 5433 1119 5488 titionem
1134 5440 1212 5488 tuam
1227 5432 1342 5489 libenter
1360 5433 1525 5505 accepimus.
1542 5433 1632 5504 Hujus
1643 5432 1725 5504 igitur
1739 5429 1790 5487 tibi

183 5517 355 5578 insecutus
364 5519 519 5594 episcopus,
530 5537 622 5578 servus
634 5538 776 5580 servorum
791 5526 852 5592 Dei,
871 5526 939 5582 lon·
993 5525 1121 5597 praecepti
1135 5527 1297 5582 auctoritate
1308 5526 1487 5584 concedimus
1498 5536 1529 5582 ut
1543 5526 1573 5582 in
1584 5525 1702 5582 solemni
1716 5524 1789 5581 beati

158 5612 221 5670 ltro
236 5616 317 5681 (898)
332 5612 463 5687 Capuano
476 5615 604 5687 principi.
991 5618 1115 5675 Udalrici
1127 5619 1292 5676 confessoris
1306 5628 1389 5692 atque
1403 5619 1545 5692 pontilicis,
1563 5627 1591 5676 et
1603 5619 1692 5675 beatae
1713 5615 1789 5672 Afra

182 5704 548 5776 Sicutnonnnllinoverunt,
561 5709 740 5768 ollmtenosa
751 5710 937 5771 dmodumdi·
993 5712 1122 5783 martyris
1149 5712 1296 5770 missarum
1317 5713 1473 5770 celebritate
1494 5711 1577 5784 pallio
1596 5709 1691 5768 utendi
1703 5709 1787 5764 licen·
1830 5718 1838 5733 '

181 5861 259 5927 (tte)
281 5856 544 5955 subsumantur
564 5863 622 5920 leo
639 5862 782 5935 Ostiensis,
800 5864 870 5922 libso
889 5881 936 5934 ιιι,
951 5867 1042 5940 sapite
1055 5872 1105 5935 lb,
1119 5876 1148 5925 et
1160 5868 1236 5925 alibi.
