3870 6164
148 268 218 325 teta
602 270 748 329 naphta.
766 273 811 329 ΙΙΙ.
829 299 866 314 -
883 272 1095 348 bonumeam
1113 273 1343 333 sustentant.
1538 332 1541 336 Α
1729 283 1797 341 1430

146 391 272 450 videlicet
284 392 427 449 castellum
448 393 563 451 nomine
576 396 727 468 Argentum
744 400 853 468 (1152),
874 398 949 471 qnod
962 405 990 470 Α
1003 399 1056 457 Sed
1075 401 1392 473 constantinopolitanus
1403 417 1452 461 rex
1473 402 1539 460 hiric
1551 403 1724 477 dispositioni
1740 409 1794 466 im·

144 486 221 544 Pado
241 485 377 555 imminet,
405 494 434 543 et
453 503 551 545 omnes
574 504 622 562 per
643 490 750 548 Padum
772 500 945 551 transeuntes
999 493 1156 566 pedimento
1169 494 1229 564 luit,
1251 496 1342 568 quise
1360 496 1531 555 omnimodis
1545 507 1731 558 anostrorum
1745 502 1794 561 ad-

146 579 309 653 distringere
333 588 430 652 potest.
451 581 611 640 Gerbardus
625 582 659 620 777
677 586 835 643 venerabilis
860 587 945 644 abbas
994 588 1098 660 jutorio
1119 590 1266 646 subtraxit.
1279 592 1352 648 Nam
1364 592 1489 648 civitates
1503 591 1563 649 illas
1575 609 1643 666 quas
1658 596 1746 652 nostri
1761 595 1797 654 dc

145 674 344 748 Scaphusensis
367 675 404 722 ⁶⁶⁴
420 692 469 750 pro
492 675 645 735 humilitate
660 679 751 738 locum
783 697 879 750 suum,
898 699 944 740 an·
997 683 1125 740 manibus
1145 699 1315 756 paganorum
1330 684 1499 757 eripuerunt,
1515 686 1559 742 ille
1573 687 1681 758 penitus
1704 689 1797 747 incen·
1842 762 1845 767 p

146 769 363 833 nuentedornno
382 786 464 844 papa,
479 771 593 842 dimisit,
610 780 637 827 et
649 772 685 829 ab
704 774 765 846 ipso
786 777 941 833 concessio·
997 775 1043 833 dio
1067 775 1205 834 devastare
1228 778 1269 835 vel
1281 778 1395 851 paganis
1417 779 1531 836 reddere
1553 795 1610 837 non
1631 780 1728 840 timuit
1745 781 1794 850 ⁸⁷⁰,

144 879 222 935 nem,
234 872 265 922 ut
278 864 348 922 alius
358 864 461 923 eisdem
476 865 538 923 loco
547 865 631 924 abbas
642 867 841 940 praeficeretur,
857 870 942 945 impe
997 868 1101 944 iterque
1114 871 1366 929 ierosolimitanam
1381 888 1519 944 persuam
1529 882 1693 945 potestatem
1705 875 1794 933 omni·
1814 914 1819 921 -

145 957 236 1017 travit.
257 957 313 1017 Sed
335 974 434 1031 magna
459 959 599 1016 calamitas
620 959 697 1018 ilium
720 962 813 1020 locum
835 973 943 1035 pastore
996 963 1048 1022 bus
1075 965 1224 1038 peregrinis
1238 967 1356 1022 omnino
1370 965 1404 1018 ⁶⁷¹
1427 967 1575 1040 prohibuit.
1592 969 1737 1025 Hocanno
1751 968 1792 1026 la-

144 1051 412 1130 destitutnm'statim
426 1052 572 1110 subsecuta
586 1062 638 1123 est,
664 1055 703 1112 ita
722 1065 753 1112 ut
766 1071 799 1113 ex
813 1056 943 1116 fratribus
996 1066 1072 1115 ctum
1090 1067 1131 1115 est
1147 1059 1274 1116 mirabile
1296 1059 1407 1132 signum
1427 1061 1456 1117 in
1470 1061 1529 1119 celo
1543 1066 1559 1117 ⁵
1573 1061 1638 1119 Kal.
1654 1062 1790 1132 Octobris,

146 1146 226 1204 multi
244 1147 321 1205 illum
335 1146 503 1217 desererent,
518 1156 547 1205 et
559 1150 704 1208 saculares
717 1150 789 1207 bona
802 1151 854 1208 loci
868 1153 942 1211 illius
996 1162 1028 1209 ut
1041 1160 1098 1209 tota
1118 1168 1187 1225 pene
1207 1154 1251 1210 illa
1265 1161 1347 1209 nocta
1361 1170 1459 1228 magna
1483 1171 1545 1228 pars
1566 1155 1617 1212 celi
1640 1157 1790 1229 sanguinea
1851 1140 1855 1151 ’

143 1239 196 1296 sibi
217 1241 347 1314 sacrilege
373 1239 558 1299 vendicarent.
581 1242 664 1301 Unde
687 1252 716 1301 et
737 1245 821 1302 abbas
842 1246 942 1304 ibidem
996 1255 1153 1319 appareret,
1180 1263 1231 1304 nec
1244 1248 1330 1304 rubor
1349 1248 1396 1304 illa
1411 1248 1439 1304 in
1453 1264 1508 1304 uno
1524 1256 1633 1306 tantum
1647 1250 1708 1306 loeo
1730 1266 1791 1323 per·

143 1333 266 1391 ordinari
277 1334 324 1392 diu
337 1350 395 1392 non
408 1335 505 1408 potuit,
530 1342 612 1408 Jrrxta
626 1338 701 1412 quod
728 1338 847 1398 domnus
873 1357 942 1415 papa
996 1341 1108 1409 mansit,
1121 1348 1162 1396 set
1176 1356 1273 1397 omnes
1286 1349 1375 1412 partes
1389 1341 1440 1398 celi
1455 1350 1557 1414 praeter
1570 1341 1717 1399 meridiem
1729 1358 1791 1415 per-

143 1425 201 1484 deri
223 1427 365 1500 disposuit.
387 1428 544 1487 advocatus
567 1430 650 1488 etiam
673 1432 757 1506 ipsius
779 1433 832 1492 loci
847 1449 942 1492 comcs
996 1434 1110 1506 negavit,
1131 1433 1265 1506 multique
1276 1435 1353 1507 quasi
1365 1435 1432 1493 solis
1444 1435 1516 1494 radii
1530 1434 1566 1493 de
1579 1433 1678 1496 codem
1692 1436 1793 1495 rubore

143 1519 308 1579 adelbertus
328 1523 512 1581 munitionem
536 1525 675 1597 quandam
699 1527 737 1584 ibi
752 1542 837 1601 prope
850 1528 942 1585 lirina·
997 1527 1158 1585 videbantur
1177 1526 1334 1601 procedere.

143 1615 191 1685 vit,
214 1616 326 1674 etbona
339 1617 455 1675 abbatiae
472 1618 526 1676 sibi
549 1620 676 1694 sacrdege
692 1621 856 1679 vendicavit.
872 1623 941 1693 Qua·
1313 1672 1438 1727 MXOEX

141 1718 254 1782 propter
266 1711 395 1768 monachi
420 1727 486 1769 cum
502 1712 631 1770 crucibus
648 1724 676 1771 et
689 1715 812 1788 reliquiis
823 1726 851 1773 et
872 1718 940 1774 leta·
1441 1711 1448 1728 ⁸

141 1803 197 1861 niis
215 1805 372 1877 suppliciter
394 1805 430 1864 ad
448 1805 566 1864 eandem
590 1809 774 1866 munitionem
798 1789 976 1883 processe·B
1027 1811 1155 1866 Domnus
1167 1825 1235 1883 papa
1244 1810 1415 1868 nativitatem
1426 1811 1645 1870 DominiRomae
1655 1829 1719 1869 cum
1729 1830 1790 1873 rna-

142 1906 221 1969 runt3
236 1907 280 1954 set
297 1914 313 1954 a
327 1898 463 1957 militibus
478 1902 587 1959 comitis
601 1903 703 1975 partim
728 1903 820 1972 occisi,
836 1905 938 1976 partim
993 1918 1046 1975 gna
1058 1919 1122 1974 pace
1134 1902 1295 1975 celebravit,
1310 1920 1377 1962 nam
1391 1913 1419 1963 et
1431 1906 1576 1963 castellnm
1589 1908 1680 1964 Sancti
1694 1909 1790 1981 Angeli

141 1990 284 2061 vulnerati,
300 2000 344 2050 set
359 2009 457 2050 omnes
477 1996 552 2053 male
571 1998 690 2066 tractati,
713 1997 828 2055 domum
849 1999 937 2056 redire
993 2012 1057 2054 cum
1071 1996 1131 2053 aliis
1144 1997 1345 2056 munitionibus
1365 2000 1396 2055 in
1420 2015 1470 2056 sua
1498 2008 1631 2072 potestate
1665 2000 1790 2071 detinuit,

143 2084 184 2140 vel
210 2085 342 2158 reportari
363 2087 497 2158 compulsi
531 2099 610 2159 sunt,·
641 2091 742 2163 quippe
764 2092 890 2148 crucibus
910 2102 938 2155 et
993 2106 1142 2162 omnesque
1156 2092 1262 2149 emulos
1275 2108 1341 2150 suos
1361 2092 1510 2150 incivitate
1525 2109 1589 2151 cum
1602 2093 1656 2152 Dei
1679 2093 1788 2168 adjuto·

141 2177 261 2251 reliquiis
274 2178 457 2252 particulatim
470 2179 600 2254 disruptis
613 2191 640 2239 et
652 2199 700 2254 per
722 2200 854 2256 campum
866 2184 934 2241 beu!
991 2184 1034 2239 rio
1055 2184 1120 2241 satis
1134 2185 1248 2243 viriliter
1259 2194 1307 2242 aut
1321 2186 1436 2257 placavit
1455 2188 1547 2244 autri
1566 2186 1724 2258 perdomuit
1737 2187 1787 2258 ⁸³¹,

143 2272 334 2330 miserabiliter
355 2273 501 2345 dissipatis.
518 2275 592 2331 Hinc
605 2275 651 2330 ille
671 2291 765 2332 comes
784 2286 843 2333 tam
855 2277 936 2334 cleri-
991 2276 1121 2334 sinodum
1135 2293 1243 2350 quoque
1257 2294 1338 2336 suam
1352 2280 1380 2335 in
1394 2281 1476 2336 tercia
1491 2280 1644 2352 epdomada
1666 2280 1711 2351 777,
1735 2284 1791 2339 llo·

142 2363 183 2421 cis
203 2380 285 2438 quam
303 2365 380 2423 laicis
392 2367 511 2424 multum
535 2375 596 2425 erat
618 2366 821 2426 abominabilis.
837 2371 883 2427 Set
909 2377 936 2426 et
992 2385 1044 2427 mae
1067 2369 1261 2427 celebrandam
1276 2381 1338 2443 post
1352 2372 1462 2444 pascha,
1482 2373 1572 2430 missis
1585 2374 1671 2432 literis
1685 2390 1789 2447 usque-

141 2458 194 2530 ipsi
211 2458 335 2516 monachi
353 2459 457 2532 judicio
471 2462 522 2517 Dei
544 2459 596 2517 hoc
611 2463 795 2532 promeruisse
810 2478 825 2518 a
840 2478 936 2534 quam·
990 2479 1100 2534 quaque
1132 2462 1318 2520 denunciavit.
1338 2467 1447 2537 Rapoto
1475 2466 1617 2524 Palatinus
1637 2483 1731 2524 comes
1754 2468 1790 2525 de

140 2552 266 2624 plurimis
288 2553 489 2626 judicabantur,
504 2570 537 2612 eo
551 2553 625 2627 quod
643 2554 771 2611 abbatem
784 2571 867 2612 suurn
880 2572 936 2613 non
991 2556 1125 2628 bajoaria,
1137 2557 1373 2626 pertinacissimus
1387 2556 1480 2614 fautor
1490 2559 1577 2616 immo
1588 2561 1787 2632 caputieorum
1814 2578 1825 2607 s

140 2645 211 2704 bene
235 2649 421 2719 tractaverint,
434 2664 553 2721 eumque
566 2664 581 2705 a
596 2664 626 2706 se
648 2649 752 2722 absque
770 2651 935 2722 competenti
990 2648 1036 2720 qni
1050 2648 1206 2718 apostolica
1219 2649 1276 2704 sedi
1288 2658 1316 2704 et
1329 2648 1471 2706 catholicae
1482 2652 1581 2707 unitati
1597 2651 1729 2710 hactenus
1738 2654 1786 2712 ad·

137 2741 243 2798 ratione
263 2758 319 2798 non
338 2751 397 2800 tam
418 2742 577 2801 dimiserint
591 2758 676 2814 quam
690 2743 853 2815 expulerint.
877 2744 935 2800 Ma·
991 2742 1090 2797 versati
1113 2751 1190 2809 snut,
1205 2741 1563 2800 diemclausitextremurn.
1582 2746 1653 2801 item
1667 2746 1788 2804 chonra-

141 2835 275 2908 negoldns
307 2835 340 2870 777
367 2837 529 2895 venerabilis
554 2837 718 2910 praepositus
739 2837 935 2895 canonicorum
988 2835 1040 2893 drrs
1069 2835 1251 2909 Trajectensis
1283 2851 1341 2892 non
1372 2834 1516 2907 episcopus
1539 2836 1587 2894 sed
1615 2837 1788 2897 scismaticus

141 2929 224 3000 apud.
238 2929 408 2987 hiarchbacb
419 2930 577 3004 degentium
591 2948 607 2987 a
622 2931 750 2988 Heinrico
766 2947 830 3004 rege
844 2931 891 2989 diu
905 2932 933 2989 in
988 2931 1107 3000 turpiter
1128 2946 1144 2986 a
1168 2928 1288 3002 quodam
1304 2929 1411 2986 amisus
1424 2929 1541 2996 interiit,
1564 2945 1648 3003 quem
1667 2930 1726 3004 ipse
1737 2931 1788 2990 de-

139 3025 262 3097 captione
276 3025 404 3083 detentus
427 3034 469 3082 est
481 3024 526 3092 ⁶⁶⁶,
540 3040 573 3082 eo
587 3024 663 3098 qnod
682 3026 843 3081 scismaticis
865 3043 933 3084 con·
989 3023 1106 3095 praedari
1122 3024 1249 3096 praecepit
1274 3021 1318 3080 777.
1335 3027 1433 3081 itomae
1449 3023 1571 3080 domnus
1594 3041 1660 3097 papa
1673 3041 1787 3098 genera·

139 3123 181 3174 tra
205 3118 407 3176 eclesiasticum
433 3119 625 3176 auctoritatem
664 3119 775 3176 obedire
799 3120 931 3189 noluerit3
972 3118 1042 3174 lem
1063 3118 1193 3176 sinodum
1210 3118 1300 3186 (1455)
1321 3120 1372 3174 150
1386 3118 1580 3190 episcoporum
1595 3127 1624 3175 et
1636 3118 1783 3190 abbatum,

138 3210 212 3267 unde
226 3222 253 3269 et
266 3217 324 3269 tota
338 3213 443 3270 aeclesia
458 3213 482 3270 ei
504 3214 587 3286 longe
602 3214 710 3286 lateque
724 3210 866 3270 condoluit
887 3213 931 3269 777.
990 3220 1019 3270 et
1032 3213 1195 3268 clericorum
1215 3212 1460 3268 innumerabilium
1481 3212 1510 3268 in
1533 3212 1617 3269 tercia
1631 3212 1787 3286 epdomada

140 3304 309 3363 Gotelredus
322 3305 378 3364 dux
391 3323 477 3380 nepos
490 3307 582 3379 magni
596 3306 672 3363 ducis
684 3305 840 3375 Goteiredi,
857 3311 935 3363 Rou·
991 3315 1053 3378 post
1075 3306 1173 3378 paseha
1188 3307 1267 3375 (Ape.
1284 3308 1329 3375 80)
1345 3305 1468 3379 collegit;
1493 3306 1521 3361 in
1535 3321 1589 3376 qua
1609 3306 1705 3363 sinodo
1719 3320 1790 3364 con-‘

138 3397 232 3455 bertus
244 3399 318 3456 illius
326 3399 479 3457 baldowini
488 3399 608 3468 comitis,
619 3398 855 3456 Behemnndusili
865 3399 936 3457 lilius
990 3400 1108 3456 firmatis
1122 3414 1238 3455 snorum
1261 3407 1465 3455 antecessorum
1494 3399 1603 3455 statutis
1622 3399 1707 3456 etiam
1724 3415 1786 3457 sen-

137 3493 270 3551 ltouberti
293 3492 371 3551 ducis
392 3492 523 3550 Calabria
543 3499 626 3567 atque
649 3492 760 3561 Siciliae,
776 3492 936 3551 Rimundus
989 3494 1102 3550 tentiam
1128 3491 1308 3549 anathematis
1340 3506 1423 3564 super
1453 3491 1621 3550 Guibertum
1649 3491 1784 3551 heresiar-

137 3601 232 3643 comes
246 3587 280 3643 de
294 3588 392 3645 Sancto
407 3586 517 3659 Egidio,
544 3587 613 3643 item
630 3587 696 3644 Otto
715 3586 936 3659 strazburgensis
988 3585 1069 3644 cham
1081 3595 1109 3644 et
1118 3601 1214 3643 omnes
1225 3586 1285 3658 ejus
1298 3585 1448 3657 complices
1461 3584 1580 3643 iteravit.
1598 3586 1701 3643 Statuit
1713 3603 1783 3660 quo·

138 3679 283 3752 episcopus
317 3690 345 3738 et
383 3696 476 3739 comes
508 3681 701 3738 Hartmannus
737 3679 772 3736 de
809 3681 935 3737 Alcman·
988 3696 1042 3753 que
1063 3679 1100 3736 ibi
1122 3695 1157 3736 ne
1171 3679 1375 3736 communicare
1395 3686 1593 3751 presumerent
1617 3680 1666 3751 qui
1679 3695 1783 3739 concu-

137 3773 183 3829 nia
198 3779 297 3842 (1453),
312 3773 340 3830 hi
359 3774 473 3847 inquam
489 3790 585 3832 omnes
608 3782 636 3832 et
659 3773 703 3829 alii
729 3789 813 3846 quarn
832 3773 933 3845 plures,
988 3773 1067 3830 binas
1080 3773 1222 3840 haberent,
1237 3772 1289 3828 nisi
1310 3771 1384 3845 prius
1400 3787 1446 3828 eas
1458 3771 1571 3828 omnino
1597 3772 1782 3832 dimitterent.

138 3880 203 3922 cum
212 3866 406 3924 innumerabili
419 3867 670 3941 multitudinejunr
681 3866 786 3925 dudum
804 3866 935 3924 Jerosoli·
988 3870 1030 3924 De
1040 3866 1261 3922 ierosolimitana
1281 3864 1378 3921 itinere
1393 3865 1514 3921 multum
1526 3865 1642 3937 rogavit,
1658 3874 1689 3924 ut
1700 3868 1781 3936 irent,

138 3974 213 4014 marn
227 3960 342 4018 tendere
355 3970 497 4033 ceperunt,
513 3969 542 4018 et
559 3962 644 4019 Nicea
663 3961 863 4032 civitateatque
877 3967 935 4018 An-
988 3969 1016 4019 et
1034 3960 1165 4017 iratribus
1183 3959 1241 4016 suis
1255 3958 1445 4016 laborantibus
1470 3966 1662 4015 succurrerent
1689 3958 1731 4015 777.
1749 3963 1783 4017 ln

136 4045 243 4110 tiochin
257 4053 371 4128 aliisque
385 4055 543 4112 civitatibus
558 4053 593 4111 de
605 4061 741 4127 potestate
764 4070 934 4128 paganorum
988 4054 1151 4111 alemannia
1165 4051 1278 4111 tandem
1304 4060 1367 4125 post
1385 4052 1472 4109 malta
1498 4051 1619 4124 pericula
1644 4052 1730 4109 abbas
1753 4053 1781 4108 in

139 4146 248 4218 ereptis,
274 4157 304 4205 et
325 4149 461 4221 praecipue
482 4148 637 4222 patriarcha
661 4147 935 4205 ierosolimitanam
987 4148 1190 4221 schaphusensi
1221 4145 1387 4203 monasterio
1413 4144 1555 4201 ordinatus
1585 4151 1627 4200 est
1667 4145 1782 4201 nominc

136 4240 227 4297 locum
236 4256 318 4298 suum
329 4242 468 4312 restituto,
485 4258 573 4316 usque
592 4258 677 4315 prope
692 4241 726 4278 777
739 4242 934 4298 ierosolimam
987 4241 1163 4310 adelbertus,
1178 4239 1225 4312 qui
1238 4238 1272 4295 da
1286 4237 1385 4311 prioris
1404 4237 1510 4294 abbatis
1529 4237 1604 4310 quasi
1619 4237 1780 4308 expulsione

137 4349 203 4391 curn
226 4335 323 4392 multis
353 4335 455 4407 praeliis
493 4344 575 4408 atque
599 4336 718 4393 victoriis
743 4345 932 4408 pervenerunt.
988 4334 1138 4393 infamatus
1161 4333 1198 4389 ita
1213 4347 1242 4389 se
1258 4329 1364 4404 judicio
1378 4331 1492 4387 aeclesia
1513 4333 1686 4404 expurgavit,
1701 4337 1731 4386 nt
1745 4330 1781 4388 ab

136 4427 220 4487 Unde
232 4428 352 4485 domnus
366 4444 435 4501 papa
450 4428 485 4487 ad
500 4429 616 4487 eandem
638 4429 842 4487 multitudinem
856 4445 934 4486 suam
987 4429 1114 4502 episcopo
1129 4441 1178 4500 per
1189 4423 1375 4481 obedientiam
1386 4439 1470 4495 quarn
1483 4422 1586 4496 regulae
1599 4421 1723 4479 debuerit
1741 4424 1782 4480 in·

134 4521 301 4592 legationem
314 4522 425 4591 direxit,
438 4522 563 4579 videlicet
585 4523 769 4581 venerabilem
792 4523 929 4580 Theober·
945 4542 971 4605 1)
986 4529 1151 4594 terrogatus,
1167 4535 1196 4576 se
1209 4519 1385 4575 innocentem
1397 4516 1431 4573 dc
1444 4516 1490 4573 illo
1515 4515 1780 4588 crimineprolitere·
1890 4574 1894 4583 ,

133 4623 193 4670 tnm
214 4616 304 4683 (1154)
323 4616 427 4672 Pisauae
441 4616 553 4673 aeclesiae
576 4617 822 4690 archiepiscopum,
839 4617 929 4691 quiet
981 4615 1192 4679 tnr.0rdinatus
1203 4608 1521 4669 estantem'avenerabili
1533 4607 1696 4667 Gebebardo
1708 4611 1778 4668 Con-

134 4708 188 4764 ilhs
200 4709 228 4763 in
242 4709 373 4765 omnibus
393 4709 540 4782 apostolica
563 4710 620 4766 vice
644 4709 753 4784 adesset
764 4718 791 4766 et
809 4711 929 4768 aeclesias
982 4702 1780 4778 stantiensiepiscopoetsedisapostolicaelegatoinnativi-

134 4801 161 4857 in
181 4801 248 4858 locis
265 4801 337 4859 unde
359 4802 454 4876 pagani
477 4803 581 4876 expulsi
604 4811 670 4860 sunt
692 4803 860 4860 instauraret
886 4803 929 4860 777.
985 4811 1042 4860 tate
1051 4799 1278 4858 sanctiiohannis
1287 4797 1418 4869 Baptistae
1428 4795 1625 4854 ⁰⁸⁶.Liutoidus
1634 4795 1714 4855 bonae
1722 4813 1779 4854 me·

776 4947 898 5003 VARIAE
921 4946 1127 5006 Lectiones

171 5075 372 5136 ⁶⁰³Gerbardns
390 5107 427 5121 -
439 5077 582 5138 condoluit
601 5080 644 5136 hic
663 5079 775 5145 donam
795 5093 911 5148 quorum
924 5079 1017 5134 tocoin
1037 5078 1090 5148 ttae
1105 5075 1172 5131 urna
1189 5071 1349 5132 Gerhardus
1372 5103 1403 5115 -
1417 5072 1620 5155 ‘impetranter
1641 5066 1779 5140 Manegol-

135 5146 529 5206 dus—detentusudduntnr
545 5158 571 5206 2.
610 5151 642 5185 777
663 5153 691 5208 s.
712 5148 758 5223 qui
782 5148 914 5205 successit
939 5147 1067 5221 Sigilrido
1087 5163 1135 5221 pro
1147 5152 1173 5202 2.
1213 5144 1245 5179 777
1269 5146 1307 5200 tt.
1327 5143 1523 5201 canonicusde
1544 5137 1777 5223 Marchbachar.

136 5216 181 5274 ⁴³⁸³.
199 5228 337 5291 captuset
358 5220 445 5278 diuin
468 5221 641 5294 captioneab
659 5220 758 5277 eodem
790 5220 915 5276 detentus
933 5226 959 5276 2.
998 5218 1142 5275 777111-
1166 5216 1308 5274 condoluit
1331 5217 1428 5273 desunt
1448 5222 1475 5272 2.
1495 5213 1528 5248 “⁷
1555 5208 1722 5292 boimundus
1740 5215 1776 5294 .²·
1879 5286 1881 5291 Ι

136 5291 171 5343 ll.
196 5293 226 5345 in
240 5292 293 5349 loco
320 5309 382 5348 raso
396 5301 422 5350 1.
460 5292 494 5328 777
504 5296 599 5365 pergit
619 5299 644 5349 1.
660 5292 694 5327 777
715 5294 805 5363 pergit
832 5297 856 5349 t.
879 5290 910 5325 777
937 5292 1010 5348 decet
1033 5296 1063 5346 2.
1100 5289 1133 5324 777
1156 5291 1247 5360 pergit
1268 5294 1295 5348 1.
1332 5287 1366 5324 777
1392 5283 1545 5347 ebdomada
1561 5281 1668 5351 reliqua
1686 5295 1778 5337 moso

134 5366 198 5416 surtt
217 5370 243 5420 2.
300 5362 334 5398 777
350 5367 443 5437 pergit
465 5371 489 5421 1.
547 5363 678 5435 mperpt'l
694 5370 719 5420 1.
744 5362 777 5398 777
790 5367 881 5436 pergit
903 5373 926 5418 1.
1675 5397 1678 5403 -

883 5498 1001 5555 NOTAE.

171 5620 263 5692 (1152)
286 5624 421 5695 Argenta,
444 5623 519 5679 vicus
545 5623 578 5677 in
596 5620 671 5679 Pado
692 5621 726 5681 de
759 5623 896 5690 Primaro,
919 5637 935 5678 a
990 5638 1018 5695 p.
1035 5623 1152 5747 aalma.
1178 5623 1245 5679 Ues.

135 5692 326 5763 septentrione
344 5693 640 5776 imolaeetFarentiae.
799 5765 804 5776 ι
838 5765 843 5778 ⁸
1021 5691 1114 5764 (1414)
1145 5689 1277 5775 apricol.
1293 5692 1358 5744 1111
1374 5680 1548 5765 Dagobertus
1568 5688 1692 5763 vocatur.

135 5762 931 5907 sis(ssggffltssdseugtssobzti‘rlgfitffidgffsaewlqriirghngtetlr:
1020 5766 1112 5837 (uadi
1128 5767 1218 5823 itanu
1228 5770 1250 5817 t.
1262 5761 1330 5826 XX,
1344 5759 1393 5810 11111
1409 5752 1495 5828 prrdte
1506 5752 1568 5810 Kal.
1586 5753 1652 5807 Mar.
