3870 6164
191 240 244 294 sca
335 191 346 202 ³
785 232 831 287 ·s.
854 229 1046 286 annuemus
1065 231 1109 285 vu
1128 231 1227 288 rnna
1790 235 1843 288 eno

190 361 359 433 abjurarent,
375 362 424 413 arri
443 358 516 412 socri
536 355 634 413 altaris
656 357 859 413 ministeriam
881 356 992 410 abdica-
1007 361 1033 423 Α
1048 362 1167 412 tractatu
1188 364 1216 412 et
1240 355 1268 412 in
1291 355 1393 429 aliquot
1422 355 1543 429 epistolis
1566 354 1772 413 demonstrarit.
1801 358 1845 414 De

191 459 260 510 rrnt.
276 454 376 509 Multas
391 456 497 506 econtra
519 451 563 506 illi
575 452 691 506 rationes
712 450 872 520 canebant,
889 450 988 520 quibas
1042 449 1212 506 continentia
1227 449 1338 507 *itidem
1364 450 1539 524 epistolarem
1563 450 1749 507 velitationem
1780 464 1844 508 eum

191 549 318 605 instantis
336 547 560 617 perurgentisque
580 546 781 617 improbitatem
798 544 905 599 eludere
926 558 987 598 sert·
1042 543 1160 599 Alboino
1180 543 1254 613 inita
1276 543 1332 618 qui,
1347 543 1424 600 initio
1447 560 1496 617 pro
1520 543 1654 618 conjugiis
1678 542 1843 602 clericorum

192 644 356 711 tertiamque
365 653 471 694 cassare
481 641 642 694 nitermtur.
659 638 776 708 cumane
788 636 913 692 aduersas
928 652 988 707 apo·
1042 637 1185 707 dimicans,
1200 638 1234 695 iis
1250 637 1451 712 propemodum
1464 637 1548 696 hastis
1563 654 1621 694 rem
1634 639 1720 712 gessit
1741 637 1845 710 quibus

83 801 85 805 ,
191 737 289 793 stolicis
300 734 371 790 sedis
386 733 583 794 auctoritatem,
600 747 656 801 qua
668 747 696 786 ae
717 733 762 787 alle
781 731 818 786 ad
833 731 901 785 lianc
922 745 988 785 eea·
1043 731 1124 788 hodie
1146 729 1268 788 haeretici
1286 733 1482 790 continentiam
1498 731 1646 789 universim
1667 738 1844 805 oppugnant.

134 876 145 891 ,
192 831 314 895 cimicem,
333 831 434 899 preater
458 816 624 880 voluntatem
644 827 797 895 propriam,
823 825 989 894 compulsam
1043 827 1180 899 Integram
1198 840 1307 898 quoque
1325 842 1374 898 pro
1389 824 1565 899 synodalibus
1580 824 1707 899 Gregorii
1725 823 1846 882 decretis

192 922 357 985 obtendebat,
370 920 441 976 nibil
451 922 619 989 arpumaata,
630 919 700 973 nihil
709 919 916 990 supplicationes
922 933 988 989 pre·
1043 917 1195 991 apologiam
1212 909 1373 984 'contexuit
1406 918 1531 977 oculatus
1556 918 1631 976 testis
1659 932 1758 975 eorum
1782 932 1845 990 quae

192 1010 988 1088 casqueproficerent,raramtaaqnamadconsaltandum,
1044 1021 1110 1069 tanc
1132 1010 1342 1069 aschismatiois
1364 1013 1392 1069 in
1414 1011 1527 1086 imperlo
1556 1011 1728 1069 turbulenter
1748 1019 1777 1068 et
1797 1010 1847 1068 lla

191 1111 330 1168 romuliam
353 1109 457 1173 ineunt,
479 1110 511 1160 ut
529 1106 560 1162 in
582 1105 714 1176 synodum
737 1121 791 1161 rvon
805 1105 925 1169 redeant,
943 1106 990 1160 aad
1045 1106 1143 1178 gitiose
1160 1105 1336 1180 gerebantur.
1354 1108 1411 1163 llec
1429 1106 1580 1180 Gregorius
1595 1106 1646 1162 llll
1666 1112 1793 1178 uuquam
1811 1118 1845 1161 ea

191 1206 292 1275 injussi
312 1216 398 1258 omrres
424 1202 454 1255 in
476 1200 567 1256 domos
590 1214 655 1254 suas
683 1199 832 1256 dismdmrt.
860 1200 992 1257 ll'onnnllt
1045 1215 1126 1257 causa
1135 1199 1263 1257 fidelibus
1271 1198 1422 1268 interdixit,
1432 1196 1734 1257 neeonoubin'ariorum
1743 1197 1846 1255 missas

192 1301 274 1355 ctiam
288 1294 526 1364 corrlasisoooibra
540 1294 718 1349 clamitabant
731 1294 825 1348 moliris
841 1291 992 1347 stbiaidcri
1045 1294 1164 1362 adirent,
1186 1292 1263 1367 quasi
1284 1293 1472 1361 arbitraretur,
1497 1299 1700 1350 sacramentnm
1721 1291 1846 1366 corporis

190 1395 232 1459 nt,
247 1392 276 1444 in
285 1389 417 1459 synodum
423 1389 547 1458 repressi,
559 1388 650 1458 ipsam
661 1389 818 1458 episomam,
829 1387 991 1457 priusquam
1045 1396 1074 1443 et
1093 1387 1235 1460 sanguinis
1252 1384 1353 1444 Christi
1378 1385 1465 1444 valide
1488 1385 1523 1443 ab
1545 1385 1596 1443 illis
1615 1402 1674 1442 non
1691 1385 1790 1443 coelici
1816 1393 1846 1442 et

192 1483 381 1540 cnsemabilem
399 1482 541 1538 advocarem
561 1495 603 1536 eos
623 1482 781 1536 sententiam
799 1481 991 1551 promulgaret,
1014 1522 1020 1527 .
1046 1481 1197 1550 immolari;
1216 1480 1263 1537 sod
1284 1481 1349 1554 quia
1371 1480 1536 1538 inveteratus
1555 1488 1583 1537 ot
1601 1476 1679 1538 riulla
1697 1478 1770 1538 lucili
1787 1494 1846 1536 me·

172 1616 177 1631 .
191 1578 318 1634 cathedra
328 1576 474 1648 episcopali
481 1575 668 1637 deturbarent,
683 1578 709 1630 et
723 1577 820 1629 menta
829 1578 913 1629 morte
923 1573 992 1628 rnal·
1046 1575 1137 1632 diuina
1151 1574 1341 1648 expugnabilis
1354 1574 1482 1642 morbus,
1494 1575 1548 1631 hoc
1561 1583 1619 1632 tam
1637 1572 1737 1631 durum
1750 1586 1845 1630 reme·

102 1714 108 1741 ,
191 1675 279 1736 atala,
299 1673 402 1740 instans
417 1673 616 1725 monmnmtum
634 1669 671 1723 od
689 1671 807 1738 posteros
825 1668 990 1723 lrammitte
1007 1668 1121 1771 Bdium
1135 1685 1167 1725 eo
1180 1677 1303 1740 temporo
1313 1668 1488 1741 exposcebat,
1505 1685 1599 1740 scarpo
1616 1667 1775 1724 nullatenus
1788 1683 1846 1723 con·

191 1769 259 1829 rent,
273 1781 306 1820 ne
320 1767 380 1835 qais
392 1764 515 1834 deinceps
528 1776 703 1819 comessorum
722 1761 790 1832 eins,
806 1761 886 1816 talem
903 1775 992 1815 sacm-
1044 1764 1126 1827 cam't,
1143 1762 1182 1818 ait
1205 1764 1233 1819 S.
1250 1761 1398 1818 Anaelmus
1414 1763 1442 1818 in
1462 1761 1585 1834 Epistola
1608 1761 1643 1817 ad
1661 1760 1846 1818 wilhelmum

192 1861 280 1916 dotali
290 1859 395 1914 nomini
416 1858 577 1913 calumniam
600 1860 702 1912 struere
719 1859 842 1918 tentaret,
858 1862 907 1910 etc.
925 1856 991 1910 llaec
1045 1857 1172 1915 abbatem
1185 1857 1406 1928 Hirsaugensem,
1423 1857 1502 1911 alibi
1513 1860 1658 1912 carmentae
1666 1860 1781 1919 astetur,
1795 1856 1846 1910 nbi

191 1953 356 2011 lambertus
373 1949 408 2008 de
423 1950 540 2019 clericis,
556 1950 655 2007 codem
667 1944 879 2022 argumentandi
891 1961 992 2020 genere
1043 1955 1230 2023 pertinaciter,
1249 1955 1346 2022 aperta
1367 1954 1392 2006 et
1412 1950 1564 2022 impuderati
1583 1949 1696 2005 libidine
1715 1950 1846 2018 retentes,-

191 2047 261 2114 usis,
275 2061 331 2120 quo
347 2045 429 2102 hodie
439 2043 591 2100 Lutherani
604 2048 632 2099 et
645 2041 793 2100 Calvimani
812 2041 991 2115 predicantes
1045 2048 1096 2105 Dei
1112 2050 1137 2100 et
1147 2048 1301 2100 serratorum
1311 2045 1523 2115 prohibitionem
1542 2042 1740 2113 contemnendo,
1758 2044 1845 2099 roem

192 2149 287 2200 oontm
297 2138 459 2196 coelihatum
473 2145 598 2194 utuntur.
1045 2138 1181 2194 altaribus
1200 2137 1369 2204 deseruiunt3
1389 2140 1443 2193 imo
1458 2153 1511 2193 nora
1525 2136 1691 2206 marmium,
1702 2134 1751 2193 sed
1761 2124 1847 2206 areaat-

227 2237 289 2292 Rex
312 2246 422 2307 quoque
448 2238 476 2288 et
496 2230 575 2287 aulici
596 2227 751 2286 invitissimi
772 2237 831 2284 tam
854 2228 945 2284 lautos
965 2235 993 2283 et
1046 2235 1104 2288 tam
1117 2232 1154 2286 ad
1169 2233 1251 2303 ipsos,
1267 2230 1468 2286 commaculata.
1490 2232 1561 2294 Non,
1582 2245 1634 2301 quo
1648 2230 1710 2301 pais
1732 2244 1764 2285 ea
1785 2244 1847 2301 aare

191 2328 301 2401 opimos
317 2325 397 2384 holos
414 2323 661 2382 ecclesiastieorum
680 2323 829 2392 bonomm‚
849 2336 918 2394 quos
934 2322 991 2394 jam
1046 2329 1165 2382 martam
1184 2324 1385 2389 contemnanda,
1409 2324 1465 2390 rea,
1490 2328 1647 2388 tractantes,
1671 2324 1848 2380 casamariam

192 2420 279 2479 aridis
299 2418 425 2477 faucibus
446 2417 691 2491 apprehenderant,
704 2415 770 2489 eripi
785 2415 836 2472 sibi
855 2414 993 2488 patieban-
1046 2422 1191 2488 eastimet,
1212 2423 1253 2483 at,
1269 2420 1380 2491 quilici
1398 2423 1424 2474 et
1438 2418 1593 2490 angelorum
1604 2419 1778 2490 merendam
1792 2432 1847 2473 non

192 2522 249 2585 tur,
264 2529 317 2571 nec
331 2511 483 2571 libertatem
501 2510 709 2568 molesiasticam
724 2509 798 2582 regio
812 2517 840 2565 et
854 2509 991 2582 regiorum
1046 2518 1212 2582 reiterentur,
1233 2509 1277 2568 orl
1296 2512 1434 2568 barinum
1452 2512 1625 2568 detestatione
1639 2511 1752 2583 repulsi,
1767 2526 1847 2567 sacra

193 2607 337 2667 dominatu
349 2604 543 2664 miserabiliter
553 2620 714 2678 oppressam
726 2604 756 2659 iu
772 2603 925 2659 libertatem
936 2603 993 2674 pri·
1046 2609 1225 2663 contaminare
1237 2607 1378 2663 maminot.
1393 2608 1445 2664 llec
1459 2604 1597 2662 ullatenus
1615 2609 1718 2676 oportet
1729 2610 1762 2660 ut
1783 2604 1837 2660 ilii

191 2702 292 2760 aduam
305 2700 429 2758 revocari
449 2697 588 2756 volebant.
602 2697 674 2754 Hinc
685 2697 713 2753 in
735 2697 900 2770 Gregorium
914 2711 992 2752 com·
1046 2703 1102 2757 sint
1120 2704 1252 2757 camertes
1269 2700 1302 2756 de
1317 2701 1401 2756 altari
1410 2702 1649 2772 participantium,
1665 2701 1715 2773 qai
1723 2712 1776 2771 per
1793 2699 1847 2754 im-

193 2811 277 2853 mune
290 2795 417 2853 omnium
434 2791 561 2850 ordinum
577 2792 687 2861 odiam,
701 2800 728 2848 et
748 2806 780 2848 ex
797 2790 876 2859 odio,
897 2798 928 2847 ut
943 2789 991 2859 fit,
1045 2796 1210 2851 munditiam
1223 2811 1251 2850 se
1270 2796 1378 2863 faciant
1391 2799 1509 2851 ansatos
1524 2795 1609 2850 attari
1628 2794 1843 2850 cremonam.

193 2889 346 2957 maledicta,
361 2888 503 2961 figmenta,
512 2886 653 2944 mendacia
667 2893 694 2942 et
703 2883 838 2959 quidquid
851 2882 991 2957 splendida
1045 2890 1148 2944 Verum
1169 2888 1308 2944 enimvero
1328 2895 1476 2960 antequam
1499 2887 1590 2960 ipsum
1608 2885 1777 2944 Bemaldum
1795 2900 1845 2942 au·

108 3050 111 3055 ,
192 2980 254 3040 bilis
270 2981 401 3055 suggerit.
1046 2979 1151 3047 dimus,
1168 2996 1225 3037 non
1245 2979 1293 3037 ebs
1310 2996 1340 3036 re
1357 2981 1408 3037 erit
1425 2980 1576 3054 disquirere
1590 2979 1651 3055 quis
1669 2979 1720 3037 ista
1733 2977 1846 3036 Bemm-

228 3077 269 3134 tlt
292 3075 376 3148 igitur
397 3074 440 3130 his
453 3082 481 3131 et
495 3073 522 3132 ld
544 3088 630 3145 genus
647 3072 709 3129 aliis
724 3070 878 3128 Beroaldus
898 3079 993 3129 nostm
1009 3090 1032 3155 c
1046 3075 1099 3131 dus
1114 3074 1205 3132 fuerit.
1219 3073 1264 3131 Sic
1279 3073 1364 3149 igitur
1376 3074 1487 3131 habeto.

192 3169 302 3227 obviam
314 3169 376 3236 iret,
389 3166 439 3224 has
453 3165 657 3223 lucubrationes
669 3163 768 3232 edidit,
782 3173 808 3220 et
821 3175 990 3222 sacramenta

192 3262 228 3321 ab
257 3260 502 3319 excommunicatis
529 3258 615 3318 valide
641 3258 825 3317 administrari
850 3258 880 3315 iu
901 3259 991 3332 primo
1129 3260 1212 3330 (Vide
1231 3262 1309 3330 infra
1326 3261 1357 3317 in
1375 3238 1548 3321 blanumentis
1568 3262 1761 3332 (importunis.)

192 3439 1847 3471 W

543 3604 636 3722 ab
687 3605 890 3724 PAULI
941 3605 1487 3724 BERNRIEDENSIS

917 3838 1112 3921 'LlBRUM

420 4023 477 4084 uu
499 4023 643 4086 assus
666 4022 825 4085 ansuis
847 4022 1066 4087 oenaoeu
1086 4023 1149 4086 vu
1169 4022 1424 4088 ruariorum
1446 4026 1613 4089 orexim

587 4198 910 4294 PROOEMIUM
937 4199 1134 4293 incant
1171 4201 1450 4296 anausim

793 4387 952 4452 Societatis
967 4391 1040 4453 Jesu
1060 4389 1240 4473 presbyteri.

655 4550 760 4618 (iacobi
778 4551 900 4609 Gretseri
918 4551 1037 4622 Ορετιιηι
1055 4555 1123 4607 torno
1145 4553 1197 4621 Vl,
1215 4567 1282 4624 pap.
1305 4555 1382 4620 120.)

227 4860 472 4921 Reverendiesimo
495 4869 525 4919 et
548 4860 733 4920 illustrissimo
751 4864 867 4938 principi
890 4881 921 4922 ao
941 4864 1113 4934 do·1)tsris
1136 4882 1169 4924 ox
1186 4876 1246 4926 toto
1269 4869 1430 4942 pontificum
1453 4884 1571 4926 numero
1592 4867 1712 4927 haeretici
1741 4877 1843 4927 nostra

192 4954 994 5027 miuo,dominoionaa1Gonararno,EcclesiaeBamber·
1047 4962 1152 5030 aetatis,
1163 4973 1191 5020 et
1204 4962 1370 5021 schismatici
1382 4963 1531 5036 superioris
1545 4963 1702 5034 memoriae,
1718 4962 1844 5036 pessiaas

192 5050 283 5123 gensis
297 5048 435 5122 episcopo,
448 5059 511 5120 eto,
525 5053 664 5108 Jeoosus
677 5051 868 5109 Gnaraaaus.
1046 5057 1136 5115 modis
1155 5055 1274 5126 oderint,
1300 5067 1328 5113 et
1349 5055 1458 5112 infinitis
1484 5057 1640 5115 maledictis
1661 5066 1689 5115 et
1710 5055 1843 5114 conviciis

196 5128 199 5134 ’
227 5144 297 5200 Cum
317 5143 456 5215 superiore
474 5160 557 5213 anno,
578 5143 806 5203 reverendissime
827 5153 856 5203 et
869 5147 992 5205 illustris·
1046 5149 1177 5219 lacerent,
1190 5151 1336 5225 omnisque
1355 5157 1495 5207 venenata
1509 5166 1565 5208 suae
1584 5151 1685 5225 linguae
1695 5150 1800 5223 spicula
1815 5150 1841 5204 ia

87 5230 89 5235 ’
191 5236 262 5294 sime
281 5237 423 5311 princeps,
443 5246 553 5296 tomum
571 5238 723 5296 secundum
736 5238 911 5298 Delensiouis
930 5243 991 5299 Bel·
1045 5243 1129 5314 huno,
1143 5243 1258 5301 velutin
1271 5241 1434 5315 primarium
1450 5258 1575 5316 scopum,
1590 5260 1671 5301 saum
1692 5242 1841 5311 destinent,

194 5329 377 5400 larminianae,
392 5330 421 5387 in
438 5347 491 5405 qua
503 5330 539 5389 de
553 5331 661 5390 Christo
675 5332 789 5407 ejusque
807 5335 835 5391 in
853 5336 933 5393 terris
946 5352 992 5393 su·
1046 5344 1075 5394 et
1086 5335 1222 5393 destinata
1237 5337 1381 5404 emittant,
1396 5334 1478 5409 idque
1492 5353 1547 5394 non
1561 5337 1643 5395 aliam
1658 5338 1694 5394 oh
1712 5352 1824 5395 causam
1832 5377 1842 5407 ,

175 5420 291 5496 'premo
301 5423 404 5481 vicario
413 5423 578 5498 disputatur,
592 5426 759 5498 evulgarem,
774 5427 868 5485 addidi
879 5429 913 5485 ad
924 5444 990 5502 opo-
1046 5431 1069 5487 sl
1089 5443 1149 5485 rem
1171 5429 1206 5486 ad
1230 5430 1319 5486 vivam
1340 5445 1463 5488 resecare
1479 5439 1506 5487 et
1529 5431 1643 5503 penitius
1663 5429 1843 5504 introspicere

193 5517 231 5574 ris
245 5517 347 5573 calcem
362 5517 515 5591 apologiam
530 5518 615 5593 (285⁸)
632 5521 800 5594 peculiarem
819 5537 868 5595 pro
882 5523 991 5596 Grego-
1043 5523 1171 5590 velimus,
1189 5521 1316 5596 nisique
1334 5524 1483 5598 Gregorius
1505 5524 1695 5583 ecclesiastica
1707 5525 1842 5583 libertatis

191 5610 232 5668 rio
251 5610 301 5668 Vll
320 5611 417 5684 ponat
438 5627 523 5682 mar,
539 5628 571 5671 ao
584 5615 660 5688 quod
673 5614 747 5673 buno
762 5631 849 5673 unum
870 5630 927 5688 pra
939 5631 992 5674 cre
1045 5623 1073 5675 et
1085 5614 1232 5691 disciplina
1250 5618 1485 5677 constantissimus
1500 5626 1528 5677 et
1539 5618 1741 5692 imperterritus
1753 5634 1840 5678 asser·

226 5794 314 5860 (Μ’)
327 5795 406 5850 Hanc
419 5793 504 5851 hebes
516 5811 609 5867 supra.
