3884 6158
156 286 208 345 lib
498 282 527 339 S.
546 280 710 339 annuenti
728 280 774 338 llll
791 280 891 337 PAPAE
909 276 1046 337 ornauit
1062 276 1151 347 PARS
1171 280 1192 337 Ι.
1211 308 1248 325 ···
1264 280 1467 341 REGlSTRUli.
1752 284 1807 343 48⁰

155 422 205 469 ros
217 410 289 468 bene
308 407 458 477 conliditis,
474 386 624 479 prebeant,
641 414 673 464 ut
686 406 739 465 iter
751 405 832 464 nobis
849 404 957 464 cbristo
972 406 1000 474 Α
1013 402 1102 463 nardo
1115 404 1207 464 abbati
1221 407 1348 481 religioso
1363 407 1541 467 Massiliensis
1555 396 1726 476 monasterii,
1738 422 1812 482 pren-

157 512 317 579 prote-gents
339 509 440 576 pateat.
455 500 651 559 Desideramus
665 502 741 559 enim
754 514 818 558 cum
841 499 958 558 consilio
1010 497 1129 572 cipimus
1153 509 1184 558 nt
1205 509 1355 576 utrumque
1378 518 1483 577 regem,
1509 502 1665 563 Henricum
1685 501 1810 560 videlicet

156 590 562 667 clerioomm'atquelaioomm
576 593 703 667 ejusdem
721 594 810 669 regni,
829 594 877 668 qui
899 596 959 651 Do·
1010 593 1239 668 etltodnlpbum,
1261 605 1310 655 ant
1332 613 1422 670 perse
1441 605 1490 655 aut
1507 612 1556 669 per
1566 595 1682 654 idoneos
1695 597 1811 655 nuntios

157 690 266 749 minum
279 688 380 745 timent
400 694 428 743 et
440 685 570 761 diligunt,
587 703 700 746 causam
721 688 796 747 inter
819 704 877 754 eos,
897 691 958 747 Deo
1010 687 1175 746 admoneant
1187 698 1323 762 quatenus
1334 692 1410 748 siam
1423 690 1502 761 mibi,
1515 706 1566 764 pro
1575 689 1749 748 discutimo
1762 704 1811 747 ne·

157 783 276 852 bream,
302 782 441 841 discutere
463 790 516 840 :et
528 783 608 857 cuius
631 785 703 858 parti
729 784 820 858 magis
833 784 867 842 ad
881 786 958 859 regni
1010 782 1086 855 gotio
1099 782 1173 855 quod
1192 786 1308 857 peccatis
1321 783 1572 842 fauentibusinter
1591 798 1639 842 eos
1650 791 1745 842 ortum
1756 791 1809 854 est,

157 876 341 954 gubernacula
351 876 459 950 institia
472 876 547 935 iavet
564 877 766 936 demonstrare.
789 878 871 936 Scitis
884 879 958 936 enim
1010 875 1044 933 ad
1058 892 1116 946 ros,
1133 880 1191 934 Deo
1207 877 1324 948 invente,
1342 894 1437 936 secure
1449 878 1576 936 seniendi
1600 878 1752 951 prebeant.
1776 880 1811 935 ln

156 972 219 1044 qaue
229 972 316 1028 nostri
330 969 414 1028 olilcii
428 979 457 1028 st
470 971 626 1044 apostolicae
637 970 711 1029 sedis
724 980 766 1028 est
778 971 958 1046 providentie
1010 985 1111 1043 magna
1124 971 1200 1029 enim
1213 972 1326 1029 tristitia
1335 980 1363 1029 et
1376 971 1472 1029 dolore
1482 988 1531 1029 cor
1543 980 1671 1029 nostrum
1680 971 1808 1041 lluctuat,

48 1136 51 1143 Ι
156 1064 264 1138 majam
285 1064 470 1121 Ecclesiamm
491 1064 601 1138 negotia
624 1064 770 1134 discutere,
791 1074 819 1122 et
838 1065 958 1123 dictante
1010 1063 1033 1119 si
1046 1078 1096 1135 per
1113 1064 1329 1122 nniushominis
1342 1065 1499 1139 superbiam
1512 1072 1555 1121 tot
1568 1063 1810 1122 milliabomiuum

154 1157 261 1232 justitia
279 1156 404 1215 definire.
419 1158 481 1215 Hoc
503 1166 598 1215 autem
611 1159 686 1231 quod
706 1159 780 1216 inter
798 1174 845 1215 eos
869 1159 958 1233 agitur
1009 1156 1227 1217 Christianorum
1250 1159 1395 1232 temporali
1416 1166 1444 1216 et
1463 1168 1573 1217 aeternac
1591 1158 1677 1215 morti
1691 1156 1809 1215 bedun·

157 1250 297 1324 negotium
318 1258 400 1308 tantae
414 1250 554 1324 gravitatis
578 1259 620 1308 est
641 1251 767 1325 tentique
782 1253 905 1325 periculi,
926 1262 958 1311 ut
1010 1258 1066 1320 tur,
1086 1259 1115 1307 et
1136 1251 1289 1309 Christiana
1301 1253 1398 1326 religio
1418 1248 1608 1317 contunditur,
1632 1253 1810 1308 Romanum·

156 1344 208 1401 sla
227 1344 307 1401 nobis
329 1343 413 1401 luerit
434 1344 524 1417 aliqua
544 1346 687 1402 occasione
710 1345 877 1419 neglectum,
900 1361 957 1404 non
1010 1357 1064 1415 que
1080 1344 1229 1417 imperium
1239 1344 1274 1402 ad
1288 1344 1470 1418 perditionem
1490 1343 1660 1417 perducitur.
1683 1345 1811 1417 Uterque

156 1437 248 1495 solum
261 1436 312 1495 illis
330 1445 359 1495 et
372 1436 465 1503 nobis,
480 1437 529 1495 sed
552 1438 635 1495 etism
657 1438 806 1496 universali
828 1439 956 1497 Ecclesiae
1010 1452 1129 1510 namque
1151 1454 1201 1496 res
1223 1439 1349 1508 anobis,
1370 1437 1428 1495 imo
1446 1438 1481 1495 ab
1503 1436 1651 1510 apostolica
1670 1435 1747 1506 sede,
1766 1436 1812 1495 cni

157 1546 289 1603 magnum
311 1538 339 1588 et
352 1529 523 1588 lamentabile
545 1531 634 1603 pariat
653 1530 861 1590 detrimentum.
882 1534 957 1602 Qua·
1011 1528 1074 1587 licet
1096 1528 1203 1603 indigni
1224 1531 1416 1604 presidemus,
1436 1529 1607 1605 adjutorium
1628 1528 1753 1603 requirit.
1775 1530 1815 1585 tta

157 1633 269 1696 propter
283 1623 305 1680 si
315 1622 445 1681 alteruter
460 1624 654 1696 praedictorum
668 1640 765 1699 regum
779 1625 844 1682 buia
857 1634 959 1684 nostrae
1010 1638 1069 1693 nos,
1093 1623 1127 1682 de
1141 1624 1330 1682 misericordia
1344 1624 1542 1697 omnipotentis
1562 1624 1613 1680 Dei
1634 1630 1662 1680 et
1674 1621 1813 1696 adjutorio

156 1716 290 1775 voluntati
303 1732 336 1773 ac
347 1716 542 1775 deliberationi
556 1733 652 1791 parere
665 1727 693 1776 ct
703 1718 738 1776 ad
748 1726 837 1776 vestra
848 1719 954 1777 monita
1010 1717 1082 1775 beati
1105 1717 1178 1774 Petri
1200 1717 1378 1785 confidentes,
1402 1718 1490 1792 parati
1511 1732 1609 1775 sumtu
1631 1731 1697 1774 cnm
1720 1724 1813 1773 resno

156 1810 251 1869 locum
264 1810 329 1869 dare
342 1813 473 1880 renuerit,
487 1827 623 1885 suamque
637 1811 791 1885 superbiam
809 1821 891 1887 atque
904 1829 954 1870 cu·
973 1786 998 1850 Β
1011 1810 1136 1881 oonsilio,
1151 1810 1198 1883 qui
1209 1812 1299 1868 Deum
1312 1810 1416 1868 timetis
1430 1819 1458 1868 et
1473 1809 1655 1868 Christianam
1668 1807 1752 1866 iidem
1765 1807 1813 1898 (113

158 1903 284 1977 piditatis
297 1902 478 1963 iacescontra
491 1904 627 1964 bonorem
641 1905 692 1962 Dei
704 1906 900 1979 omnipotentis
913 1922 956 1964 ac-
1011 1903 1106 1976 ligitis,
1126 1904 1284 1977 aequitatem
1299 1920 1388 1963 eausae
1409 1905 1538 1979 utrinque
1559 1902 1719 1972 decernere,
1733 1910 1764 1962 et
1786 1900 1812 1960 el

158 1997 291 2066 cendsns,
323 1997 360 2055 ad
397 1997 595 2057 desolationem
629 2000 715 2057 totius
747 2001 868 2058 Romani
902 2001 955 2058 im·
1010 1997 1132 2071 praebere
1146 1998 1278 2055 auxilium
1297 1998 1461 2072 cnijnstitia
1480 1997 1516 2056 ad
1529 1998 1606 2072 regni
1625 1994 1812 2070 gubernacula

158 2091 225 2163 perii
249 2089 380 2148 anhelare
401 2092 555 2162 tenuras-it,
577 2093 708 2150 omnibus
722 2093 813 2150 modis
826 2094 957 2169 omnique
1009 2089 1103 2148 favere
1125 2090 1301 2164 dignoscitur.
1320 2094 1502 2165 Quapropter,
1524 2091 1548 2148 si
1566 2091 1698 2147 alteruter
1714 2104 1813 2147 eorum

34 2236 37 2245 .
158 2184 271 2258 ingenio
284 2200 372 2257 usque
389 2184 424 2243 ad
438 2196 570 2257 mortem,
586 2186 608 2243 si
629 2195 748 2260 oportet,
769 2196 867 2245 nostra
888 2188 957 2259 vice,
1011 2184 1136 2258 superbia
1157 2184 1269 2242 inllatus
1289 2185 1380 2259 aliquo
1404 2185 1515 2259 ingenio
1535 2184 1685 2259 quominus
1704 2183 1739 2240 ad
1762 2197 1813 2240 ros

159 2279 216 2336 imo
238 2278 311 2335 beati
333 2278 406 2335 Patri
426 2280 596 2351 annositate,
621 2280 645 2337 ei
666 2280 796 2351 resistite,
821 2289 849 2339 et
872 2282 958 2339 totius
1012 2279 1263 2352 ventmjpossimus
1282 2279 1429 2348 obstiterit3
1451 2288 1481 2337 et
1494 2278 1528 2336 de
1552 2294 1602 2335 sua
1624 2276 1759 2351 iniustitia
1778 2276 1813 2333 tl-

158 2360 234 2446 iegnt
254 2371 438 2449 gubernacula
457 2372 668 2432 contradicendo
691 2382 749 2430 tam
769 2373 858 2444 illum,
874 2390 958 2450 quam
1012 2388 1091 2429 mens
1099 2371 1235 2447 judicium
1258 2373 1473 2445 sanctispiritus
1495 2371 1635 2445 refugerit,
1648 2369 1813 2429 inobediens

157 2480 255 2523 omues
278 2466 329 2523 sibi
350 2467 585 2524 consentientasa
612 2468 818 2541 participatione
836 2468 959 2541 eorporis
1012 2464 1102 2523 iaetus
1120 2466 1392 2525 resistendomnctae
1405 2476 1432 2524 st
1453 2465 1602 2524 universali
1623 2464 1705 2522 matri
1716 2464 1812 2521 liccle·

158 2565 187 2615 et
198 2559 339 2633 sanguinis
352 2558 465 2617 Domini
488 2559 578 2617 nostri
603 2563 668 2618 lesu
682 2560 794 2630 Christi,
809 2567 866 2619 eta
887 2560 958 2618 limi·
1012 2560 1071 2629 siae,
1091 2559 1164 2617 hunc
1177 2560 1250 2617 velut
1268 2560 1428 2618 membrum
1441 2558 1616 2628 Antichristi,
1636 2567 1665 2616 et
1676 2556 1816 2615 desolato-

160 2654 243 2723 ntbus
261 2664 362 2714 sanctae
374 2656 505 2715 noetesiae
528 2666 653 2731 asperam
677 2676 684 2714 ε
709 2657 774 2715 illud
789 2674 898 2732 semper
911 2657 959 2716 ha·
1013 2668 1074 2710 rem
1094 2652 1258 2711 Christiana
1281 2653 1434 2727 religionis,
1451 2652 1633 2722 contemnite,
1645 2659 1676 2709 et
1693 2659 1811 2709 senten·

160 2749 297 2808 bentesln
320 2750 455 2807 memoria
475 2750 540 2824 quia
562 2750 651 2808 sceltn
665 2750 830 2810 idololatris
843 2751 960 2810 incurrit
1014 2747 1093 2818 tiam,
1107 2763 1189 2821 quam
1202 2747 1289 2805 nostri
1303 2747 1385 2821 legati
1400 2755 1495 2804 contra
1508 2754 1681 2805 cumnostm
1696 2744 1815 2803 vicede-

161 2842 207 2915 qui
234 2842 393 2916 apostolicae
419 2842 478 2901 sedi
507 2844 619 2902 obedire
642 2846 807 2916 coutemnit,
831 2854 859 2902 et
881 2845 959 2919 quod
1014 2840 1120 2909 derint,
1145 2848 1304 2898 conservate
1320 2858 1328 2897 ε
1343 2842 1535 2913 scientesquia
1551 2839 1814 2912 Deuesuperbisrs-

158 2935 256 2993 beatus
268 2935 419 3010 Gregorius
432 2935 531 2995 doctor
552 2945 664 2995 sanctus
683 2937 893 2996 ethumillimus
913 2937 960 2996 de
1014 2938 1100 3003 sunt,
1117 2936 1263 2991 inmitibus
1273 2940 1363 2991 autem
1374 2936 1425 2992 dut
1441 2937 1561 3005 prolium
1573 2937 1640 3002 (luc.
1655 2937 1711 3000 nv).
1725 2930 1814 2989 Alteri

159 3029 246 3086 crerit
267 3044 378 3103 regesa
402 3045 452 3087 sua
471 3030 605 3104 dignitate
631 3030 740 3100 cadere,
763 3032 787 3088 si
812 3032 960 3089 temerario
1014 3043 1077 3085 vero
1096 3029 1142 3101 qui
1159 3028 1301 3085 humiliter
1314 3043 1344 3086 se
1357 3027 1495 3096 babuerit,
1517 3034 1544 3084 et
1555 3026 1695 3100 judicium
1708 3024 1814 3093 (decre-

159 3139 230 3180 ausu
261 3131 459 3197 praesumerent
481 3132 578 3181 contra
608 3123 765 3196 apostolica
788 3124 861 3183 sedis
880 3127 995 3201 iussae
1014 3129 1153 3179 tumvero
1166 3138 1182 3179 a
1196 3122 1299 3195 Spiritu
1314 3131 1422 3191 sancto,
1437 3128 1649 3194 personantem
1663 3119 1814 3193 prolatum)

159 3217 252 3274 venire
273 3222 357 3286 (tto).
373 3216 458 3275 Alteri
483 3225 575 3275 autem
598 3217 645 3290 qui
658 3226 762 3277 nostrae
772 3218 887 3292 iussioni
908 3221 960 3278 hu·
1013 3231 1070 3272 non
1078 3222 1186 3273 contem
1199 3215 1282 3287 pserit
1292 3214 1489 3286 (indubitanter
1499 3216 1574 3273 enim
1588 3212 1815 3287 credimusquod

160 3310 263 3368 militer
294 3311 425 3383 paruerit,
449 3318 478 3367 et
500 3309 685 3369 obedientiam
711 3311 853 3369 universali
880 3313 960 3370 matri
1015 3308 1232 3382 ubicunqueduo
1246 3310 1356 3368 veltres
1369 3309 1515 3367 innomine
1527 3307 1813 3382 Dominiaongtegati

160 3405 242 3471 <sicut
255 3403 334 3462 decet
353 3403 543 3463 christianum
562 3406 662 3479 regem)
674 3404 838 3476 exhibuerit,
858 3421 960 3464 conro—
1013 3403 1128 3472 luerint,
1144 3404 1288 3476 praeseutia
1299 3404 1358 3477 eius
1371 3404 1561 3461 illuminantur
1581 3404 1691 3474 (blatto.
1707 3406 1814 3470 arsat),

159 3507 221 3555 cato
241 3499 355 3557 concilio
370 3499 496 3557 omnium
509 3499 671 3556 clericorum
686 3507 714 3557 et
736 3500 869 3558 laicorum
891 3516 962 3574 quos
1015 3497 1054 3554 illi
1078 3498 1204 3571 inquam,
1229 3498 1372 3555 servitium
1398 3506 1427 3555 et
1452 3498 1635 3555 reverentiam
1658 3495 1813 3555 secumdum

160 3592 299 3650 advocare
313 3592 451 3667 poteritis,
466 3593 612 3652 consilium
633 3602 662 3651 et
674 3593 842 3668 adjutorium
855 3594 885 3651 in
896 3611 958 3653 om·
1014 3590 1089 3664 quad
1101 3593 1189 3650 nostri
1201 3592 1307 3665 praeinti
1319 3591 1400 3665 legati
1416 3590 1598 3659 decreverint,
1610 3588 1738 3647 exhibete
1765 3587 1815 3647 sd-

160 3686 242 3742 nibus
251 3686 381 3757 pransu,
396 3695 423 3743 et
434 3687 462 3743 in
475 3688 550 3761 regia
562 3688 696 3761 dignitate
708 3705 757 3761 per
767 3690 960 3748 anctoritatem
1015 3686 1144 3756 nitentes,
1156 3694 1185 3743 et
1197 3685 1286 3743 modis
1301 3685 1432 3743 omnibus
1450 3686 1477 3742 ei
1496 3685 1691 3757 obsequentes,
1712 3690 1744 3739 ut
1763 3696 1807 3739 re·

161 3777 306 3834 beatorum
333 3778 524 3851 apostolorum
549 3780 623 3838 Petri
648 3788 675 3839 et
690 3782 769 3840 Pauli
793 3792 888 3841 nonra
904 3784 962 3843 rice
1016 3779 1090 3852 giam
1104 3778 1266 3851 dignitatem
1279 3779 1393 3837 honeste
1411 3779 1499 3853 possit
1512 3778 1647 3847 obtinere,
1661 3784 1690 3833 st
1710 3784 1815 3835 sancte

159 3870 332 3941 conllrmate,
352 3870 535 3946 omnibusque
549 3873 695 3946 episcopis,
711 3873 867 3944 abbatibus,
880 3876 961 3935 cleri-
1014 3872 1145 3931 Etclttiae
1159 3871 1220 3945 J'am
1239 3888 1309 3946 pene
1322 3872 1426 3929 labanti
1445 3888 1612 3930 succurram.
1628 3873 1689 3928 Non
1706 3870 1815 3927 euim!

160 3964 202 4021 cis
215 3977 248 4020 sc
265 3962 351 4033 laicis,
365 3962 486 4021 inomni
500 3980 584 4038 regno
598 3963 795 4035 habitantibus,
816 3976 849 4023 ut
861 3968 912 4025 sibi
926 3968 961 4026 fi·
1014 3965 1098 4023 corde
1115 3976 1212 4025 nostro
1235 3964 1318 4023 debet
1331 3965 1457 4023 excidere
1483 3965 1557 4039 quod
1583 3964 1631 4039 qui
1654 3962 1815 4037 apostolicas

160 4055 259 4114 deliter
272 4056 355 4123 (sicut
365 4060 488 4129 oportet)
500 4059 560 4131 regi
574 4057 705 4116 obediant
718 4067 748 4117 et
766 4059 918 4118 deserviant
929 4078 962 4121 ex
1015 4058 1072 4117 sedi
1097 4059 1209 4117 obedire
1221 4060 1385 4126 contemnit,
1404 4060 1492 4117 scelus
1517 4058 1678 4116 idololatriae
1699 4056 1817 4116 incurrit

161 4157 240 4223 parte
253 4149 451 4224 omnipotentis
463 4150 517 4208 Dei
526 4151 676 4225 precipita.
1016 4154 1041 4226 (l
1052 4156 1115 4225 lleg.
1132 4160 1195 4224 xv),
1211 4163 1239 4212 et
1259 4154 1336 4227 quod
1358 4155 1453 4211 beatus
1466 4152 1615 4228 Gregorius
1635 4150 1707 4224 (titt)
1719 4150 1817 4210 doctor

197 4247 269 4302 Data
278 4245 440 4317 carpineta,
453 4244 574 4303 secundo
587 4260 630 4303 xv
644 4246 785 4306 Kalendas
791 4249 877 4321 lund,
887 4249 959 4308 indi·
1014 4257 1126 4307 sanctus
1139 4258 1167 4307 et
1180 4248 1350 4306 humillimus
1363 4264 1442 4323 reges
1456 4248 1577 4307 decrevit
1590 4264 1606 4304 a
1624 4247 1680 4304 suis
1692 4246 1815 4320 dignita·

160 4338 252 4395 ctione
261 4338 368 4398 decima
381 4339 490 4413 quinta.
1013 4343 1087 4399 tibus
1101 4342 1212 4411 eadere,
1232 4350 1259 4398 et
1271 4343 1476 4416 participatione
1487 4341 1611 4415 corporis
1625 4350 1654 4399 et
1670 4338 1816 4413 sanguinis

410 4477 583 4535 EPISTOLA
603 4478 699 4536 xm
1014 4434 1127 4492 Domini
1146 4435 1235 4492 nostri
1250 4438 1316 4493 lesu
1328 4436 1430 4494 Christi
1452 4451 1554 4505 carere,
1570 4435 1594 4493 si
1608 4440 1815 4509 presumerent

701 4519 708 4535 ⁸
975 4542 999 4606 ι)
1013 4528 1170 4602 apostolicae
1184 4527 1256 4587 sodis
1268 4530 1376 4589 decreta
1393 4539 1578 4588 contemnere.
1596 4529 1624 4585 Si
1638 4527 1714 4585 enim
1728 4525 1814 4584 ooele·

445 4617 487 4659 Ψ
499 4616 674 4660 mmm·
1015 4624 1066 4681 stia
1082 4631 1110 4680 et
1123 4624 1274 4698 spiritualia
1286 4626 1363 4683 sedes
1378 4625 1451 4682 beati
1465 4625 1539 4682 Petri
1553 4624 1635 4681 solvit
1648 4631 1676 4681 et
1694 4621 1812 4696 judicat,

465 4721 657 4796 (annotatt.)
1015 4724 1118 4791 quanto
1144 4719 1234 4793 magis
1254 4727 1362 4777 terrem
1388 4727 1416 4777 et
1428 4718 1586 4777 saecularia?
1601 4714 1684 4774 Scitis
1705 4724 1812 4783 rotun,

403 4843 531 4914 nusum
550 4846 716 4914 argumenti·
1014 4810 1113 4917 iratres
1142 4811 1309 4919 cbarissimi,
1323 4813 1387 4917 quia
1411 4828 1445 4869 es
1460 4828 1516 4918 quo
1529 4820 1656 4917 tempore
1678 4808 1713 4867 ab
1732 4805 1817 4866 Urbe

198 4964 540 5039 Garaosruseptscopus.
550 4982 792 5026 servassemorum
798 4969 959 5039 neimraht-
1012 4919 1316 5056 ffffiis'ssnffiffi
1328 4901 1817 5069 Ρῗζοὲῒῃιὲἶοᾞΐωὲἷοῗῃ

162 5057 307 5131 episcopis,
319 5058 464 5132 episcopis,
480 5057 606 5129 ducibus,
621 5061 768 5119 comitibus
782 5070 811 5120 et
825 5062 961 5120 universis
1012 5107 1110 5166 regum
1123 5108 1213 5166 neque
1227 5100 1333 5149 tem
1344 5106 1434 5165 neque
1446 5106 1543 5149 amm
1552 5090 1615 5148 flexi
1629 5086 1739 5162 aliquod
1752 5102 1817 5145 m,

162 5150 264 5209 Christi
284 5150 410 5208 lidelibns
432 5151 537 5209 clericis
560 5160 588 5209 et
612 5153 699 5224 laicis,
726 5161 785 5211 tam
809 5155 960 5227 maioribus
1012 5189 1054 5238 tm
1073 5182 1213 5254 justifiam
1233 5180 1400 5254 adjutorium
1425 5182 1614 5254 promisimus,
1632 5176 1721 5251 Μ,
1737 5174 1816 5233 enim

161 5259 246 5317 qnam
260 5244 424 5311 ffliss⁰lib¹¹¹v
439 5244 470 5301 5¹¹
483 5260 567 5318 “8⁰0
581 5244 798 5303 Tilll'iiifflfflffl
810 5247 959 5306 militen·
1012 5271 1139 5328 rolumns
1148 5278 1280 5339 mortem,
1293 5269 1316 5326 si
1328 5269 1380 5327 boc
1391 5278 1513 5341 oportet,
1526 5268 1628 5335 mbire,
1640 5281 1734 5340 quam,
1747 5280 1817 5339 pro·

161 5336 247 5406 “5⁰⁸2
259 5337 378 5396 militm
389 5346 417 5396 0²
426 5338 604 5411 ill⁰⁸²illicilm
619 5338 851 5397 benidlssilffllem·
1013 5359 1072 5431 pria
1085 5358 1225 5417 voluntate
1245 5356 1358 5428 demeti,
1372 5367 1405 5416 ut
1416 5357 1536 5414 Fnclesia
1557 5355 1609 5412 Dei
1620 5356 1656 5413 ad
1675 5352 1819 5412 conlude-

105 5486 108 5491 ,
195 5431 302 5487 Notum
324 5430 382 5488 lieri
408 5431 488 5489 robis
509 5431 650 5502 volumus,
669 5431 770 5491 tratres
792 5433 958 5507 charissimi,
1011 5459 1075 5500 nem
1098 5443 1190 5500 veniat
1204 5443 1367 5501 muranum.
1381 5442 1425 5501 Ad
1445 5441 1499 5500 hoc
1512 5441 1586 5499 enim
1608 5437 1818 5499 nosordinatot

165 5523 232 5597 quia
245 5523 344 5597 legatis
357 5525 468 5594 nostris,
480 5525 623 5584 Bemardo
645 5526 770 5584 videlicet
782 5537 884 5587 sanctu
903 5532 960 5587 lto-
1012 5541 1041 5591 et
1059 5532 1086 5589 in
1100 5534 1249 5606 apostolica
1269 5533 1333 5591 seda
1350 5532 1516 5590 connitntos
1534 5545 1595 5589 esse
1614 5528 1818 5605 mgaostism

162 5631 255 5674 mma
269 5618 400 5677 Reclusis
415 5617 558 5676 lidelifllio
573 5626 601 5676 et
614 5619 742 5691 diacum,
757 5621 878 5697 itemque
890 5625 957 5681 Ber-
1012 5627 1044 5677 ut
1057 5620 1086 5677 in
1099 5620 1219 5679 haesita
1233 5636 1363 5696 nonque
1375 5629 1468 5680 nostra
1481 5619 1531 5679 sed
1549 5635 1613 5695 quas
1627 5620 1694 5679 lem
1714 5615 1819 5677 cansa

181 5758 274 5843 ,tet-lo)
285 5759 475 5891 ffiwt
488 5760 568 5845 epist.
580 5766 627 5831 58,
642 5760 794 5846 indictione
805 5778 850 5837 ιιι,
864 5764 892 5821 in
906 5764 960 5838 pri·
1049 5764 1123 5839 (titt)
1139 5766 1214 5824 Loco
1233 5780 1314 5840 supra
1330 5764 1424 5823 citato.

161 5830 338 5903 nlegsomoa
420 5831 674 5893 tsmctsllledards.
