3870 6164
160 253 229 307 taor

611 255 755 313 sepulto.
776 259 820 316 111.
839 288 874 300 -
891 259 1100 320 nosnatura
1119 263 1350 339 customens.

1734 275 1804 332 rtet

157 376 271 433 eclesie
291 374 326 432 de
344 375 473 433 manibus
486 375 546 451 ejus
568 377 631 436 dolo
650 395 702 437 suo
716 382 813 438 maluit
827 382 953 453 liberare,
968 392 995 456 Α
1009 388 1190 460 augustensis
1213 389 1357 462 episcopus
1371 401 1434 463 post
1447 395 1681 466 recuperationem
1695 411 1753 453 sue
1766 396 1801 454 ci·
1848 414 1854 419 ·

156 488 242 544 quam
257 470 290 527 de
304 470 409 527 eisdem
423 487 488 529 cum
504 472 619 534 damino
644 490 694 532 suo
709 492 778 548 pene
791 477 895 551 absque
905 495 951 552 pc

157 566 243 620 riculo
258 565 285 619 in
305 564 440 621 honorem
462 567 512 622 Dei
535 576 563 622 et
577 571 665 626 sancti
680 570 751 626 Petri
772 566 951 645 triumphare.

157 662 192 716 Et
212 658 374 731 boeotique
395 659 468 727 ideo,
483 661 545 732 quia
563 661 620 734 jaru
635 663 760 738 concepit
782 666 886 736 animo,
900 664 952 724 do-

156 753 264 810 miuum
278 767 361 811 suum
376 768 461 826 regno
477 753 591 824 privare.

383 912 387 921 ς
438 848 653 909 MLXXXViil.

192 945 386 999 Heremannus
400 957 446 997 rex
464 943 636 1001 nativitatem
658 947 775 1004 Domini
786 947 815 1004 iu
834 948 950 1005 saxonia

154 1034 312 1104 celebravit,
328 1034 375 1091 ubi
390 1037 589 1109 etEggibertus
601 1053 694 1096 comes
706 1056 735 1097 se
749 1057 865 1114 regnum
880 1041 952 1099 atte-

153 1137 228 1186 ctare
253 1126 438 1185 manifestavit
470 1139 511 1186 set
541 1131 688 1201 ineassum,
721 1150 786 1191 nam
815 1136 950 1207 principes

153 1223 232 1296 regni
256 1223 280 1279 ei
296 1223 430 1280 assentire
455 1224 614 1294 noluerunt,
637 1227 723 1284 immo
744 1237 821 1285 tanto
845 1229 950 1286 firmius

1007 482 1109 551 vitatis,
1125 492 1152 538 et
1165 484 1318 554 captionem
1329 484 1454 558 Sigifredi
1475 486 1697 561 pseudoepiscopi
1709 488 1744 527 ⁸⁷⁸
1757 492 1800 549 sui
1831 528 1834 533 -

1007 577 1228 647 supplantatoris,
1255 579 1363 650 etipse
1395 579 1468 636 diem
1505 580 1606 636 clausit
1632 591 1798 642 extremum.

1006 670 1100 736 Herel,
1121 669 1295 728 fidelissimus
1308 672 1386 729 miles
1403 672 1489 730 sancti
1515 675 1588 730 Petri
1614 675 1801 734 1801111116-
1832 696 1835 705 ·

1006 771 1083 820 catus
1106 773 1207 822 sancte
1236 766 1327 823 llarie
1350 764 1495 833 augiensis
1514 769 1643 836 coenobii,
1660 779 1797 827 monaste·

1004 857 1076 912 11616
1092 857 1268 916 inhonorem
1283 858 1316 894 ⁸⁸¹
1331 861 1416 916 sancti
1440 861 1564 934 Gregorii
1587 866 1678 932 (1³62)
1693 865 1720 919 iu
1734 879 1800 937 pro=
1835 852 1846 865 ’

1005 952 1067 1022 prio
1093 951 1194 1007 allodio
1227 954 1388 1020 construxit,
1414 955 1442 1010 in
1474 955 1532 1027 ipse
1560 942 1677 1012 'demum
1701 973 1798 1014 mona·
1822 1026 1825 1033 Ι

1004 1045 1072 1101 chus
1085 1044 1173 1101 factus
1186 1044 1311 1119 migravit
1324 1047 1359 1102 ad
1373 1049 1525 1107 Dominum
1551 1049 1683 1107 Kalendis
1716 1030 1813 1108 tantis

1004 1140 1043 1193 Eo
1062 1136 1095 1172 ⁸⁸¹
1108 1147 1231 1211 tempore
1254 1139 1365 1211 quidam
1379 1141 1502 1198 Guiberti
1517 1142 1695 1200 heresiarche
1716 1144 1799 1200 disci·
1834 1174 1837 1179 ·

1003 1232 1093 1304 palus,
1107 1233 1231 1288 videlicet
1243 1235 1453 1290 Wormartensis
1467 1236 1728 1308 pseudoepiscopus
1749 1238 1797 1309 qui

151 1318 950 1393 domnossregideiucepsadherereceperunt‘llsserthaldus
1004 1325 1188 1383 illamsedem
1215 1343 1265 1399 per
1287 1328 1457 1385 scismaticos
1483 1344 1539 1384 non
1558 1339 1734 1387 consecratus
1756 1339 1798 1387 act

154 1412 207 1470 dus
221 1413 320 1470 doctor
342 1413 476 1487 egregius,
492 1413 522 1469 in
542 1415 624 1471 sacris
639 1415 724 1472 literis
738 1416 862 1488 adprime
883 1433 948 1473 eru·
1002 1421 1259 1487 execratusiuvasit,
1270 1420 1582 1493 taudemresipiscenset
1589 1423 1624 1480 ad
1631 1423 1795 1481 catholicam

151 1507 235 1577 ditus,
249 1506 279 1564 in
296 1516 438 1566 senectute
454 1507 527 1564 bona
541 1509 638 1581 plenus
650 1509 758 1566 dierum
773 1511 899 1585 migrarit
913 1509 948 1567 ad
1000 1514 1147 1582 [eclesiam
1173 1513 1216 1584 ⁸⁸³]
1231 1514 1350 1583 rediens,
1365 1517 1554 1588 episcopatum
1581 1516 1696 1587 dimisit,
1711 1532 1796 1590 seque

152 1602 302 1658 Dominum
318 1609 342 1659 1.
361 1602 427 1659 idus
441 1602 542 1658 Martii.
569 1602 619 1659 His
633 1604 802 1678 temporibus
820 1606 910 1661 Pisani
922 1612 950 1662 et
1003 1607 1036 1663 ad
1051 1608 1227 1679 penitentiam
1242 1609 1271 1665 in
1285 1610 1470 1682 Hirsaugiensi
1482 1609 1525 1679 ⁴⁸³]
1546 1611 1714 1667 monaterio
1729 1627 1797 1667 con·

152 1698 311 1755 Genuenses
325 1696 456 1767 (1661))11
470 1696 516 1752 alii
537 1696 616 1753 multi
637 1712 669 1753 ex
685 1698 761 1754 ltalia
776 1696 949 1755 affricanum
1003 1701 1124 1758 tradidit.
1148 1704 1192 1757 sic
1227 1703 1320 1774 utique
1334 1703 1392 1775 jam
1416 1703 1652 1760 aute'triennium
1675 1711 1704 1760 et
1727 1703 1796 1762 alius

149 1805 243 1863 regem
259 1806 397 1863 paganum
411 1788 547 1847 hostiliter
561 1791 730 1859 invaserunt,
746 1800 774 1848 et
791 1792 947 1865 depredata
961 1774 985 1837 Β
999 1795 1120 1869 ejusdem
1136 1796 1260 1853 Guiberti
1276 1797 1435 1869 discipulus,
1447 1799 1578 1854 Metensis
1593 1799 1795 1871 inquampseu·

149 1883 209 1956 elus
231 1893 315 1951 terra,
331 1885 422 1956 ipsum
437 1884 465 1940 in
480 1884 620 1957 quandam
635 1886 817 1943 munitionem
831 1903 946 1959 compa·

149 1980 252 2048 ierunt,
270 1988 372 2035 etcum
387 1978 512 2050 deinceps
523 1980 681 2052 apostolice
694 1981 752 2036 sedi
766 1981 946 2038 tributarium

150 2072 312 2130 effecerunt.
331 2076 392 2128 Dur
407 2071 470 2130 Veli
482 2072 515 2111 lii
529 2072 665 2130 civitatem
687 2078 843 2147 Augustam
863 2091 946 2132 recu·

147 2167 265 2243 pererit,
280 2174 359 2239 capto
378 2166 502 2239 ejusdem
527 2167 701 2241 episcopatus
727 2168 851 2226 invasore
874 2169 944 2242 Sigi-

147 2263 234 2322 fredo.
258 2267 321 2336 Ugo
336 2278 430 2320 comcs
443 2263 476 2320 dc
489 2264 672 2335 Egenesheim
686 2263 882 2337 hisatiamjam
897 2264 944 2321 diu

148 2357 185 2414 ab
209 2357 329 2414 inimicis
351 2366 511 2430 occupatam
534 2357 635 2415 invasit
659 2357 704 2426 ⁴⁷⁸,
727 2366 754 2414 et
775 2356 808 2392 ⁸⁷³
829 2374 943 2431 recupe-

145 2467 210 2508 rare
233 2450 267 2486 ⁸⁷⁸
289 2451 433 2525 temptavit
457 2451 502 2508 ⁴⁷⁵.
529 2455 665 2508 Metenscs
687 2455 855 2521 Rumonem,
871 2453 942 2509 illius

144 2544 222 2602 sedis
236 2561 420 2618 pervasorem,
445 2546 552 2619 penitus
566 2563 581 2603 a
608 2546 718 2604 civitate
734 2547 884 2618 expellunt,
902 2562 942 2604 se-

145 2655 200 2714 que
211 2639 317 2697 661166]
330 2641 457 2714 deinceps
470 2641 522 2697 nisi
542 2641 698 2715 legitimum
714 2649 850 2712 pastorem
864 2657 941 2697 rece-

143 2743 242 2806 pturos
260 2733 420 2807 iuramento
434 2735 620 2803 firmaverunt,
645 2735 690 2807 qui
714 2750 747 2791 eo
767 2743 891 2806 tempore
911 2736 941 2792 in

143 2828 244 2885 Tuscia
264 2828 435 2885 detinebatur
448 2829 477 2884 in
488 2829 624 2901 captione.
641 2832 673 2885 16
685 2827 800 2885 Saronia
815 2828 867 2900 pie
880 2843 941 2885 me-

144 2922 243 2978 morie
272 2921 447 2979 Burchardus
478 2922 708 2978 flatversrarensis
731 2921 884 2994 episcopus,
911 2923 940 2978 in

1001 1889 1181 1963 doepiscopos
1195 1897 1302 1958 (1663),
1329 1891 1477 1963 penitentia
1492 1890 1591 1949 ductus
1609 1892 1796 1964 episcopatum

1000 1983 1116 2051 dimisit,
1136 2000 1219 2055 quem
1232 1984 1326 2041 statim
1346 1987 1449 2053 Brona,
1474 1985 1552 2057 cujus
1567 1986 1692 2057 superius
1711 2001 1790 2043 man-

999 2078 1103 2133 tionem
1124 2077 1252 2145 fecimus,
1272 2095 1328 2135 non
1340 2079 1432 2135 minus
1449 2079 1578 2152 sacrilege
1593 2079 1698 2136 invasit.
1721 2081 1793 2136 Nam

1000 2187 1049 2242 per
1078 2172 1246 2229 scismaticos
1269 2172 1390 2241 intravit,
1417 2173 1523 2229 vivente
1548 2173 1638 2230 adhuc
1669 2173 1793 2247 legitimo

998 2264 1072 2320 illins
1097 2266 1169 2322 sedis
1195 2274 1305 2336 pastore
1329 2267 1517 2333 Heremanno,
1533 2267 1578 2339 qui
1594 2266 1686 2338 potius
1707 2266 1736 2322 in
1750 2281 1795 2323 aa·
1904 2278 1907 2282 ’

998 2358 1093 2430 ptionc
1112 2358 1238 2428 detineri,
1268 2374 1351 2431 quam
1380 2359 1408 2414 in
1434 2359 1564 2416 scismate
1595 2374 1645 2431 pro
1665 2359 1795 2432 episcopo

997 2451 1125 2507 honorari
1136 2451 1169 2487 ‘⁸⁸
1191 2452 1324 2509 catholice
1337 2450 1440 2524 delegit
1462 2452 1508 2506 ⁴⁸⁸.
1522 2452 1703 2511 Gebehardus
1716 2467 1796 2509 rere·

997 2544 1088 2601 rende
1109 2546 1250 2602 memorie
1275 2547 1435 2603 tavavensis
1463 2546 1694 2619 archiepiscopus,
1709 2547 1736 2603 iu
1761 2544 1794 2580 ‘⁸⁷

996 2653 1076 2694 causa
1098 2639 1184 2694 sancti
1209 2639 1280 2695 Petri
1300 2638 1465 2711 precipuus,
1486 2640 1533 2711 qui
1555 2640 1723 2697 scismaticos
1746 2656 1794 2712 pu·

996 2732 1066 2789 blica
1089 2732 1169 2789 dictis
1182 2739 1211 2786 et
1223 2731 1329 2802 scriptis
1342 2731 1486 2787 confutare
1499 2733 1652 2800 cousuevit,
1678 2730 1714 2789 de
1745 2733 1796 2789 hac

996 2825 1110 2883 166117.
1128 2825 1191 2881 Κ61.
1214 2824 1279 2881 Julii
1296 2823 1330 2860 ‘⁸⁸
1343 2823 1510 2891 subtractus,
1534 2840 1667 2897 maguum
1680 2823 1714 2858 ‘⁸'
1731 2841 1794 2881 me·

995 2934 1085 2976 rorem
1120 2918 1262 2976 catholicis
1285 2917 1437 2990 dereliquit.
1466 2917 1640 2974 Bernhardus
1663 2919 1795 2974 Constan-

143 3016 327 3071 causasancti
342 3017 413 3073 Petri
430 3015 611 3083 firmissimus,
627 3015 711 3072 eheul
728 3015 874 3083 occiditur3
890 3014 939 3072 scd
994 3012 1122 3069 tlensium
1141 3013 1272 3085 magister
1301 3012 1449 3079 scolarum,
1473 3011 1514 3067 vir
1536 3010 1748 3080 eruditissimus,
1764 3011 1795 3069 in

141 3108 227 3164 nichil
249 3109 342 3165 differt
357 3126 391 3165 an
411 3110 494 3166 febris
516 3126 549 3165 an
573 3108 677 3182 gladius
698 3110 794 3166 mittat
817 3124 869 3166 nos
902 3108 936 3165 ad
992 3122 1073 3163 causa
1095 3106 1181 3163 sancti
1209 3108 1283 3162 Petri
1311 3105 1538 3174 ferventissimus,
1563 3105 1593 3161 in
1610 3104 1792 3162 Saroniarub

142 3203 307 3260 Dominum.
323 3203 454 3275 biigravit
466 3203 500 3237 ‘⁷⁶
514 3212 606 3259 autem
622 3203 656 3260 ad
670 3204 821 3260 Dominum
831 3209 858 3259 8.
872 3202 937 3259 fdus
955 3159 1150 3257 Cmonachica
1170 3199 1339 3273 professione
1367 3199 1493 3272 migravit
1514 3199 1548 3256 ad
1576 3199 1723 3255 [lominum
1743 3198 1788 3256 ⁴⁹⁰.

140 3296 257 3367 Aprilis.
282 3296 431 3354 Guibertus
446 3307 538 3353 autem
554 3297 738 3353 heresiarches
758 3296 883 3353 nondum
903 3296 938 3352 ab
991 3295 1098 3350 Weeilo
1108 3294 1305 3366 Mogontiensis
1315 3302 1344 3350 et
1353 3291 1549 3366 Meginhardus
1558 3293 1790 3366 wirciburgensis

138 3390 283 3446 invasione
307 3390 550 3463 sedisapostolicae
569 3391 694 3458 cessavit,
720 3405 771 3446 nec
794 3389 938 3447 Heinricus
991 3387 1233 3460 pseudoepiscopi,
1266 3386 1339 3442 inter
1380 3387 1549 3443 scismaticos
1586 3385 1738 3443 eruditione
1763 3394 1792 3443 et

138 3484 292 3556 imperator
307 3484 390 3556 ipsios
407 3493 578 3540 veternosam
598 3483 767 3539 tirannidem
781 3482 814 3517 ⁸⁷⁷
840 3491 936 3540 contra
990 3495 1084 3537 errore
1104 3480 1247 3552 precipui,
1266 3479 1369 3551 absque
1383 3478 1566 3566 'eclesiastica
1592 3479 1789 3536 communione

138 3576 234 3633 fideles
244 3577 331 3634 sancti
343 3577 415 3634 Petri
428 3576 565 3648 deponere
578 3577 675 3646 voluit,
688 3591 757 3648 quos
771 3583 865 3632 tamen
876 3577 936 3631 vin·
989 3573 1120 3630 inlocum
1135 3589 1217 3631 suum
1230 3572 1338 3641 misere,
1349 3580 1391 3628 set
1401 3589 1456 3629 non
1471 3573 1671 3640 miserabiliter,
1685 3571 1787 3630 abiere.

137 3686 202 3727 coro
216 3688 272 3727 nou
287 3672 383 3744 potuit.
402 3674 499 3727 Rome
514 3668 665 3726 cardinales
690 3670 808 3742 episcopi
824 3679 852 3726 et
873 3670 936 3726 reli·
991 3671 1110 3725 Saxones
1123 3684 1138 3723 a
1156 3667 1288 3723 fidelitate
1310 3666 1398 3723 sancti
1412 3667 1486 3723 Petri
1500 3666 1683 3734 discedentes,
1698 3667 1784 3723 Hein-

139 3764 188 3837 qul
203 3764 236 3821 de
250 3764 474 3836 cieroetpopuio
489 3763 613 3821 catholici
631 3765 762 3821 Ottonem
778 3764 936 3821 Ostiensem
991 3762 1091 3830 risum,
1105 3776 1188 3834 quem
1211 3759 1372 3817 multotiens
1385 3760 1589 3832 abjuraverant,
1612 3768 1788 3833 receperunt3

136 3857 312 3931 episcopum,
327 3856 456 3930 religione
479 3865 507 3914 et
520 3857 674 3914 eruditione
692 3857 869 3930 precipuum,
887 3875 936 3931 pa·
989 3855 1061 3913 unde
1075 3859 1266 3914 Heremannus
1277 3869 1327 3910 rer
1339 3853 1489 3911 catholIcus
1502 3854 1537 3910 ab
1552 3854 1591 3909 eis
1610 3853 1639 3909 in
1652 3852 1785 3910 Lathrin·

136 3965 205 4022 pam
232 3956 317 4005 tittum
341 3949 545 4017 ordinaverunt,
581 3951 661 4023 eique
686 3967 799 4019 nomen,
823 3952 935 4009 secundi
989 3951 1062 4023 giam
1076 3952 1197 4016 secessit,
1211 3947 1304 4021 ibique
1317 3963 1373 4004 uon
1387 3948 1475 4004 merito
1492 3955 1554 4019 post
1565 3947 1637 4003 riam
1654 3948 1789 4004 universe

136 4041 247 4100 Urbani
259 4041 418 4098 indiderunt
438 4043 665 4111 4.1dustt1artii;
682 4043 727 4114 qui
744 4044 837 4100 statim
850 4036 876 4100 in
889 4060 936 4102 se·
989 4052 1071 4101 terre
1087 4043 1213 4115 arripnit,
1238 4058 1310 4099 anno
1325 4040 1476 4098 dominice
1496 4039 1690 4097 iucarnationis
1707 4045 1788 4110 1066,

133 4135 232 4209 quenti
253 4134 299 4191 die
321 4136 412 4193 missis
434 4136 522 4193 literis
536 4141 625 4203 (1661)
642 4136 769 4193 omnibus
784 4136 935 4208 catholicis,
989 4138 1064 4210 regni
1085 4152 1149 4192 vero
1173 4137 1232 4209 ejus
1247 4143 1275 4204 7,
1290 4134 1439 4191 indictione
1464 4139 1509 4201 tt,
1534 4141 1563 4189 et
1584 4134 1614 4188 in
1628 4133 1717 4204 patria
1738 4147 1787 4188 aria

136 4236 168 4284 et
181 4243 259 4284 suam
284 4228 488 4286 ordinationem
502 4228 630 4285 omnibus
649 4228 802 4296 declararit,
815 4237 844 4285 et
861 4245 891 4286 se
907 4231 936 4286 in
990 4231 1072 4287 illatis
1086 4228 1239 4285 honorifice
1264 4227 1393 4298 sepelitur
1408 4228 1507 4299 (1361).
1537 4229 1641 4281 lterum
1661 4226 1784 4281 Saxones

134 4321 266 4378 omnibns
276 4322 387 4395 vestigia
401 4322 444 4379 sui
457 4318 664 4395 predecessoris
676 4323 728 4394 pie
739 4322 773 4356 ⁸⁷⁸
794 4324 936 4381 memorie
990 4321 1109 4379 factione
1133 4319 1273 4393 Eggiberti
1285 4318 1453 4375 marchionis
1467 4319 1598 4375 Heinrico
1610 4317 1786 4386 rebeharunt,

137 4414 351 4489 Gregoriipape
366 4416 574 4474 observaturum
588 4415 767 4473 denunciavit.
792 4415 936 4490 Wigoldus
989 4431 1119 4488 eumque,
1133 4412 1231 4469 ablatis
1253 4412 1306 4469 sibi
1331 4412 1468 4484 regalibus
1482 4410 1647 4484 insignibus,
1663 4409 1699 4467 de
1717 4409 1786 4468 obsi·

781 4551 903 4607 VARIAE
915 4548 1128 4606 LECTIONES.

174 4670 208 4706 ⁸⁷³
228 4675 281 4727 olio
299 4677 512 4745 temporeperpit
528 4680 552 4730 1.
591 4674 624 4708 ⁸⁷⁸
640 4675 732 4731 Welio
750 4690 864 4731 crosco.
883 4680 908 4731 1.
922 4673 1066 4741 weltere,
1103 4671 1177 4726 ‘livit
1190 4661 1246 4726 lo'co
1259 4687 1320 4727 roso
1333 4670 1539 4726 litteramirrori
1554 4671 1578 4723 1.
1616 4665 1787 4739 ‘⁷‘bfigravit

134 4773 171 4783 -
187 4744 287 4812 Aprilis
297 4749 326 4799 iu
343 4746 396 4800 loco
420 4748 473 4801 litt.
489 4763 526 4801 m.
542 4752 567 4801 1.
587 4745 746 4812 decantet,
774 4748 985 4817 6661666166).-
1010 4749 1043 4800 Et
1070 4743 1128 4800 haec
1151 4742 1261 4814 quidem
1282 4742 1355 4813 apud
1372 4741 1466 4797 fideles
1488 4742 1516 4796 S.
1546 4739 1615 4795 l’etri
1633 4738 1785 4823 agebantur

135 4815 228 4877 habet,
254 4821 279 4871 et
301 4819 487 4887 iterprimcm
513 4834 531 4871 o
554 4819 683 4872 bernoldo
707 4821 837 4888 scriptam
857 4820 956 4885 scisse,
977 4817 1138 4888 priusquam
1156 4819 1317 4885 praesentem
1341 4815 1477 4868 lectionem
1502 4813 1640 4882 reciperet,
1670 4816 1785 4880 oestvgto

134 4887 267 4941 irtcovlirc
290 4895 314 4942 l.
330 4889 481 4944 ostenderat.
539 4887 738 4947 117166111-
789 4889 882 4943 tuitirr
904 4890 1031 4943 locoroso
1054 4887 1072 4940 l.
1088 4890 1164 4942 m.t.
1221 4883 1348 5012 mpm.
1374 4886 1408 4942 G.
1424 4901 1451 4955 p.
1474 4884 1607 4939 desueti.
1665 4879 1697 4915 ⁸⁷⁹
1712 4897 1738 4952 p.
1756 4896 1782 4935 e.

135 4957 235 5013 descrit
259 4964 283 5014 t.
341 4958 374 4992 ⁸⁸⁰
389 4976 411 5016 s.
426 4964 456 5017 P.
473 4961 570 5016 desunt
584 4967 611 5017 2.
666 4958 744 5017 ⁴⁸¹iu
780 4956 980 5016 ,desunt‘t.‘⁸‘
1001 4961 1090 5014 Eo-
1113 4955 1247 5014 catholice
1280 4957 1360 5029 elegit
1388 4957 1484 5012 desunt
1514 4961 1541 5011 2.
1597 4952 1631 4987 ⁴⁸³
1654 4954 1726 5009 deest
1758 4959 1782 5005 1.

136 5029 191 5084 al·
246 5028 281 5067 *⁸⁵
297 5030 464 5104 hirsaugensi
485 5033 681 5103 superscriptoi
698 5039 723 5088 1.
779 5030 926 5086 illioloco
944 5031 1118 5086 resciret
1175 5026 1208 5062 ⁸⁸⁶
1232 5031 1328 5084 iterum
1346 5031 1480 5100 perpitt.
1532 5025 1567 5111 {⁸⁷
1584 5026 1650 5081 ine.
1667 5039 1689 5080 a.
1707 5023 1737 5077 P.
1754 5036 1781 5090 p.

137 5101 277 5155 1166161.
334 5101 769 5160 11816116116161166111.
826 5101 859 5136 ⁸⁸⁹
882 5104 926 5158 lu'e
943 5104 972 5157 in
993 5107 1019 5156 2.
1035 5102 1132 5169 foliam
1149 5102 1266 5158 16111166
1280 5105 1334 5168 esl3
1353 5100 1445 5173 perficit
1471 5105 1632 5156 matrzatum
1660 5105 1780 5150 censere.

137 5169 272 5244 ΔΙΙΒ01111611
295 5180 320 5229 1.

901 5270 1022 5353 NOTAE.

176 5397 526 5468 (1660)]16111166111166
548 5397 584 5455 cf.
599 5399 721 5453 Leonem
739 5394 893 5454 Ostiensem
908 5400 934 5463 a,
992 5399 1061 5450 1664
1077 5397 1151 5451 :Hoc
1171 5409 1242 5450 auno
1255 5393 1320 5450 cetto
1337 5393 1365 5451 S.
1387 5392 1501 5472 Georgii
1514 5387 1643 5469 primitae
1664 5385 1783 5456 incaepto

136 5476 183 5538 70,
200 5479 227 5525 et
239 5486 350 5525 carmen
367 5470 395 5524 in
408 5469 502 5525 codice
514 5469 587 5542 regio
600 5469 769 5525 bruxellensi
782 5476 935 5536 serratum3
990 5469 1028 5521 est
1046 5466 1188 5535 edificari,
1210 5473 1237 5520 et
1254 5465 1288 5522 ad
1299 5480 1324 5522 1.
1341 5470 1428 5521 1088:
1444 5462 1511 5516 obtat
1535 5456 1614 5512 Heztl
1646 5456 1783 5538 fundator

135 5556 166 5597 v.
187 5543 307 5597 Annales
329 5549 438 5598 nostros
451 5549 471 5597 t.
498 5542 559 5606 Vll,
593 5583 600 5596 .
624 5545 686 5597 639.
990 5538 1061 5591 cello
1076 5537 1104 5594 S.
1121 5537 1243 5606 Georqir'3
1254 5534 1326 5608 quod
1339 5551 1401 5592 cum
1412 5527 1551 5587 Bernoldo
1565 5537 1698 5584 convenit.
1716 5529 1782 5585 Uos.

173 5614 266 5681 11361)
277 5615 389 5668 Exstant
404 5611 432 5667 iu
459 5612 585 5668 Marteuir
619 5609 781 5666 collectione
807 5611 932 5666 Manum.
1024 5613 1114 5674 (1363)
1130 5609 1229 5665 Waldo
1243 5610 1271 5665 S.
1287 5604 1394 5663 Arnolti
1406 5601 1490 5657 abbas
1503 5614 1535 5655 cx
1559 5601 1674 5672 lingone
1691 5595 1781 5657 Plari-

135 5685 260 5753 ampliss.
279 5694 299 5740 t.
325 5688 348 5749 l,
366 5683 419 5739 col.
434 5689 497 5741 520.
519 5685 585 5741 Usa.
988 5678 1059 5735 niae.
1085 5682 1147 5737 Ues.

173 5756 264 5823 (1662)
280 5759 312 5810 16
335 5755 470 5812 Chronico
491 5757 518 5811 S.
536 5753 656 5828 Georgii,
678 5751 752 5825 qnod
775 5751 899 5808 exstabat
907 5752 935 5807 in
1023 5753 1114 5823 (1661)
1130 5750 1172 5808 Cf.
1197 5751 1301 5808 Chaon.
1315 5741 1471 5811 Petershus,
1483 5740 1503 5798 Ι.
1521 5757 1556 5810 11,
1569 5758 1598 5797 6.
1614 5746 1657 5798 39.

135 5823 281 5896 deperdito
302 5826 361 5898 jam
381 5826 476 5884 codice
500 5826 666 5898 villingano,
695 5823 834 5896 legebatur
855 5821 890 5878 ad
906 5837 932 5878 a.
