3884 6158
144 292 212 350 vtae
596 258 740 345 avenne.
760 289 804 346 m.
823 318 859 331 -
876 290 1084 348 uosuuaura
1103 277 1354 350 1111011111·
1720 299 1788 355 raas

142 433 205 477 suos
214 431 279 475 usus
292 417 432 490 disponi,
446 415 539 472 laabim
558 415 665 471 mietio
680 416 838 484 Mogontia,
854 431 888 471 ea
899 421 1033 486 prompto
1055 432 1136 488 popo
1147 417 1314 483 1111111111,
1323 419 1473 491 praedictus
1495 424 1612 480 Simonis
1625 423 1785 495 discipulae,

141 491 262 547 nondum
275 494 442 546 mesomelas
460 489 614 559 deperiitm,
626 488 694 558 qaip
737 502 797 541 oum
813 503 832 542 e
843 488 944 543 elensis
964 487 1213 545 cominatiensidats
1227 491 1329 547 ididem
1340 498 1491 561 accusatus,
1505 495 1607 565 objecto
1618 510 1715 564 aeqore
1731 511 1785 551 nera

138 566 243 634 posset,
265 562 442 616 euisueeessit
451 561 480 613 in
491 561 646 629 episcopare
657 558 690 615 Ot
710 572 734 612 o.
747 558 789 612 De
803 557 899 613 eadem
909 556 1012 630 synodo
1024 559 1166 617 blarianus
1179 569 1207 616 et
1224 561 1397 618 Lambertus.

117 656 119 660 >
177 631 293 688 Vivebat
306 639 372 687 tune
386 631 415 687 in
429 630 505 685 curia
516 637 544 686 et
558 628 677 685 Ecclesia
692 630 818 684 lfomana
830 627 1034 685 Hildehrandus
1048 630 1258 688 archidiaconus
1273 641 1302 688 et
1314 632 1576 702 archicancellarius,
1595 644 1689 706 postea
1712 637 1782 693 Gre·
1883 670 1886 677 ·

141 700 236 776 gorius
253 703 302 757 Vll
317 702 345 758 in
356 701 515 773 pontificatu
530 699 690 772 appellatus,
709 699 861 755 acerrimus
877 699 1117 757 schismaticorum
1133 711 1162 758 et
1175 703 1407 770 incontinentium
1425 704 1589 762 clericorum
1605 706 1693 763 hostis
1704 714 1732 762 et
1745 709 1785 761 in-

138 781 275 858 sectator}
287 773 365 845 cujus
378 773 489 831 monitu
503 769 659 829 Alexander
671 768 807 855 pontifex,
821 771 945 854 quamvis
956 771 1014 897 igne
1027 772 1110 854 etiam
1127 788 1177 854 sua
1196 789 1209 829 s
1227 846 1232 857 Ι
1247 783 1295 831 nte
1307 776 1373 831 satis
1384 776 1516 832 adversus
1537 777 1683 851 sacrileges
1696 787 1724 834 et
1736 779 1784 835 lla-

138 853 252 919 grtrosos
267 843 468 911 inflammatus,
482 843 571 900 multa
586 843 693 916 egebat,
715 850 744 898 et
765 841 855 898 vnolvtr
880 843 946 899 mah
981 842 1044 898 bras
1058 851 1183 914 stirpitus
1199 843 1300 901 erdere
1320 847 1454 914 tentabat,
1479 850 1631 921 exagitatus
1645 858 1672 905 et
1693 850 1782 921 ipseo

137 915 330 983 schismaticis,
344 914 470 987 opposito
488 912 609 971 cadaloo
621 913 758 985 antipapa,
772 912 843 969 sieut
855 921 948 986 postea
963 913 1113 987 Gregorius
1126 916 1178 971 Vll
1193 931 1208 971 a
1224 916 1383 973 Guibertina
1402 917 1520 975 factione
1534 928 1648 977 vexatus
1658 929 1712 976 est.

272 1176 454 1240 SYNODUS
479 1175 710 1237 MOGUNTINA
735 1175 775 1236 ΙΝ
802 1173 931 1236 CAUSA
955 1173 1094 1236 CAROLI
1118 1174 1443 1240 cousaaNTlENsts
1470 1181 1653 1242 EPlSCOPl.

175 1450 333 1518 imperante
345 1460 428 1518 super
448 1445 543 1502 omnia
556 1444 722 1503 aeternaliter
742 1459 840 1517 regum
859 1445 935 1515 Rege
947 1448 975 1512 Α
989 1443 1043 1501 hoe
1056 1447 1215 1518 apostolicae
1230 1449 1431 1520 benedictionis
1448 1457 1653 1506 sacramentum
1665 1465 1721 1505 non
1735 1448 1785 1505 de-

141 1539 261 1598 Domino
283 1547 381 1597 nostro
401 1539 469 1596 lesu
489 1538 610 1606 Christe,
632 1547 661 1595 et
683 1537 736 1595 sub
757 1553 791 1595 eo
806 1543 937 1609 regnante
991 1538 1067 1606 here,
1092 1556 1143 1597 nee
1157 1544 1288 1600 canonice
1311 1558 1390 1616 posse
1403 1543 1433 1599 in
1455 1559 1488 1599 eo
1510 1543 1570 1600 sine
1584 1543 1786 1599 examinatione
1856 1544 1861 1556 '

139 1633 327 1706 temporaliter
340 1632 516 1690 serenissimo
528 1631 658 1689 Heinrico
677 1646 741 1704 rege
754 1630 835 1703 hujus
847 1631 937 1688 nomi·
991 1632 1134 1702 celebrari,
1149 1651 1199 1707 pro
1218 1652 1252 1692 eo
1272 1637 1346 1709 quod
1359 1636 1484 1694 fidelium
1498 1637 1678 1710 graviumque
1695 1650 1787 1708 perso·

139 1728 184 1785 nis
197 1735 309 1800 quarto,
322 1725 470 1784 venerabili
481 1740 591 1799 quoque
605 1724 751 1798 sigefrido,
766 1725 938 1797 llleguntinae
991 1742 1090 1783 aarum
1108 1729 1240 1786 relatione
1252 1730 1387 1800 didicerit,
1410 1730 1537 1802 quinimo
1552 1739 1580 1787 et
1596 1729 1670 1787 fama
1684 1745 1786 1803 usque·

139 1820 267 1879 Ecclesiae
278 1821 393 1892 primate
405 1818 679 1891 etapesteltcaesedis
688 1819 938 1892 legate,auvigante
991 1836 1100 1894 quaque
1123 1823 1273 1895 vulgaverit
1292 1823 1367 1896 quod
1385 1839 1442 1880 non
1466 1839 1514 1896 per
1541 1824 1641 1880 ostium
1665 1824 1692 1879 in
1717 1822 1787 1881 ovile

140 1911 837 1987 11111111111111111,1111111111111,
850 1928 939 1968 annus
991 1915 1085 1972 evium
1101 1919 1187 1983 (leuve.
1209 1922 1242 1984 x)
1256 1917 1338 1974 vellet
1350 1917 1461 1984 intrare,
1476 1917 1523 1974 sed
1538 1934 1587 1990 per
1599 1916 1730 1974 furtivam
1747 1918 1787 1973 Si·

140 2009 278 2065 lncamati
304 2008 387 2065 Verbi
417 2012 499 2077 1071,
522 2015 619 2064 octava
645 2004 798 2063 indictione
820 2006 938 2063 Romani
991 2010 1116 2066 moniace
1130 2011 1277 2082 impietatis
1297 2012 1401 2068 scalam
1417 2011 1526 2069 aliunde
1546 2012 1679 2067 niteretur
1692 2026 1787 2067 aseen-

139 2117 250 2173 censne,
269 2102 408 2159 celebrata
424 2109 465 2158 est
483 2098 715 2174 sanctasynodus
730 2099 804 2173 apud
824 2101 939 2171 Mogun·
990 2101 1064 2171 dere,
1079 2118 1109 2160 se
1124 2119 1234 2176 quoque
1248 2104 1311 2160 talis
1325 2104 1456 2161 introitus
1474 2105 1532 2176 ejus
1552 2104 1625 2161 nolle
1640 2104 1785 2160 ostiarium
1836 2100 1874 2173 '¹

141 2195 210 2253 bam
230 2196 409 2268 metropolim
432 2195 581 2252 orientalis
602 2194 738 2263 Francia,
759 2194 937 2266 principalem
990 2192 1119 2263 lieri‚cui
1133 2196 1261 2253 Christus
1274 2198 1343 2269 ipse,
1357 2198 1404 2271 qui
1418 2199 1523 2254 ostium
1537 2199 1696 2265 settled),
1711 2196 1787 2253 vide·
1834 2240 1840 2245 .

141 2302 208 2344 vero
221 2288 356 2360 pontificii
365 2288 461 2345 udam
472 2289 559 2344 totius
568 2286 729 2345 Germaniae
737 2287 870 2344 ctGallire
880 2287 938 2343 Cis·
990 2295 1036 2344 tur
1054 2288 1152 2344 obniti.
1168 2288 1239 2360 Quin
1266 2290 1354 2362 ipsam
1368 2290 1520 2363 impietatis
1533 2291 1636 2347 scalam
1650 2291 1680 2345 in
1698 2288 1787 2361 lapide

142 2381 250 2451 alpinae,
265 2380 309 2436 cui
329 2379 459 2452 praesedit
472 2378 546 2436 idem
566 2379 756 2436 memorabilis
775 2378 936 2451 Sigefridus‚
990 2379 1151 2438 offensionis
1165 2389 1193 2438 et
1208 2391 1285 2454 petra
1311 2382 1433 2440 scandali
1456 2386 1481 2450 (l
1502 2387 1576 2440 Petr.
1604 2387 1652 2451 rr),
1667 2398 1696 2438 se
1718 2382 1787 2438 velle

141 2472 327 2531 assidentibus
341 2482 370 2530 et
383 2471 598 2546 cooperantibus
611 2471 664 2527 sihi
677 2471 882 2528 venerabilibus
894 2487 939 2528 ar·
989 2481 1151 2541 conterere,
1166 2475 1310 2546 ipsumque
1329 2492 1344 2531 a
1360 2476 1525 2535 maresuaria
1543 2475 1684 2531 Dominiei
1697 2475 1788 2546 gregis
1868 2540 1871 2545 g

142 2565 324 2639 ohiepiseopis
342 2564 505 2630 Gehehardo
522 2563 669 2620 lutevensi
683 2571 711 2619 et
728 2565 823 2621 Utone
835 2567 938 2620 Treve-
992 2566 1171 2636 occupatione
1185 2568 1265 2637 lenge
1277 2569 1412 2640 longeque
1425 2569 1567 2640 repellere.
1581 2569 1631 2624 llle
1646 2576 1742 2625 contra
1758 2583 1788 2624 se

142 2660 216 2718 renat
237 2678 244 2716 :
264 2658 471 2717 considentibus
486 2674 551 2716 vero
569 2665 598 2714 et
610 2656 843 2714 collaborantibus
861 2671 938 2713 reve·
992 2657 1072 2730 hujus
1094 2658 1218 2714 criminis
1240 2668 1267 2716 et
1288 2659 1424 2716 haereticae
1451 2661 1603 2731 impietatis
1629 2662 1785 2718 immunem

142 2754 236 2812 randis
249 2753 570 2828 episeopisadelherona
585 2750 809 2824 wirzburgensi,
825 2751 937 2808 Gunde·
993 2752 1087 2807 multis
1099 2754 1270 2824 argumentis
1292 2767 1414 2809 asserere
1433 2752 1582 2822 nitebatur,
1603 2768 1697 2824 seque,
1717 2754 1740 2809 si
1762 2754 1787 2810 ei

142 2847 228 2906 charo
251 2847 415 2917 Eistetensi,
438 2845 625 2903 fimbriehonc
648 2845 833 2916 Augustensi,
858 2845 938 2902 fleri·
955 2816 1072 2916 Beopia
1086 2854 1251 2919 tempusque
1270 2845 1361 2915 detur,
1385 2846 1466 2919 hujus
1485 2845 1605 2903 infamiae
1617 2852 1714 2903 notam
1728 2862 1745 2902 a
1758 2861 1788 2903 se

142 2938 941 3014 mannoBabebergensi,Werenheroargentinensiliein-
992 2939 1146 3013 propellere
1170 2939 1238 2995 velle
1259 2947 1385 3008 testatur,
1411 2938 1530 3013 indeque
1557 2939 1625 3012 petit
1649 2939 1788 3012 synodalis

144 3035 202 3093 rico
210 3036 343 3109 Spirensi,
349 3037 482 3092 bennone
490 3033 690 3105 osinburgensi
700 3031 940 3104 [osnaburgensi],
992 3033 1099 3089 concilii
1111 3031 1292 3102 audientiam,
1307 3032 1333 3088 in
1347 3049 1400 3106 qua
1412 3048 1494 3106 super
1506 3032 1558 3089 hac
1576 3048 1606 3089 re
1624 3048 1706 3089 suam
1720 3049 1786 3105 pro-

142 3129 320 3188 Etmenfrido
334 3128 492 3197 sedunensi,
508 3127 655 3183 fleriherto
667 3124 816 3182 Mutinensi
832 3143 839 3181 ε
854 3126 940 3182 consi
992 3125 1058 3183 bare
1079 3125 1163 3199 possit
1188 3126 1391 3195 innocentiam,
1418 3125 1511 3199 ibique
1536 3127 1787 3195 consecrationem,
1844 3176 1847 3181 .

146 3221 273 3281 dentibus
291 3238 356 3280 vero
378 3230 407 3279 et
425 3220 611 3278 annitentibus
630 3218 812 3277 sancdssimis
831 3217 938 3275 abbati·
993 3234 1078 3292 quam
1100 3220 1223 3293 petebat,
1244 3229 1291 3277 aut
1304 3221 1435 3278 canonice
1455 3221 1506 3278 sibi
1519 3221 1580 3279 dari
1594 3222 1787 3278 autcanenieo
1874 3198 1886 3221 '

143 3317 210 3386 bus,
233 3333 284 3374 neo
307 3299 365 3373 non
391 3314 555 3372 inferiorum
577 3313 708 3371 ordinum
730 3311 940 3385 quamplurimis
992 3315 1094 3386 negari.
1478 3373 1480 3379 ,
1837 3309 1843 3321 “

143 3426 253 3485 magnae
261 3410 433 3469 auctoritatis
444 3417 472 3466 et
480 3408 622 3481 sapientiae
630 3407 705 3463 viris.
716 3405 838 3464 Aderant
847 3415 939 3464 autem
1028 3408 1177 3464 Mittuntur
1187 3410 1292 3467 interea
1301 3410 1336 3467 ad
1348 3410 1531 3467 venerabilem
1542 3409 1787 3482 metropolitanum

144 3505 230 3563 etiam
242 3505 323 3578 legati
336 3504 507 3577 reliquorum
522 3501 649 3571 fratmm,
669 3500 795 3558 videlicet
808 3499 940 3573 suffraga-
992 3502 1096 3559 erebrae
1107 3501 1142 3559 ds
1156 3501 1256 3574 palatio
1276 3504 1435 3576 legationes,
1456 3505 1546 3560 mistis
1560 3505 1686 3576 precibus
1699 3504 1788 3561 minas

147 3612 265 3657 neotum
275 3597 399 3671 eiusdem
412 3594 618 3667 metropolitani
631 3593 758 3650 andedos
772 3593 900 3666 epistolas
911 3601 941 3650 et
992 3602 1021 3652 et
1040 3596 1186 3667 imperiosa
1204 3596 1238 3654 de
1263 3597 1313 3654 hac
1327 3599 1535 3655 consecratione
1548 3597 1679 3654 mandata
1693 3595 1787 3654 feren-

145 3692 275 3751 mandata
285 3689 415 3760 ferentes,
429 3689 529 3761 quibus
538 3690 657 3745 excusati
672 3686 848 3757 haberentur,
863 3688 938 3760 qued
991 3697 1043 3746 tes.
1059 3690 1209 3747 Mittuntur
1221 3698 1249 3746 et
1262 3691 1358 3748 litterae
1372 3708 1387 3747 a
1399 3691 1516 3764 praesule
1529 3692 1688 3764 apostelicae
1701 3690 1785 3757 sedis,

143 3786 253 3845 invitati
263 3786 382 3844 coneilio
392 3788 522 3842 interesse
533 3790 721 3856 nonpossent‚
734 3783 817 3839 certis
826 3782 940 3855 quihus·
992 3782 1157 3840 mandantes
1170 3800 1205 3841 ne
1219 3785 1275 3842 ullo
1289 3784 1375 3842 modo
1393 3793 1569 3842 consecretur
1582 3785 1643 3842 sine
1656 3785 1787 3841 senatinio
1815 3832 1821 3837 .

142 3881 208 3940 dam
228 3878 442 3953 impedientibus
458 3877 563 3946 musis,
586 3876 631 3934 alii
651 3875 780 3950 quidem,
799 3891 940 3949 corporeae
992 3878 1134 3935 canonicae
1152 3879 1333 3951 purgationis.
1353 3882 1388 3935 Et
1407 3879 1484 3952 quod
1503 3894 1550 3935 rex
1564 3885 1698 3950 potestate
1707 3877 1786 3950 jube·
1868 3938 1871 3943 ,

142 3973 312 4033 infirmitatis
323 3981 438 4046 urgente
451 3971 592 4041 molestia,
604 3970 663 4040 alii,
676 3970 707 4026 in
720 3968 885 4041 quibusdam
899 3986 942 4026 re·
993 3971 1041 4028 hat
1059 3974 1203 4028 Romanus
1215 3971 1337 4044 pontifex
1357 3972 1520 4029 anctoritate
1541 3970 1715 4044 prohibebat.
1729 3973 1786 4027 Ac-

143 4068 191 4141 gni
204 4067 322 4140 negotiis
334 4065 417 4140 regie
425 4064 560 4139 jussionis
568 4063 708 4122 detinente
726 4063 857 4134 potentia.
873 4063 937 4132 Qui,
992 4063 1095 4122 cedunt
1107 4073 1137 4122 et
1151 4065 1277 4123 canonici
1295 4065 1512 4123 constantiensis
1522 4064 1653 4121 Ecclesiae
1666 4078 1698 4118 ex
1711 4076 1787 4117 com·

142 4160 212 4221 dum
229 4161 362 4219 canonice
374 4166 440 4216 sunt
450 4157 584 4225 excusati,
600 4157 652 4230 ipsi
673 4157 755 4229 legati
769 4157 937 4229 competenti
993 4158 1071 4213 muni
1084 4159 1171 4215 totins
1183 4158 1247 4214 cleri
1261 4168 1288 4214 et
1302 4158 1395 4231 pepuli
1410 4159 1554 4230 legatione,
1570 4155 1737 4212 unanimiter
1746 4169 1787 4211 as

144 4255 205 4313 loco
225 4263 254 4312 et
272 4254 368 4313 ordine
388 4267 484 4311 eorum
505 4250 657 4325 funguntur
675 4249 861 4322 unusquisque
881 4249 938 4306 viee
992 4259 1115 4308 serentes
1134 4251 1263 4308 carolum
1286 4250 1359 4306 nulla
1376 4251 1481 4306 ratione
1503 4249 1657 4307 consecrari
1676 4246 1787 4311 dehere,

143 4347 274 4406 mestitia
292 4349 344 4407 sni.
706 4399 708 4403 ,
992 4344 1064 4416 qnia,
1080 4359 1113 4400 ex
1130 4358 1185 4415 quo
1196 4358 1261 4399 enm
1275 4342 1352 4399 inviti
1365 4351 1393 4398 et
1406 4343 1458 4398 sub
1472 4342 1633 4399 conditione
1647 4340 1788 4413 elegerunt

179 4443 247 4501 lites
259 4442 379 4514 denique
396 4447 492 4497 sancta
505 4437 628 4512 synodus
648 4451 712 4495 oum
726 4444 837 4510 propter
850 4437 939 4494 multa
992 4445 1021 4494 et
1031 4441 1201 4510 receperunt,
1216 4437 1321 4493 nullam
1335 4435 1374 4493 eis
1388 4435 1532 4508 pastoralis
1546 4433 1627 4490 oflicii
1639 4433 1788 4505 impendis·

143 4535 289 4608 pastoralis
310 4548 386 4592 eures
405 4533 519 4605 negotia
539 4532 684 4604 pluresque
706 4546 817 4599 causas,
839 4529 939 4603 quibus
992 4540 1160 4599 setcuram3
1180 4530 1246 4604 quin
1259 4529 1349 4602 potius
1361 4529 1512 4603 tyrannicae
1524 4527 1719 4585 dominationis
1731 4542 1787 4584 non

138 4628 215 4702 jrtato
229 4626 384 4686 adhibenda
398 4633 456 4683 erat
475 4624 664 4682 ecclesiasticas
677 4623 856 4681 correctionis
874 4639 937 4681 cen·
993 4635 1112 4683 cessaret
1125 4640 1206 4697 super
1219 4639 1267 4681 eos
1280 4638 1404 4680 exercere
1417 4637 1593 4694 pressuram,
1607 4635 1658 4677 nec
1671 4636 1787 4677 manum

142 4735 223 4792 aura,
245 4729 307 4779 tum
329 4720 448 4777 maxime
470 4718 574 4776 indicta
593 4725 623 4773 et
640 4715 734 4773 habita
755 4725 807 4784 est,
829 4725 939 4789 propter
993 4717 1172 4776 eonhnuisset
1191 4733 1208 4774 a
1227 4718 1312 4774 saeris
1331 4732 1382 4774 nee
1396 4716 1560 4789 pepercisset
1577 4715 1606 4771 in
1626 4713 1787 4787 diripiendis

142 4814 274 4873 Carolnm
287 4812 447 4888 quemdam,
460 4812 509 4885 qui
518 4808 738 4870 Genstentiensis
752 4809 880 4866 Ecclesiae
893 4811 938 4868 de·
994 4812 1123 4869 Ecclesiae
1136 4811 1280 4880 thesauris,
1300 4819 1328 4867 et
1344 4808 1639 4882 quodcunque'rapaei
1658 4808 1786 4865 violentia

136 4906 505 4981 ,signatuseratepiseopuu
521 4903 583 4973 sed,
601 4911 633 4961 ut
653 4910 717 4975 post
730 4902 770 4960 rei
783 4903 872 4960 exitus
884 4901 937 4960 do·
994 4905 1141 4963 corradere
1163 4905 1311 4978 potuisset,
1335 4903 1388 4960 hoe
1407 4911 1505 4959 totum
1525 4901 1657 4958 ministris
1677 4899 1786 4972 Magni,

142 5000 212 5070 cuit,
226 5016 282 5058 non
294 4999 360 5057 satis
370 4997 502 5056 canonice
520 4997 623 5054 electus
634 5003 663 5053 et
677 5003 823 5068 provectus
835 4998 936 5063 (1159).
994 4999 1052 5055 imo
1070 4997 1142 5072 Magi
1155 4997 1227 5055 illius
1241 4996 1373 5062 Simonis,
1387 4996 1415 5054 id
1430 5004 1481 5066 est,
1496 4996 1553 5054 suis
1565 4995 1717 5052 fautoribus
1729 4990 1786 5048 dis·

143 5092 207 5163 ffisss
222 5101 254 5153 ut
266 5093 390 5152 ⁸0¹⁰m⁰0
402 5099 460 5158 0⁸¹,
474 5097 584 5163 810011Ιᾶ
602 5103 695 5163 aroge
708 5087 872 5161 pontificalis
888 5103 936 5144 an·
993 5092 1150 5161 tribuisset,
1171 5101 1201 5147 ut
1223 5105 1342 5164 quorum
1357 5090 1455 5147 adnisu
1476 5089 1656 5148 adulterinam
1669 5085 1787 5142 meruis-

141 5183 199 5241 ¹¹¹¹¹5
227 5192 256 5242 ⁶²
281 5183 424 5257 liiwffllli
449 5181 547 5241 siml&
568 5181 744 5249 investitura,
768 5189 796 5238 et
820 5179 850 5237 in
873 5180 938 5239 sede
993 5195 1035 5244 set
1050 5185 1221 5254 electionem,
1232 5199 1329 5241 eorum
1345 5184 1432 5241 venali
1444 5180 1627 5241 mercimonio
1640 5192 1789 5250 conseque

142 5278 275 5351 episcopii
288 5286 424 5351 receptus,
437 5277 520 5352 regiae
532 5277 675 5351 potestatis
684 5275 801 5351 jubente
812 5291 936 5346 censura,
992 5288 1070 5337 retur
1082 5279 1251 5336 mercenaria
1270 5293 1322 5350 pro
1335 5277 1539 5337 consecratione
1558 5271 1787 5339 exsecrationem,

141 5372 299 5444 postulabat
311 5388 328 5431 a
339 5372 456 5444 primate
470 5371 656 5444 moguntiensi
666 5370 790 5444 eiusdem
804 5372 937 5429 11111111·
991 5388 1041 5446 pro
1053 5372 1245 5430 benedictione
1258 5371 1489 5430 maledictionem.

140 5466 237 5525 danais
250 5468 380 5527 Feelesite
391 5483 422 5525 sa
440 5467 631 5540 episcopatum
642 5467 810 5526 consecrari.
824 5465 878 5525 Sed
891 5482 937 5524 ve·
1027 5471 1066 5523 nt
1087 5466 1320 5539 metropolitanus
1341 5466 1455 5523 antistes
1479 5462 1549 5518 inter
1561 5458 1643 5532 hujus
1666 5459 1798 5540 [harum]¹

140 5559 272 5617 nerahilis
293 5555 460 5633 sigefridus,
481 5560 641 5618 columbino
666 5560 747 5618 oculo
770 5560 935 5632 serpentinae
948 5557 976 5622 1)
990 5560 1158 5635 legationum
1167 5562 1321 5630 varietates,
1335 5559 1411 5616 velut
1418 5557 1492 5613 inter
1501 5554 1585 5611 dures
1592 5562 1787 5627 tempestatum

140 5653 295 5725 prudentiae
317 5670 432 5713 omnem
450 5668 607 5726 precavens
627 5653 810 5727 impietatem,
830 5653 938 5711 dicebat
991 5655 1127 5723 turbines,
1142 5655 1273 5713 laudabili
1286 5649 1442 5709 consentia
1463 5648 1491 5703 in
1504 5648 1596 5719 seipso
1615 5647 1687 5705 fixus
1701 5647 1802 5702 haeres

179 5772 625 5846 (ressmertholdusincmonieo
635 5778 788 5832 aanoldis
797 5795 802 5832 :
812 5776 938 5832 Constan-
990 5780 1097 5835 niueum
1109 5776 1224 5835 heresin
1236 5778 1265 5832 in
1281 5775 1462 5844 episcopatum
1473 5771 1605 5826 emcessv't.

143 5847 195 5901 tie
209 5849 346 5917 aptemus
354 5846 501 5904 muudus
510 5845 592 5915 obiit3
606 5848 651 5903 cui
663 5847 773 5904 carolus
782 5863 834 5919 per
844 5849 935 5905 Simo-

1126 6041 1151 6071 Ν
