3884 6158
186 299 238 353 asa
343 273 346 278 ’
556 326 559 335 -
800 291 980 348 concanora
998 262 1164 350 nomana
1183 293 1226 351 ru.
1783 301 1835 355 anx
1934 302 1937 311 ’

157 438 160 445 ·
186 419 217 476 rii
231 418 278 476 lib.
294 434 330 486 xr,
353 427 417 492 post
441 419 519 492 epist.
538 422 581 488 55,
605 417 741 475 habentur
760 416 813 473 hoc
827 416 910 473 titulo
933 419 981 474 in·
997 423 1022 486 Α
1037 434 1103 491 pore
1117 419 1145 476 in
1162 422 1320 477 Romanam
1336 420 1489 478 Ecclesiam
1511 422 1712 494 insurgentium
1726 424 1835 495 experi-

187 493 297 564 scriptae
311 509 318 546 ε
333 494 457 548 Dicturus
474 507 564 562 papo.
586 490 660 560 Quas
676 490 736 545 sine
749 489 835 545 dubio
858 488 980 560 pontifex
1035 498 1120 547 retur.
1136 490 1204 548 Vide
1216 493 1366 550 Barouium
1382 509 1455 550 anno
1470 499 1550 562 tots,
1565 508 1683 553 numero
1701 496 1732 551 td
1746 502 1774 551 et
1790 510 1833 554 sc·

188 578 219 618 eo
237 562 353 619 consilio
378 563 577 634 promulgavit,
602 571 632 617 ut
655 577 701 617 rex
725 576 758 618 ex
772 560 815 618 his
843 559 982 616 audaciam
1036 560 1192 635 quentibus.
1715 567 1717 572 '

187 633 424 693 schismaticorum
433 634 626 707 episcoporum
647 640 676 689 et
684 631 843 705 principum
853 631 907 688 hoc
916 640 982 687 tem

632 795 685 855 AD
704 793 913 856 CONClLlUM
935 794 1133 857 ROMANUM
1153 796 1193 856 lll
1214 797 1387 858 ADDITIO.

767 939 891 1005 (Mansa,
905 937 1013 1011 snppt,
1030 945 1051 994 t.
1068 939 1106 1008 11,
1120 952 1184 1011 pag.
1199 943 1256 1007 16.)

220 1082 326 1140 Scitum
337 1089 380 1139 est
391 1082 512 1139 Romani
522 1082 604 1154 hujus
617 1080 725 1138 concilii
739 1078 858 1137 habendi
872 1095 983 1137 causam
1038 1080 1209 1151 existimans,
1233 1081 1264 1138 in
1296 1082 1387 1154 ipsum
1411 1092 1494 1156 capnt
1519 1100 1602 1142 ausus
1627 1101 1658 1143 es
1683 1087 1832 1161 insurgere,

186 1175 335 1250 praebuisse
362 1175 560 1248 impudentiam
583 1174 698 1230 Hemici
723 1173 879 1230 Germaniae
902 1174 982 1247 regis,
1039 1175 1173 1231 mandans
1196 1190 1259 1247 quat
1281 1177 1366 1244 nosti,
1394 1177 1507 1247 scilicet,
1531 1186 1562 1234 ut
1581 1179 1637 1235 tuis
1658 1181 1749 1237 verbis
1762 1189 1834 1248 utar,

187 1286 240 1343 quo
262 1274 360 1342 agente
379 1268 590 1325 conciliabulum
614 1268 776 1324 Wormatiae
799 1275 927 1323 coactum
949 1283 982 1324 eo
1039 1267 1114 1340 quod
1127 1276 1219 1326 auttu
1233 1270 1372 1339 morieris,
1399 1278 1447 1327 aut
1469 1270 1538 1327 mihi
1560 1271 1683 1327 animam
1703 1286 1833 1345 regnum-

187 1363 333 1420 deaenerat
347 1361 479 1429 audacia,
496 1371 526 1417 ut
545 1362 710 1434 Gregorium
724 1376 739 1416 e
754 1360 904 1434 pontificali
917 1360 982 1418 sede
1038 1377 1092 1434 que
1118 1362 1237 1418 tolleres.
1265 1365 1343 1419 Hanc
1367 1363 1521 1421 inauditam
1541 1365 1748 1422 contumaciam
1770 1381 1833 1437 ego,

188 1455 324 1529 dejiceret.
336 1456 421 1528 Cujus
435 1455 604 1512 delinitionis
620 1455 785 1511 auctoritate
799 1453 886 1510 iretus
905 1456 982 1511 Heu·
1037 1471 1092 1511 non
1111 1455 1210 1524 verbis,
1230 1456 1278 1514 sed
1301 1472 1331 1514 re
1352 1457 1550 1515 confutandam
1563 1457 1728 1532 dijudicans,
1750 1474 1835 1531 gene·

188 1549 260 1605 ricem
271 1550 375 1605 litteras
393 1549 559 1622 iniuriarum
574 1550 667 1621 pinnas
681 1547 760 1604 dedit
770 1547 804 1603 ad
816 1547 983 1604 Hildebran-
1036 1549 1124 1605 ratem
1147 1559 1314 1607 conventum
1329 1554 1454 1609 omnium
1469 1552 1546 1626 regni
1562 1554 1741 1625 primatuum,
1767 1553 1835 1625 ipsis

188 1643 252 1701 dum
268 1658 316 1700 seu
333 1643 497 1714 Gregorium
520 1658 628 1714 papam,
642 1658 711 1714 quas
735 1641 855 1714 integras
869 1641 983 1698 inseruit
1037 1643 1268 1714 supplicantibus,
1290 1644 1384 1713 habui,
1405 1645 1451 1701 ubi
1473 1661 1537 1701 cum
1561 1661 1593 1703 ea
1615 1661 1677 1718 quae
1701 1646 1835 1704 hactenus

186 1738 210 1794 in
230 1737 291 1794 aliis
305 1737 404 1793 litteris
428 1751 459 1793 ea
474 1735 509 1793 de
530 1751 613 1792 causa
639 1735 673 1792 ad
693 1738 853 1792 Romanum
877 1737 983 1792 clerum
1036 1718 1114 1793 metu
1129 1739 1331 1795 etrererentia
1358 1740 1519 1796 tacebantur
1530 1740 1559 1795 in
1573 1739 1695 1796 medium
1718 1739 1835 1797 deductu

186 1830 337 1889 destinatis.
359 1833 489 1887 timuero
504 1830 603 1886 litterae
618 1838 679 1886 tum
697 1844 760 1901 quae
779 1829 814 1886 ad
828 1829 982 1886 Henricum
1036 1827 1161 1899 fuissent,
1183 1831 1254 1887 veris
1267 1832 1463 1889 assertionibus
1477 1832 1596 1902 illorum,
1612 1849 1682 1905 quas
1700 1849 1733 1889 cx
1759 1835 1834 1906 ipso·

187 1941 245 1983 eum
259 1940 323 1998 quae
338 1925 373 1981 ad
395 1929 537 1981 Romanos
551 1925 662 1995 scriptae
685 1933 760 1989 sunt,
786 1939 834 1994 per
857 1923 982 1995 bajulum
1036 1939 1098 1979 rum
1118 1924 1219 1981 litteris
1233 1925 1338 1994 audies,
1360 1926 1450 1997 palam
1463 1925 1567 1982 lactum
1580 1934 1622 1982 est
1641 1935 1668 1982 te
1681 1926 1835 1985 nullatenus

186 2019 286 2088 missae,
297 2019 422 2091 Gregorii
432 2016 843 2091 jussurecitataesuntinplena
855 2020 982 2074 Romana
1036 2016 1064 2072 in
1077 2018 1226 2089 apostolica
1240 2018 1305 2075 sede
1323 2033 1404 2091 posse
1431 2020 1587 2090 persistere.
1618 2020 1744 2089 erorum
1772 2036 1834 2077 sen·

186 2112 290 2186 synodo
304 2113 367 2169 anni
383 2118 464 2180 1076,
477 2120 545 2168 teste
557 2111 691 2167 annalista
703 2111 809 2167 Saxone
819 2109 932 2166 Eccardi
946 2109 982 2167 ad
1033 2111 1132 2179 tentia,
1147 2113 1212 2184 quia
1217 2114 1293 2184 justa
1308 2121 1336 2169 et
1354 2113 1506 2185 probabilis
1521 2128 1618 2169 coram
1632 2116 1693 2169 Deo
1712 2112 1836 2170 bomini·

186 2222 247 2263 ann.
258 2211 339 2275 toas,
350 2222 382 2263 ex
392 2222 448 2279 qun
460 2205 571 2262 easdem
582 2204 688 2261 litteras
699 2205 820 2276 integras
833 2201 980 2260 babemus.
1035 2204 1142 2277 busque
1157 2205 1307 2272 videbatur,
1320 2221 1371 2279 ego
1384 2221 1495 2278 quoque
1505 2207 1670 2274 assentiens,
1685 2221 1768 2263 omne
1784 2207 1834 2264 tibi

187 2301 254 2358 Cum
274 2301 360 2374 igitur
372 2302 407 2359 ad
420 2308 482 2357 acta
495 2300 590 2374 synodi
607 2300 667 2356 baec
682 2299 784 2372 pariter
799 2299 898 2371 scripta
918 2314 981 2372 per·
1035 2309 1151 2371 papatus
1160 2299 1217 2371 jus,
1233 2299 1308 2371 qnod
1329 2299 1431 2355 babere
1444 2299 1517 2355 usus
1537 2315 1576 2365 es,
1598 2300 1770 2366 abrenuntio,
1792 2309 1853 2358 at··

186 2395 301 2464 tineant,
315 2395 386 2468 requi
405 2395 525 2467 bonique
538 2393 642 2450 facient
664 2394 779 2450 lectores
792 2392 982 2450 ecclesiastica
1035 2407 1089 2465 que
1115 2400 1146 2449 ut
1170 2408 1186 2448 a
1205 2392 1269 2449 sede
1293 2391 1380 2458 urbis,
1403 2393 1481 2465 cujus
1501 2392 1570 2449 mihi
1585 2394 1756 2465 patriciatus,
1773 2395 1833 2450 Deo

187 2489 314 2546 Historia
328 2488 455 2556 studiosi,
470 2489 494 2544 si
522 2488 575 2544 buc
591 2486 737 2543 translatas
758 2484 894 2551 babeant;
913 2457 1019 2557 quosB
1035 2485 1174 2542 tribuente
1189 2493 1218 2542 et
1237 2486 1331 2558 jurato
1353 2488 1546 2543 Romanorum
1560 2501 1683 2554 assensu,
1706 2485 1831 2559 debetur,

187 2591 277 2662 tamen
292 2583 470 2655 praemonitos
483 2582 544 2637 volo
558 2590 588 2638 ut
602 2596 667 2652 quae
681 2581 709 2637 in
726 2580 893 2651 Gregorium
907 2578 981 2636 ioeda
1036 2586 1068 2634 ut
1077 2578 1225 2635 descendas
1235 2578 1324 2635 edico.
1338 2598 1353 2632 a

187 2677 329 2749 jactantur,
345 2676 404 2733 haec
415 2676 488 2733 dicta
503 2675 637 2747 accipiant
650 2673 684 2729 ab
699 2673 813 2729 homine
821 2673 981 2745 impotenti,
1072 2674 1139 2728 Haec
1149 2671 1233 2728 series
1244 2672 1369 2744 epistolae
1378 2681 1482 2731 nostrae
1496 2673 1530 2731 ad
1542 2672 1762 2731 Hildebrandum
1776 2690 1834 2731 mo

188 2767 232 2839 qui
244 2766 378 2823 commoti
400 2765 487 2821 animi
503 2764 623 2821 insanias
648 2779 705 2820 non
720 2761 845 2818 veritatis
866 2761 982 2818 consilia
1034 2765 1164 2833 nachum,
1184 2781 1269 2837 qnam
1288 2765 1391 2822 idcirco
1405 2776 1433 2822 et
1457 2766 1537 2822 uobis
1558 2767 1726 2840 scripsimus,
1753 2775 1785 2823 ut
1807 2776 1834 2824 et

189 2859 320 2932 sequitur.
1035 2858 1112 2915 vobis
1125 2866 1220 2915 nostra
1237 2859 1374 2926 voluntas,
1396 2869 1423 2915 et
1437 2859 1527 2925 nobis,
1542 2860 1599 2915 imo
1621 2864 1680 2916 Deo
1701 2868 1728 2915 et
1754 2861 1834 2917 nobis

188 2978 347 3033 nmmos
360 2978 411 3032 M
422 2977 582 3045 wag-am,
600 2975 728 3028 uatumso
742 2976 842 3028 saum,
856 2974 983 3027 pomam
1035 2960 1126 3009 vestra
1145 2952 1295 3008 satisfaciat
1307 2951 1437 3008 charitas.
1459 2954 1606 3025 Exsurgite
1618 2952 1702 3026 igitur
1715 2952 1743 3009 in
1757 2968 1830 3024 eum,

220 3049 342 3105 decimius
354 3047 578 3117 cmoetpcputo,
593 3047 727 3118 qratiam,
743 3046 983 3100 salutemetemrre
1035 3044 1198 3113 fidelissimi,
1226 3054 1254 3101 et
1271 3046 1308 3101 sit
1330 3045 1436 3118 primus
1456 3045 1485 3101 in
1507 3045 1571 3114 lide,
1601 3047 1708 3118 primus
1727 3046 1756 3102 in
1774 3048 1833 3120 ejus

224 3120 331 3176 mm·
1035 3139 1222 3197 damnatione.
1238 3141 1301 3195 Non
1324 3147 1417 3196 autem
1441 3147 1474 3195 ut
1497 3139 1657 3212 sanguinem
1684 3140 1743 3212 ejus
1765 3138 1832 3197 iun-

221 3237 289 3292 Haec
301 3234 368 3291 tides
382 3232 461 3289 firma
473 3239 502 3288 et
515 3232 678 3288 inconcussa
693 3231 826 3300 creditur,
841 3246 902 3304 quae
912 3246 983 3288 sem·
1034 3230 1107 3289 datis
1119 3232 1246 3300 dicimus,
1267 3233 1368 3305 quippe
1383 3248 1447 3289 cum
1467 3232 1557 3304 major
1570 3233 1607 3289 sit
1621 3234 1647 3288 ei
1669 3241 1730 3305 post
1741 3232 1830 3306 depo-

175 3336 277 3401 pcret
294 3327 430 3384 eademst
455 3326 582 3398 prasenti
597 3333 624 3381 et
648 3326 756 3381 absenti
780 3333 916 3395 servatur,
930 3339 983 3381 neo
1034 3327 1164 3383 sirionem
1188 3341 1269 3398 poena
1305 3326 1360 3382 vita
1382 3342 1463 3399 quam
1492 3341 1584 3395 mors3
1614 3326 1664 3383 sed
1691 3336 1722 3382 ut
1756 3343 1830 3395 enm,

147 3420 315 3479 diuturna
328 3421 396 3493 ejus,
410 3420 454 3475 cui
468 3418 592 3486 debetur,
608 3419 740 3487 absentia,
754 3434 806 3474 neo
817 3418 894 3491 longi
906 3426 981 3475 tem·
1034 3420 1057 3477 si
1069 3418 1324 3487 nolitdsscendere,
1338 3420 1453 3492 cogatis,
1473 3427 1500 3475 et
1514 3418 1598 3476 alium
1608 3420 1749 3476 communi
1769 3436 1830 3476 orn·

159 3515 261 3588 noris
271 3513 353 3571 taedio
368 3513 541 3582 immutatur,
557 3528 642 3585 quam
664 3513 749 3568 talem
763 3527 811 3567 vos
829 3511 909 3567 nobis
921 3527 981 3568 scr-
1034 3513 1113 3568 nium
1127 3513 1318 3585 episcoporum
1332 3520 1360 3568 et
1373 3521 1465 3569 restro
1474 3512 1590 3569 concilio
1601 3514 1703 3570 anobis
1713 3514 1831 3571 electum

151 3620 249 3665 *aare
262 3607 373 3677 scimus,
394 3615 422 3664 et
433 3606 535 3679 gratias
548 3606 672 3678 agimus3
690 3612 717 3660 et
728 3613 761 3661 ut
771 3604 867 3660 eadem
885 3619 981 3677 perse·
1032 3607 1061 3663 in
1074 3606 1253 3679 apostolicam
1271 3605 1366 3663 sedem
1382 3606 1529 3679 recipiatis,
1552 3607 1598 3679 qui
1622 3606 1696 3679 quod
1718 3608 1771 3664 iste
1799 3607 1828 3664 in

144 3710 260 3759 *eret
279 3701 406 3774 petimus,
432 3700 568 3767 videlicet,
602 3708 642 3766 ut,
671 3699 742 3754 sicut
762 3696 862 3762 facitis,
884 3696 981 3754 amicis
1035 3700 1157 3757 Ecclesia
1168 3700 1328 3768 vulueravit,
1344 3715 1439 3756 curare
1454 3708 1481 3757 et
1494 3699 1559 3756 velit
1570 3708 1598 3756 et
1612 3700 1710 3772 possit.

123 3796 288 3852 Hostus
302 3794 392 3863 amici,
407 3794 523 3849 inimicis
536 3792 639 3848 inimici
662 3791 763 3864 jugiter
776 3792 910 3848 existatis.
932 3794 981 3849 ln·
998 3813 1198 3875 emmens
1212 3833 1265 3872 Μ
1282 3817 1449 3886 „summ-ve,
1472 3816 1519 3871 ,ed
1535 3818 1585 3885 pia
1604 3818 1653 3871 Dm·
1663 3816 1834 3873 ordination,

121 3887 225 3947 -cr
239 3903 313 3962 quos
335 3886 672 3944 scilicetllildebruudum
697 3885 865 3942 monachum
878 3894 982 3942 notan-
1071 3903 1131 3950 res,
1147 3887 1420 3957 Hildehrortdo,1'om
1440 3901 1493 3941 nort
1515 3888 1669 3960 apostolico,
1692 3888 1740 3943 sed
1760 3888 1831 3957 salso

121 3976 235 4050 -es,
262 3995 314 4038 ros
337 3980 364 4036 in
391 3979 450 4054 ejus
469 3979 643 4036 inimicitiam
662 3979 828 4048 excitamus;
856 3978 902 4051 qui
917 3977 982 4035 huic
1071 3960 1210 4015 mmmm·

121 4063 314 4134 Ecclesiae
334 4075 488 4131 invasorem
513 4083 540 4128 et
563 4088 765 4145 oppressorem,
797 4080 826 4128 et
845 4074 982 4129 Romana
1071 4076 1150 4131 Hanc
1178 4075 1262 4131 talem
1286 4090 1335 4146 pro
1361 4073 1533 4131 confessione
1565 4083 1613 4130 tua
1639 4073 1831 4131 salutationem

121 4168 338 4244 *spanum
351 4168 393 4224 rel
412 4168 491 4238 regni
510 4167 598 4223 nostri
618 4164 807 4222 insidiatorem
828 4165 982 4238 depreben-
1035 4168 1225 4239 promeruisti,
1245 4168 1292 4240 qui
1309 4168 1416 4224 nullum
1431 4169 1460 4224 in
1480 4167 1602 4224 Ecclesia
1621 4166 1747 4223 ordinem
1761 4182 1831 4240 prte-

121 4259 287 4332 OEimus,
314 4270 344 4319 ut
357 4261 385 4317 in
399 4262 524 4334 sequenti
538 4260 654 4333 epistola
669 4259 721 4316 sibi
746 4274 762 4315 a
788 4257 867 4315 nobis
880 4256 981 4315 directa
1035 4260 1140 4328 teriisri,
1161 4275 1244 4333 quem
1259 4258 1428 4315 contusionis
1444 4274 1501 4314 non
1523 4259 1647 4326 honoris,
1662 4259 1830 4316 maledictio·

122 4346 206 4417 fin
220 4363 356 4433 promptu
367 4364 419 4413 est.
1035 4352 1077 4409 nis
1099 4368 1155 4407 non
1177 4350 1382 4418 benedictionis,
1409 4351 1568 4422 participem
1594 4367 1652 4408 non
1666 4351 1772 4410 leceris.
1791 4351 1832 4409 Ut

221 4476 238 4502 ι
255 4452 443 4518 Harxnxcus,
457 4451 509 4505 Dei
520 4449 613 4518 pratia
627 4464 687 4516 rec,
703 4448 937 4505 Hxnnasnxnno.
1035 4445 1110 4502 enim
1129 4444 1164 4501 de
1182 4445 1276 4501 multis
1297 4460 1381 4517 pauca
1394 4451 1423 4500 et
1436 4444 1544 4516 egregia
1558 4443 1719 4516 loquamur;
1739 4453 1830 4501 recto·

212 4569 229 4597 ι
247 4545 323 4602 cum
337 4541 470 4600 haetenus
484 4558 518 4598 ex
530 4550 558 4598 te
572 4557 604 4597 ec
615 4556 677 4613 quae
688 4541 774 4612 patris
783 4548 847 4597 sunt
859 4547 981 4613 expecta·
1034 4554 1080 4596 res
1094 4547 1194 4596 mactae
1221 4538 1360 4607 Ecclesiae,
1380 4536 1505 4594 videlicet
1523 4535 1750 4608 archiepiscopos,
1773 4538 1830 4611 epi·

121 4637 252 4707 Nm,
267 4637 384 4711 tibique·
397 4636 425 4692 in
440 4635 568 4691 omnibus
593 4650 691 4707 magna
716 4633 840 4690 fidelium
854 4643 980 4691 nostrum
1034 4649 1144 4705 scopos,
1159 4632 1331 4706 presbyteros
1340 4647 1398 4687 non
1412 4629 1496 4687 modo
1509 4639 1620 4702 tangere
1632 4629 1701 4686 sicut
1715 4630 1832 4689 christos

130 4720 375 4805 indignatione
391 4728 548 4796 obedirem,
561 4727 668 4800 percepi
683 4743 698 4783 a
712 4735 740 4783 te
753 4726 980 4798 vicissitudinem,
1035 4727 1148 4785 Domini
1169 4741 1225 4782 uon
1239 4725 1364 4788 timuisti,
1384 4725 1451 4797 quin
1473 4723 1547 4780 sicut
1568 4738 1662 4781 servos
1678 4724 1832 4782 nescientes

133 4825 295 4905 qualem
318 4821 464 4895 oportebat
486 4822 520 4878 ab
540 4836 574 4878 eo
589 4821 635 4893 qui
650 4819 713 4878 vita
737 4820 867 4892 regnique
892 4820 981 4878 nostri
1035 4819 1102 4894 quid
1126 4818 1205 4876 iaciat
1226 4819 1362 4875 Dominus
1385 4833 1482 4875 eorum
1501 4817 1553 4874 suh
1571 4816 1685 4889 pedibus
1702 4819 1755 4875 tuis
1774 4819 1831 4875 cal-

138 4915 435 4991 perniciosissimus
450 4923 524 4973 asset
535 4914 632 4971 hostis.
657 4916 728 4971 Nam
751 4929 816 4970 cum
840 4913 868 4969 in
883 4914 981 4987 primis
1035 4914 1102 4971 casti
1114 4936 1122 4982 3
1135 4913 1293 4984 inquorum
1307 4912 1513 4969 conculcatione
1527 4911 1576 4968 tibi
1593 4910 1715 4969 levorem
1728 4913 1763 4968 ab
1783 4927 1831 4969 ore

135 5020 297 5073 omnem
312 5007 516 5066 baereditariam
541 5006 790 5080 dignitatemque
804 5007 873 5064 mibi
887 5007 920 5064 ab
933 5007 980 5064 illa
1034 5007 1107 5080 vulgi
1131 5006 1308 5079 comparasti,
1323 5022 1393 5080 quos
1414 5021 1511 5063 omnes
1531 5005 1569 5061 nil
1585 5006 1663 5073 scire,
1685 5014 1712 5063 te
1737 5014 1830 5061 aretem

141 5107 243 5167 tede
268 5101 432 5172 debebatur,
455 5102 574 5175 superbo
609 5118 680 5159 ausu
699 5102 846 5174 rapuisses,
871 5100 980 5174 longius
1034 5101 1129 5158 omnia
1143 5115 1224 5157 nosse
1237 5100 1377 5173 judicasti,
1389 5115 1441 5172 qua
1453 5100 1547 5171 utique
1561 5099 1706 5168 sententia,
1721 5114 1777 5155 non
1795 5098 1830 5155 ad

140 5189 241 5260 iude
270 5194 458 5270 progrediens,
479 5210 595 5267 regnum
619 5195 706 5252 ltaliae
730 5195 856 5269 pessimis
875 5195 980 5252 artibus
995 5196 1021 5260 Ι)
1035 5194 1255 5263 aedificationem,
1276 5193 1325 5250 sed
1341 5193 1375 5249 ad
1394 5193 1610 5250 destructionem
1625 5192 1663 5248 uti
1689 5191 1829 5259 studuisti,

148 5296 301 5353 alienare
314 5289 435 5346 tentasti.
452 5291 510 5346 Nec
530 5288 583 5345 hoc
595 5296 750 5355 contentus,
766 5289 796 5344 in
809 5280 979 5346 reverendis·
1035 5295 1066 5344 ut
1074 5288 1137 5361 jure
1158 5287 1210 5344 hoc
1224 5289 1256 5342 Β.
1273 5287 1446 5359 Gregorium,
1462 5287 1542 5358 cujus
1554 5301 1658 5342 nomen
1676 5285 1723 5340 tibi
1742 5283 1830 5341 vindi·

148 5388 266 5446 mmor
280 5383 435 5456 episcopos,
459 5383 504 5456 qui
527 5382 606 5439 nohis
619 5382 692 5439 velut
713 5381 867 5439 dulcissima
891 5396 980 5437 mem·
1033 5382 1111 5450 casti,
1125 5381 1159 5438 de
1174 5389 1201 5437 te
1211 5379 1387 5452 prophetasse
1401 5379 1538 5436 credimus
1551 5379 1592 5435 sic
1605 5377 1741 5434 dicentem
1758 5398 1764 5433 :
1786 5383 1831 5435 Ec

154 5472 224 5541 bra
239 5476 318 5535 uniti
334 5485 408 5546 sum,
417 5481 532 5533 manum
546 5476 655 5532 mittere
666 5491 724 5532 non
737 5475 864 5544 timuisti,
879 5490 981 5548 eosque
1034 5477 1179 5545 affluentia
1204 5474 1383 5544 subjectorum
1404 5475 1563 5545 pleramque
1584 5474 1691 5528 errimus
1717 5473 1833 5543 prelati

164 5570 389 5649 superbissimis
419 5569 528 5644 injuriis
545 5568 782 5642 acerbissimisque
806 5569 981 5626 contumeliis
1035 5570 1186 5632 ectollitur,
1207 5573 1233 5624 et
1246 5571 1364 5623 estimat
1381 5568 1614 5639 scplusomuibus
1629 5580 1716 5633 nosse,
1729 5581 1789 5620 cam
1803 5580 1830 5621 sc

171 5674 278 5726 eontra
305 5664 398 5720 divina
420 5672 449 5721 et
468 5663 588 5720 humana
608 5663 681 5735 jura,
699 5671 730 5719 ut
750 5663 799 5735 ipsi
824 5662 912 5729 aiunt,
934 5677 981 5719 ex·
1033 5662 1106 5717 uidet
1117 5663 1181 5733 plus
1194 5663 1316 5718 omuibus
1325 5677 1410 5734 posse.
1426 5664 1461 5716 Et
1471 5674 1523 5715 nos
1537 5658 1649 5732 quidem
1666 5658 1724 5714 baec
1738 5657 1829 5713 omnia

178 5756 329 5820 acerbasti.
348 5756 418 5833 Quas
438 5756 532 5815 omnia
549 5771 613 5813 cum
637 5772 687 5830 ego
708 5755 827 5828 quadam
851 5756 981 5828 patientia
1033 5755 1224 5823 sustinuimus,
1250 5754 1317 5812 dum
1340 5738 1494 5826 apostolicae
1520 5750 1594 5807 sedis
1615 5751 1748 5808 honorem
1771 5764 1829 5806 ser·

180 5851 401 5921 dissimularem,
413 5858 445 5908 tu
459 5849 512 5907 hoc
525 5865 583 5906 non
596 5849 769 5922 patientiam,
784 5848 832 5908 sed
846 5849 981 5922 ignaviam
1034 5865 1098 5907 aare
1120 5847 1311 5915 studeremus,
1327 5843 1377 5903 sed
1389 5851 1421 5903 to
1439 5843 1628 5901 bumilitatem
1648 5847 1785 5899 nostram
1794 5842 1839 5897 ix-
