3884 6158
795 134 894 193 tissa
912 136 1032 194 NONUS.
1052 165 1087 181 -
1106 138 1211 195 aelst.
1233 137 1275 193 lll.
1361 132 1364 137 '
1803 140 1820 193 d

210 255 318 311 illorum
341 262 371 311 et
389 261 530 323 noenum,
554 254 697 313 vannum
711 258 792 315 silero
818 260 1004 335 malitiamque
1019 270 1046 335 Α
1059 278 1184 319 exercere
1215 261 1345 327 ulterius,
1368 260 1525 317 nullatenus
1561 261 1651 319 sinas·
1675 260 1751 335 Quid
1781 261 1826 319 eni

209 350 331 421 ipsoram
345 346 521 405 dissimulare
536 350 738 407 maluissemus.
753 354 792 407 tt
806 368 858 409 nos
880 358 953 411 certe
973 372 1006 412 ex

208 441 289 515 bique
301 442 368 499 vitea
386 442 516 511 termino,
537 450 566 499 et
583 446 776 515 temporalium
795 448 1005 505 commodorum

207 530 337 610 quaiitat'e
356 537 556 608 perpendentes
571 553 712 611 nunquam
726 541 825 597 molius
837 557 1005 614 quemquam

207 644 287 703 possa
308 630 468 702 episcopum
487 631 638 699 nominari,
658 647 741 703 quam
763 649 827 689 oum
842 636 1007 705 persecutio·

206 738 268 779 nem
278 724 384 795 patitur
395 732 509 795 propter
516 723 655 795 justitiam
666 728 775 791 (Matth.
786 728 823 798 ri,
834 728 1006 786 decrevimus

206 817 298 889 potius
318 814 420 872 divinis
442 816 580 873 mandatis
609 818 827 891 obtemperando
860 836 1006 892 pravorum

206 910 364 967 inimicitias
379 910 526 980 incurrere,
541 928 622 984 quam
636 912 689 968 illis
704 915 776 970 male
790 915 922 986 placendo
936 916 1006 973 iram

207 1006 258 1061 Dei
266 1019 431 1076 provocare.
442 1006 521 1061 Nunc
534 1006 569 1062 ad
582 1006 747 1062 industriam
760 1016 837 1064 tunm
847 1024 1005 1065 sermonem

205 1100 347 1164 vertimus,
368 1099 532 1155 charissime
554 1099 602 1155 lili.
625 1102 742 1156 Noverit
764 1102 923 1159 excellentia
948 1111 1004 1170 tua,

206 1191 397 1259 dilectissime,
411 1188 477 1248 illud
495 1208 582 1248 tinum
597 1192 746 1249 admodum
762 1195 853 1263 nohis,
875 1197 932 1251 imo
953 1197 1006 1252 olc-

206 1286 319 1343 mcntiae
336 1284 448 1353 divinae,
463 1285 578 1357 placere,
592 1286 665 1358 quod
681 1289 709 1343 in
728 1288 849 1344 ecelesiis
869 1291 944 1361 regui
965 1292 1004 1345 tui

207 1380 302 1437 matris
317 1379 443 1435 omnium
457 1389 559 1437 sanotae
575 1384 707 1438 Romnum
735 1383 865 1439 Fcelesiae
879 1384 1005 1440 ordinem

207 1474 302 1544 recipi,
317 1481 389 1529 etex
404 1474 519 1545 antiquo
533 1490 610 1530 more
623 1475 756 1531 celebrari
767 1475 901 1533 elleceris.
919 1478 1004 1532 Deni-

202 1583 256 1640 que
277 1568 307 1623 in
325 1565 466 1638 illoquem
487 1566 619 1624 hactenus
636 1570 757 1625 tenuisse
771 1570 914 1638 uidemini,
935 1571 1005 1626 sieut

1062 366 1102 413 est
1116 355 1220 414 Jndaeis
1233 356 1400 411 Christianos
1426 370 1590 426 supponere,
1610 370 1645 413 ac
1668 354 1720 411 hos
1742 353 1836 413 illorut

1058 449 1162 521 judicio
1176 448 1321 519 subjicere,
1343 448 1393 502 uisi
1414 447 1564 503 Ecclesiam
1578 446 1630 503 Dei
1643 448 1842 520 opprimere-e

1062 544 1169 597 Satanas
1183 556 1346 612 synagogam
1362 539 1496 607 exaltare,
1520 548 1547 595 et
1560 539 1628 596 dum
1642 538 1763 595 inimicis
1777 538 1848 597 chri·

1061 634 1094 689 sti
1110 634 1175 689 reiis
1195 633 1312 703 placere,
1328 632 1418 703 ipsum
1442 632 1581 689 Christum
1591 633 1793 703 {contemneret
1808 632 1855 689 Ca·

1061 743 1126 784 rens
1144 728 1244 797 itaque,
1254 725 1303 791 sili,
1317 725 1371 781 hire
1382 724 1471 781 iacere
1485 727 1603 782 ltoruino
1618 734 1646 782 et
1660 724 1783 784 Creatori
1795 734 1857 794 tuo,

1061 820 1135 893 quod
1150 836 1206 876 non
1229 820 1339 889 impune
1354 818 1410 873 lieri
1438 818 1484 874 tibi
1504 820 1651 875 sustineres
1672 835 1782 879 aservo
1795 828 1857 876 tuo.

1060 918 1201 971 Memento
1215 912 1329 969 honoris
1341 920 1367 967 et
1383 912 1479 985 gloriae
1498 929 1579 985 quam
1599 912 1650 969 tibi
1665 928 1750 986 super
1761 928 1858 970 omnes

1061 1008 1200 1080 Hispania>
1210 1023 1288 1081 reges
1301 1006 1490 1063 misericordia
1501 1006 1603 1062 Christi
1616 1006 1751 1063 concessit
1759 1027 1768 1077 3
1777 1016 1859 1079 atque

1060 1102 1133 1159 illius
1154 1101 1323 1158 voluntatem
1342 1101 1395 1157 tuis
1410 1101 1517 1157 actibus
1536 1101 1613 1173 quasi
1636 1098 1757 1157 sormam
1777 1099 1858 1156 adhi-

1061 1196 1162 1264 bendo,
1174 1204 1298 1251 mutuam
1310 1196 1397 1252 vicem
1406 1195 1433 1250 in
1444 1195 1583 1251 eunctisei
1594 1192 1745 1267 rependere
1758 1193 1855 1250 stude:

1061 1291 1127 1355 imo,
1143 1299 1173 1345 ut
1184 1289 1230 1345 hie
1241 1297 1268 1345 et
1279 1291 1305 1344 in
1320 1287 1414 1344 futuro
1429 1288 1541 1344 exaltari
1557 1288 1701 1354 merearis,
1716 1294 1744 1343 te
1754 1286 1784 1343 in
1795 1302 1858 1343 om·

1059 1383 1141 1439 nibus
1167 1383 1203 1439 illi
1234 1382 1396 1439 subruittere
1427 1398 1534 1454 semper
1571 1382 1741 1437 memineris.
1774 1378 1859 1436 Valde

1060 1478 1161 1549 qnippe
1183 1477 1328 1548 indignum
1343 1484 1386 1532 est
1411 1477 1436 1532 ei
1452 1492 1537 1531 arrium
1564 1476 1719 1545 hominem,
1733 1473 1860 1531 videlicet

1060 1572 1190 1643 teipsum,
1206 1569 1324 1643 perfecte
1337 1586 1394 1627 non
1409 1570 1557 1642 subjicere,
1572 1570 1620 1641 qni
1634 1568 1684 1626 tibi
1698 1568 1769 1624 ultra
1784 1566 1859 1623 mille

198 1660 414 1733 suggerentibus
432 1660 568 1731 religiosis
599 1662 667 1718 viris
696 1662 855 1732 didicimus,
877 1656 1041 1735 quaedamB
1060 1665 1203 1721 hominum
1218 1664 1305 1719 millia
1320 1663 1445 1734 subjecit,
1474 1672 1500 1718 et
1520 1662 1626 1734 iudicio
1641 1670 1689 1717 tuo
1708 1659 1859 1717 commisit.

203 1762 299 1811 contra
320 1752 483 1809 catholicam
498 1754 579 1811 iidem
593 1755 695 1811 inserta
716 1772 775 1812 esse
792 1757 886 1828 patulo
899 1759 1009 1813 conrin-

190 1856 316 1904 cuntm.
325 1848 394 1917 Quae
402 1864 467 1903 cum
476 1847 641 1920 relinquere,
652 1858 679 1905 et
689 1849 723 1905 ad
731 1852 1007 1921 prisonmcoosuctu·

186 1940 310 2011 dinem,
334 1940 437 1997 seilicet
451 1940 533 2013 hujus
557 1942 703 2010 Ecclesiae,
725 1944 821 2000 reverti
839 1943 1007 2012 deliberasti,

179 2050 258 2091 lton
272 2034 357 2091 dubie
378 2042 406 2091 te
427 2035 537 2091 beahrm
559 2038 671 2091 Petrum
686 2046 833 2109 patronum
851 2047 956 2110 optare,
981 2046 1008 2093 et

177 2130 379 2187 subditorum
397 2137 509 2185 tuorum
534 2131 664 2197 salutem,
687 2131 793 2187 coelesti
815 2133 901 2203 grattia
925 2131 1009 2203 inspi-

173 2232 297 2289 rante,
311 2222 386 2279 sieut
405 2238 497 2294 regem
513 2222 600 2291 decet,
617 2239 714 2279 curare
728 2226 900 2281 monstrasti.
925 2224 1007 2296 Quod

175 2322 299 2373 tamen
313 2315 448 2389 gatrdinnt
465 2315 500 2372 de
519 2318 654 2388 sapientia
669 2326 714 2373 tua
729 2319 818 2373 multo
841 2318 1008 2374 cumulatius

158 2409 363 2477 telerimus,
385 2424 448 2465 oum
470 2419 526 2467 tua,
554 2410 718 2466 humilitatis
744 2412 878 2467 illustrem
902 2410 1005 2468 lauram

156 2503 352 2561 tnemoriae
365 2503 504 2559 interdum
514 2504 681 2570 reducimus,
691 2513 718 2559 et
727 2520 787 2561 eam
802 2507 931 2561 uirtutem
946 2521 1007 2576 quae

138 2610 267 2655 enm
287 2594 365 2670 regia
382 2598 505 2666 potentia
521 2599 566 2651 vis
585 2607 633 2653 aut
651 2599 792 2653 rarissime
806 2600 866 2670 oapi
883 2599 934 2654 sub
952 2615 1007 2654 uuo

131 2686 346 2749 domicilio
360 2691 514 2756 consuevit,
527 2692 554 2745 in
566 2690 649 2747 eorde
664 2700 713 2747 tuo
729 2692 871 2748 immorari
882 2691 1009 2747 conside·

1064 1763 1104 1815 De
1112 1759 1301 1828 caeterorcgiae
1311 1757 1511 1813 munillcentiat
1524 1764 1579 1812 tuae
1592 1755 1771 1827 gratulamur,
1779 1753 1858 1825 cujus

1063 1852 1147 1907 animi
1161 1851 1336 1907 devotionem
1347 1851 1374 1905 in
1387 1865 1419 1905 eo
1435 1850 1514 1920 plane
1529 1848 1598 1904 satis
1615 1848 1803 1920 agnoscimus,
1814 1853 1856 1901 at·

1064 1962 1119 2017 que
1131 1953 1311 2017 agnoscentes
1325 1944 1533 2015 amplectimur,
1548 1940 1622 2013 quod
1637 1941 1731 2012 quanti
1745 1940 1859 1996 beatum

1064 2043 1175 2095 Petrum
1195 2037 1289 2095 lecerit
1308 2053 1340 2092 ex
1362 2037 1437 2093 douo
1459 2043 1582 2106 patenter
1596 2032 1739 2089 ostendere
1762 2032 1860 2089 voluit.

1064 2135 1098 2188 itt
1110 2142 1184 2188 certe
1204 2148 1268 2187 eum
1289 2131 1327 2186 tui
1350 2130 1439 2185 cordis
1453 2144 1579 2184 autorem
1603 2142 1703 2182 munus
1728 2125 1795 2182 illud
1810 2140 1861 2197 per

1063 2242 1091 2282 sc
1111 2227 1178 2281 satis
1198 2224 1367 2280 sufficienter
1389 2222 1524 2289 ostendat,
1547 2230 1608 2277 tum
1623 2221 1707 2276 etiam
1723 2226 1779 2276 tuoe
1794 2218 1859 2275 lidci

1064 2320 1192 2375 meritum
1208 2318 1273 2373 illud
1295 2317 1386 2389 ipsum
1400 2326 1497 2372 mutua
1513 2316 1571 2372 viee
1592 2316 1676 2384 longe
1690 2327 1755 2370 varo
1770 2311 1858 2386 magis

1063 2412 1253 2476 couurrendat,
1277 2411 1425 2481 multisque
1443 2410 1569 2479 gentibus
1597 2387 1614 2462 e
1634 2405 1740 2462 eunctis
1762 2404 1859 2462 mundi

1063 2504 1184 2576 partibus
1197 2504 1232 2559 ad
1241 2503 1379 2575 grenrium
1391 2502 1486 2557 matris
1499 2509 1601 2556 sauctae
1616 2503 1754 2555 Romanae
1766 2497 1860 2554 Eccle-

1062 2597 1111 2653 siae
1124 2597 1298 2652 venientibus
1311 2594 1346 2650 ad
1356 2595 1491 2650 honorem
1506 2602 1585 2649 tuum
1595 2594 1669 2647 clare
1684 2590 1857 2648 manifestat.

1065 2694 1099 2746 tlt
1112 2688 1224 2762 quidem
1240 2687 1305 2745 licet
1314 2685 1382 2743 illud
1397 2702 1497 2742 munus
1509 2695 1566 2741 tam
1580 2685 1706 2756 amplum
1717 2684 1861 2755 etmagni·

131 2790 310 2843 ι’·οωιιε.
324 2786 464 2841 Caeterom
487 2783 562 2856 quod
576 2783 610 2840 da
632 2800 718 2840 uxore
732 2792 779 2840 tua
794 2793 821 2840 et
843 2785 878 2841 de
898 2785 1022 2841 abbatia·
1064 2783 1146 2839 fictam
1170 2782 1264 2849 luerit,
1279 2790 1311 2836 ut
1332 2789 1360 2836 et
1380 2790 1407 2836 te
1430 2794 1524 2851 regem
1544 2778 1620 2845 dare,
1642 2787 1670 2833 et
1691 2779 1724 2833 B.
1748 2781 1860 2833 Petrum

122 2872 298 2937 Sancu
315 2876 439 2935 Secundi
453 2878 607 2948 postulasti,
628 2878 828 2949 competentius
849 2878 1007 2952 responderi
1064 2876 1186 2948 recipere
1201 2875 1396 2932 convenienter
1412 2872 1549 2940 decuerit,
1563 2881 1656 2927 tamen
1672 2871 1700 2926 in
1715 2870 1760 2926 illo
1775 2869 1859 2927 animi

125 2974 248 3037 Der
262 2971 358 3029 illium
371 2980 498 3027 nostrum
511 2971 681 3028 Richardum
695 2981 796 3028 sanciat
807 2975 941 3030 Romana
957 2976 1005 3027 lle·
1063 2971 1103 3027 tui
1127 2970 1302 3026 devotionem
1335 2966 1531 3038 multomagis
1560 2964 1765 3035 amplectimur,
1796 2977 1860 3034 quae

125 3067 295 3125 Qlesiae
308 3064 479 3123 cardinalem
494 3074 522 3121 et
531 3066 664 3138 legatum,
679 3074 708 3121 et
722 3066 834 3121 tratrem
848 3066 1005 3122 Simeonem
1022 3033 1044 3095 C
1063 3066 1155 3136 quanti
1180 3064 1292 3120 beatum
1313 3066 1423 3118 Petrum
1448 3059 1543 3116 feeerit
1571 3074 1605 3114 ex
1636 3057 1710 3113 dono
1734 3063 1861 3129 patenter

131 3163 382 3233 «episcopum,
394 3158 518 3215 arbitrati
532 3175 643 3223 sumns;
658 3160 692 3215 do
711 3160 755 3215 illa
776 3168 869 3217 antem
891 3175 1008 3231 persona
1063 3156 1192 3214 ostendit.
1210 3160 1250 3213 llo
1266 3156 1357 3227 igitur,
1373 3163 1405 3209 ut
1417 3153 1533 3226 dignum
1548 3161 1601 3219 est,
1621 3150 1750 3207 decenter
1763 3163 1859 3205 susce·

127 3264 264 3329 quse
278 3254 309 3309 in
321 3252 559 3324 arehiepiscopum
575 3251 663 3309 iuerat
677 3252 814 3325 eligenda,
830 3254 949 3310 dicimus
961 3273 967 3309 ε
979 3255 1008 3309 li·
1064 3260 1120 3321 pto,
1137 3250 1240 3306 donum
1264 3248 1348 3320 quod,
1373 3248 1491 3304 Doutino
1513 3246 1656 3318 largiente,
1677 3243 1757 3300 sedes
1778 3240 1861 3298 habet

132 3356 240 3407 (zet
253 3346 331 3405 satis
344 3345 464 3418 prudens
476 3355 503 3402 et
518 3346 635 3402 liberalis
648 3347 782 3413 rideatur,
798 3356 891 3403 tamen
903 3353 1009 3419 (qnem-
1035 3380 1040 3390 ·
1063 3343 1226 3415 apostolica,
1242 3342 1359 3397 sineerae
1369 3349 1425 3397 tuan
1438 3339 1576 3396 devotioni
1592 3337 1717 3395 remittit.
1861 3402 1872 3415 ·

136 3440 363 3501 admodum
388 3439 468 3495 nobis
490 3447 589 3496 uotum
616 3448 671 3509 est,
703 3448 731 3495 et
751 3440 848 3495 litterae
868 3449 924 3496 tuae
951 3456 1008 3496 riou
1099 3436 1282 3507 Omnipotens
1297 3437 1383 3501 Deus,
1399 3432 1524 3490 omnium
1545 3447 1637 3488 rerum
1656 3439 1765 3487 creator
1775 3436 1803 3487 et
1813 3444 1862 3485 rc-

130 3543 312 3611 ‘negant
339 3534 494 3606 disciplinas
524 3534 715 3605 fundamento,
746 3535 871 3593 videlicet
905 3535 1008 3592 littera·
1063 3537 1133 3597 otor,
1149 3530 1328 3600 omniumque
1352 3527 1518 3597 dignitatum
1533 3524 1682 3582 ineffabilis
1702 3524 1861 3595 dispositor,

142 3622 231 3689 li,
266 3630 399 3687 scientiae
434 3629 542 3700 peritia,
571 3629 687 3702 indiget.
712 3632 781 3699 erat
811 3631 897 3685 virtus
927 3646 1009 3701 qnam
1063 3621 1298 3695 qnidatsalutem
1312 3621 1435 3693 regibus,
1451 3620 1558 3676 meritis
1578 3619 1720 3674 altissimae
1734 3617 1862 3674 dominat

139 3728 233 3783 &it
270 3739 334 3779 non
357 3720 444 3779 modo
464 3723 611 3793 episeopis,
638 3724 838 3779 verumetiam
860 3723 1010 3779 sacerdoti·
1064 3716 1202 3789 genitricis
1211 3715 1262 3771 Dei
1274 3715 1379 3782 blariae,
1390 3714 1571 3785 omniumque
1580 3721 1749 3778 sanctorum,
1760 3718 1860 3766 aucto·

143 3806 252 3877 bns
273 3816 443 3885 necessaria,
470 3815 528 3887 ipse
554 3817 622 3872 satis
653 3815 788 3887 intelligis,
821 3831 885 3871 cum
918 3816 1010 3871 nullus
1064 3810 1147 3866 ritate
1170 3810 1314 3865 beatorum
1334 3808 1524 3881 apostolorum
1544 3806 1617 3862 Petri
1637 3813 1667 3862 et
1685 3804 1761 3861 Pauli
1782 3803 1862 3859 nobis

143 3914 262 3969 sinn
299 3926 332 3965 ea
364 3917 412 3965 aut
440 3909 509 3965 alios
532 3910 631 3966 docere
655 3917 703 3965 aut
728 3924 787 3964 sese
808 3910 895 3980 possit
919 3908 1011 3965 delen·
1065 3904 1128 3961 lieet
1150 3903 1267 3975 indignis
1295 3918 1344 3974 per
1372 3918 1420 3958 eos
1440 3901 1621 3973 qualicunque
1647 3898 1807 3965 commissa,
1833 3904 1862 3951 te

144 4000 281 4064 dere.
300 4006 476 4077 Quapropter
488 4002 664 4059 serenitatem
685 4010 761 4058 tuam
775 4001 888 4058 studere
903 4011 1010 4073 oportet
1064 4006 1184 4070 tuosque
1196 3997 1289 4055 fideles
1306 3997 1336 4053 in
1352 3996 1463 4051 Christo
1477 3995 1510 4050 ab
1525 3993 1656 4050 omnibns
1677 3991 1796 4063 pcccatis
1811 3990 1863 4046 ab·

148 4106 229 4157 ut
243 4098 448 4157 cumconsilio
466 4096 573 4169 praelati
584 4097 670 4169 legati
685 4096 771 4153 nostri
792 4095 923 4152 Richardi
937 4098 1010 4152 ltins-
1065 4093 1163 4159 solvat,
1185 4091 1284 4164 detque
1298 4090 1348 4146 tibi
1363 4088 1505 4144 victoriam
1519 4088 1553 4143 do
1576 4086 1694 4142 inimicis
1709 4082 1863 4139 visibilibus

150 4192 333 4249 sitientis
353 4190 458 4247 abbatis
476 4190 650 4263 aliorumque
672 4192 864 4263 religiosorum
885 4191 1009 4246 viromm
1065 4193 1093 4241 et
1105 4184 1294 4241 invisibilibus.
1310 4185 1432 4238 Mentem
1447 4189 1524 4236 tuam
1537 4194 1647 4250 semper
1659 4176 1804 4244 illuminet,
1820 4182 1862 4242 nt,

156 4286 325 4361 eligatur
346 4283 418 4351 inde,
433 4285 457 4341 si
472 4284 587 4340 inveniri
602 4293 704 4356 potest,
727 4285 771 4339 sin
785 4293 889 4350 autem,
903 4284 1011 4340 aliunde
1065 4278 1125 4350 ejus
1138 4277 1298 4345 bonitatem
1312 4285 1340 4332 et
1357 4276 1507 4331 humanam
1526 4272 1700 4344 fragilitatem
1721 4269 1863 4340 diligenter

161 4386 357 4452 expetatur
383 4377 445 4433 talis
476 4393 590 4449 persona
617 4378 695 4449 cujus
721 4378 817 4449 religio
839 4387 865 4433 et
887 4377 1011 4434 doctrina
1027 4412 1052 4475 D
1067 4370 1266 4442 perspiciendo,
1279 4368 1377 4426 mundi
1390 4366 1505 4439 gloriam
1517 4364 1661 4436 despicias,
1681 4369 1710 4417 et
1724 4360 1759 4416 ad
1774 4369 1860 4416 aeter-

166 4468 347 4531 Ecclesien
361 4481 458 4529 restrae
470 4480 498 4527 et
510 4487 594 4544 regno
610 4470 743 4527 decorem
757 4469 881 4527 conferat
899 4480 927 4527 et
940 4473 1012 4528 salu-
1067 4480 1131 4521 nam
1145 4465 1224 4521 beato
1238 4468 1319 4521 Petro
1333 4462 1402 4519 duce
1417 4460 1569 4532 pervenias.

169 4568 281 4625 tem.
304 4568 402 4638 Neque
415 4582 481 4623 sero
495 4574 522 4621 te
544 4565 634 4638 pigeat
659 4574 707 4621 aut
730 4564 831 4636 pudeat
852 4573 1013 4622 extraneum
1346 4564 1584 4621 EPlSTOLAIll.

167 4654 296 4727 sorte,
308 4660 351 4715 Vssl
363 4658 479 4716 humilis
498 4658 636 4731 ⁸³¹¹ill¹5¹¹l⁸
655 4659 757 4724 Vllum·
783 4657 938 4715 dumm⁰d⁰
953 4658 1011 4716 id⁰·
1067 4689 1100 4725 ari
1115 4682 1492 4726 stuscmrunararmssnusr
1504 4678 1627 4719 teneras
1637 4676 1861 4717 ntusanorssssu.

176 4762 282 4813 netas
308 4753 360 4822 sit,
381 4752 416 4808 ad
432 4752 561 4809 Ecclesiae
582 4761 638 4809 tuac
651 4752 789 4825 regimen,
813 4752 887 4825 quod
901 4755 1012 4825 proprie
1366 4764 1458 4833 (anno
1474 4762 1562 4823 1081).

178 4837 301 4905 ΜΝ*
322 4853 445 4918 ‘mima
467 4845 589 4915 admirer
611 4862 676 4902 cum
699 4849 824 4901 R⁰¹¹¹³¹¹³
849 4847 1011 4919 millbfiffls
1064 4862 1499 4940 ffiqnitteutdesuuctoRodquho
1515 4874 1672 4929 rcqeomnes
1685 4859 1740 4913 sibi
1751 4874 1864 4929 persuu-

179 4946 241 4994 ut
264 4955 438 5013 paganorum
460 4948 597 5011 tempore,
620 4940 659 4995 sic
681 4947 708 4995 ct
730 4940 781 4995 snb
803 4940 1012 4995 Christianitatis
1101 4943 1165 4996 dere
1180 4947 1214 4994 ut
1229 4941 1375 4993 ilmrieum
1397 4940 1425 4990 iu
1447 4936 1566 5003 qratiam
1583 4935 1708 5002 herimot.
1724 4934 1815 4988 Monet
1829 4935 1859 4983 ut

186 5027 301 5091 titolis
314 5032 381 5091 inde
405 5033 534 5097 marimo,
549 5036 610 5089 Deo
623 5031 744 5100 favente,
759 5034 921 5099 excreverit,
936 5034 1012 5105 quod
1101 5011 1261 5069 Mss‘hl‘d‘ln
1275 5012 1412 5094 ‘filistiim
1426 5009 1533 5074 s‘ffi'ssm
1546 5020 1582 5058 ‘¹²²
1597 5004 1631 5057 ‘⁸¹’
1646 5006 1682 5057 ⁰²⁵
1701 5002 1866 5125 prffffldwm

190 5132 271 5183 non
281 5126 818 5200 mmgenerisautqntriaenobilitatem,
835 5127 1011 5198 quamanimi
1102 5083 1549 5225 iis‘etpffimflessssrsfpffifssqugmm
1561 5076 1773 5215 „ffefibssgntffpeeacpo
1786 5088 1866 5197 m

196 5224 241 5271 θῑ
255 5222 380 5293 corporis
394 5220 510 5277 virtutes
523 5219 729 5292 perpendendas
742 5219 919 5292 adiudicavit.
936 5222 1010 5290 Quo·
1101 5231 1218 5289 sererent,
1233 5230 1313 5294 atquc
1327 5238 1414 5278 omnes
1430 5223 1573 5275 hortentur
1584 5234 1616 5272 nc
1632 5219 1704 5285 repis
1719 5216 1810 5271 electio
1825 5219 1864 5296 to-

197 5307 397 5371 hiemantem
412 5313 533 5371 sicutde
551 5313 631 5369 bonis
652 5313 817 5384 gloriatura
831 5314 931 5370 merito
946 5329 1012 5370 con·
1101 5314 1172 5352 'tiele
1193 5302 1252 5366 first,
1277 5296 1323 5349 ted
1340 5298 1429 5378 'berem
1454 5296 1564 5347 t'oeffl'ttli
1583 5294 1615 5343 ui
1637 5289 1744 5372 introiet
1766 5287 1867 5355 resipi-

207 5407 357 5476 ssratoiari,
372 5408 410 5464 ita
433 5415 462 5463 et
482 5406 516 5463 de
538 5406 582 5463 his
596 5422 660 5479 quae
689 5422 744 5462 non
758 5408 928 5463 conveniunt
956 5416 1013 5463 ate
1102 5374 1192 5493 ⁵⁶⁶¹th
1205 5368 1366 5493 etbssffless'ae
1389 5382 1444 5490 suf}
1460 5359 1754 5487 ‘ieffi'ggzgssffi'
1763 5358 1866 5481 lm]

211 5488 278 5555 fleri
294 5500 492 5568 dolere,scex
504 5501 605 5557 merito
618 5500 741 5558 inhibere
755 5502 958 5573 compellimur,
973 5503 1014 5557 di·
1103 5454 1220 5493 emes
1252 5454 1297 5492 Η
1330 5452 1417 5507 emm
1454 5452 1497 5503 NJ
1816 5444 1849 5509 p·

215 5576 364 5649 lectionem
379 5602 454 5649 tuam
477 5609 627 5649 monemus
641 5601 672 5649 ut
694 5593 720 5648 in
746 5603 816 5649 terra
831 5602 877 5649 tua
901 5594 1013 5649 ludaeos

1103 5511 1221 5565 artadum
1242 5524 1297 5563 esse
1309 5511 1359 5562 ait.
1375 5510 1407 5561 lu
1420 5506 1524 5577 synodo
1536 5519 1563 5557 se
1577 5518 1665 5573 omncs
1680 5512 1865 5553 excommmu-

1103 5587 1175 5635 eutos
1191 5584 1287 5635 iterum
1301 5580 1551 5633 erremmuuieussc.

223 5674 382 5742 Christianis
412 5686 563 5753 dominari,
589 5686 630 5742 vel
652 5702 734 5758 supra
768 5702 816 5744 eos
848 5698 1014 5760 potestatem

1103 5688 1280 5743 Gusoonrus
1301 5682 1453 5754 episcopus,
1476 5693 1569 5734 servus
1583 5686 1726 5730 serrorum
1743 5668 1803 5731 Dei,
1819 5667 1866 5723 di-
