3870 6164
134 251 168 304 ab
748 243 776 298 S.
797 240 989 300 subdubius
1007 241 1051 296 Vll
1071 240 1171 296 ΡΑΡΑ.
1271 268 1294 281 -·
1750 243 1783 297 ib

134 373 182 443 oui
199 379 261 428 tum
274 369 343 427 lorte
354 385 387 424 ex
401 367 561 439 burgundia
573 376 600 424 ct
615 367 794 440 lotharingia
809 366 838 423 in
852 365 933 438 Regis
945 371 972 434 Α
984 380 1032 421 ms
1044 370 1107 436 post
1118 361 1290 420 Electioncm
1308 361 1493 435 hebdomade,
1513 365 1595 422 citius
1614 364 1683 421 lorte
1697 381 1785 437 quam

135 465 217 522 Curia
245 463 374 532 aderant,
401 462 485 534 regim
506 462 678 519 auctoritatis
702 461 858 534 neglectum
886 473 935 529 pro
986 459 1087 515 Comss
1101 456 1251 534 adllegcm
1266 456 1356 529 potuit
1370 455 1494 514 rediisse.
1509 462 1601 531 Atque
1621 458 1674 516 hoc
1687 458 1783 527 modo,

134 567 209 615 certo
222 556 449 630 exaggerantibus
461 556 561 613 missus
573 553 730 618 commuta
743 567 797 624 quc
809 551 934 624 digresso
987 549 1095 607 etiamsi
1109 553 1168 607 Rex
1182 546 1280 606 luisset
1300 548 1328 604 in
1343 548 1441 606 intima
1460 550 1617 620 Germania,
1639 556 1788 630 potuerunt

134 651 344 722 supervenerint
364 649 450 707 nuntii
466 665 531 707 cum
551 645 686 720 epistolis,
707 642 769 701 falsi
789 653 936 717 arguentes
987 659 1047 700 esse
1068 640 1139 700 lacta
1163 642 1257 699 omnia
1279 657 1341 715 quac
1362 641 1500 712 utrimque
1523 652 1680 701 narrantur.
1705 644 1789 702 Unde

136 742 239 801 lamam
254 743 431 818 praedictam
453 742 580 812 ideoque,
595 746 805 809 nonexpectatc
820 736 936 794 Comitis
988 745 1080 794 autem
1112 735 1279 792 Laorbertus
1309 735 1384 793 diem
1413 734 1611 791 Purilicatlonis
1638 737 1787 810 acceperit,

135 838 236 907 reditu,
252 837 366 895 missum
380 835 540 893 mandatum
554 831 590 889 ad
602 830 806 887 vercellensem
819 830 931 902 Episcc·
986 829 1085 901 ignoro
1101 849 1108 886 ε
1131 844 1248 897 errasse,
1269 828 1351 884 certis
1377 826 1550 884 documentis
1571 829 1689 899 convici,
1712 827 1790 903 quod

137 946 202 1003 pum
229 938 260 988 ut
286 926 460 988 ordinationi
483 923 635 980 Pontificiae
657 932 769 980 curaret
788 925 932 991 interesse,
988 924 1117 981 satissst.

134 1025 208 1098 quod
222 1025 266 1081 hic
277 1029 336 1081 stuc
357 1035 432 1077 mora
448 1017 558 1083 iaciens,
572 1015 715 1074 advenerit
728 1019 846 1075 llcmsm
866 1017 937 1075 deci·

584 1403 653 1516 S.
700 1398 1156 1515 ennoean
1193 1397 1339 1511 vn
1382 1388 1387 1395 ’

869 1641 1052 1760 VITA

552 1881 678 1940 Auctore
692 1881 794 1941 Prusa
818 1879 1044 1954 Bcrhriedensi,
1061 1881 1209 1940 Canonico
1222 1879 1372 1959 regulari.

387 2232 506 2289 certis
519 2233 679 2290 PlllhlUbl.
951 2233 1137 2306 BPropbetae
1163 2233 1392 2300 assimilavimus,
1412 2248 1476 2289 cum
1499 2231 1571 2287 forte
1592 2229 1729 2285 isidorum
1753 2227 1789 2286 de

28 2332 33 2341 ’
139 2343 238 2400 Nomen
249 2339 439 2407 Hildcbruodi,
453 2341 711 2408 cthuicccuformic
719 2341 791 2409 ipsis
803 2341 937 2396 miracola
991 2338 1053 2386 ortu
1067 2337 1094 2385 et
1107 2329 1182 2385 obitu
1201 2329 1399 2399 Prophetarum
1420 2325 1582 2399 legeremus.
1607 2323 1649 2380 Ibi
1664 2321 1789 2391 euim,si

173 2414 244 2468 “iffi
253 2413 344 2484 mcum
356 2412 807 2483 ⁰⁸‘illla-1⁴⁰lllll⁸l¹ll<illidium
820 2416 899 2468 ¹⁰⁵²·
991 2422 1125 2479 memoria
1146 2438 1202 2478 non
1223 2421 1307 2491 lallit,
1327 2429 1409 2492 caput
1423 2420 1489 2477 Elias
1510 2434 1609 2475 recens
1627 2418 1685 2474 nati
1705 2417 1787 2490 globo

174 2514 261 2588 igitur
273 2514 422 2587 Gregorius
432 2514 577 2587 septimus,
591 2530 674 2586 super
687 2530 770 2587 quem
780 2530 844 2571 vere
855 2513 936 2586 primi
991 2517 1065 2589 ignis
1079 2515 1199 2573 traditur
1209 2515 1390 2578 illustratum
1406 2513 1440 2572 ad
1455 2511 1679 2587 praesignandum
1694 2511 1788 2567 videli-

139 2605 265 2680 Grrgorii
280 2607 412 2679 requievit
424 2607 544 2679 spiritus,
560 2608 669 2665 natione
681 2610 812 2675 Teuscus,
831 2615 937 2680 patrem
991 2617 1034 2665 cet
1045 2608 1144 2667 divinae
1154 2607 1339 2666 emulationis
1351 2607 1488 2674 ardorem,
1497 2621 1552 2677 quo
1562 2605 1673 2662 taudem
1687 2604 1790 2660 iollam

138 2700 236 2757 habuit
258 2700 372 2757 nomine
396 2701 533 2758 Bonicum
558 2703 606 2773 (ι),
629 2700 739 2773 etipse
761 2699 936 2758 Hiltebrandi
992 2702 1111 2760 orandus
1137 2712 1195 2759 erat
1221 2711 1314 2758 contra
1341 2700 1578 2774 prevaricationes
1610 2698 1792 2771 pessimorum

137 2792 249 2850 sortitus
260 2801 303 2851 cst
312 2794 341 2850 in
355 2793 493 2866 baptismo
505 2794 679 2861 vocabulum,
694 2810 751 2851 uon
765 2794 823 2851 cine
838 2792 935 2867 grandi
992 2799 1112 2868 Regum,
1132 2804 1214 2868 atquc
1229 2794 1403 2852 scductiones
1417 2793 1729 2866 pseudoprophetarum.
1752 2792 1792 2848 Si·

139 2886 270 2960 presagio
290 2886 457 2945 futurorum.
471 2888 667 2946 Hiltebrandus
679 2894 715 2955 (ι)
725 2888 814 2954 enim,
832 2889 935 2944 Teutc·
991 2888 1050 2945 mili
1064 2890 1148 2947 modo
1159 2906 1192 2946 cx
1206 2888 1330 2961 Gregorii
1341 2888 1397 2945 sive
1408 2886 1576 2944 Hiltebrandi
1590 2886 1693 2957 parvuli
1708 2884 1791 2941 vesti-

138 2980 209 3038 uicae
223 2980 323 3054 linguae
342 2980 486 3037 vernacula
503 2981 722 3052 nuncupatione,
743 2981 935 3039 Perustiousm
993 2984 1044 3039 bus
1064 2982 1189 3039 scintillae
1211 2982 1284 3055 ignis
1299 2982 1365 3037 sisae
1382 2989 1446 3038 sunt
1458 2980 1611 3049 emicuisse,
1633 2979 1669 3035 ad
1684 2994 1791 3050 praeno·

138 3072 272 3146 significat
285 3073 442 3144 cupiditatis
454 3082 581 3139 terrene,
596 3073 707 3144 dualem
722 3073 864 3130 Psalmista
884 3072 935 3129 sibi
991 3075 1111 3133 tandum
1124 3075 1181 3132 sine
1194 3074 1279 3131 dubio
1293 3075 1379 3131 sancti
1394 3074 1444 3131 aeli
1467 3072 1601 3130 fervorem
1624 3086 1679 3141 quo
1694 3071 1789 3140 etipse

138 3165 271 3223 divinitus
278 3165 411 3237 impertiri
425 3172 561 3238 precatur,
574 3163 747 3221 dicensPsal.
757 3180 817 3220 xxv
830 3181 837 3221 ι
849 3164 936 3221 Proba
990 3169 1133 3243 igniendus
1147 3177 1206 3226 erat
1218 3176 1315 3225 contra
1332 3167 1504 3241 gravissimas
1519 3165 1677 3222 insolentias
1693 3163 1789 3220 lienri·

139 3273 196 3328 mc,
215 3259 347 3326 Domine,
363 3266 392 3314 et
409 3266 484 3314 ιιιιι
504 3273 566 3327 ιιι;
588 3273 638 3314 ure
653 3273 736 3315 renes
751 3273 829 3315 meos
847 3267 876 3314 et
889 3273 938 3314 cor
991 3264 1076 3320 cinnae
1091 3263 1218 3331 vesaniae,
1231 3269 1261 3317 ct
1273 3269 1368 3318 contra
1383 3258 1568 3316 intolerabiles
1584 3256 1789 3314 effraenationes

140 3354 348 3424 munic-'Alli’
357 3351 454 3408 ”¹⁰5⁰
464 3350 601 3422 baptismo
611 3351 705 3408 ditum
714 3350 814 3407 0⁸th
823 3367 936 3416 imment
991 3353 1173 3412 Sacerdotalis
1186 3353 1400 3411 incontinentia.
1413 3355 1592 3410 Hancautem
1606 3351 1789 3409 scintillarum

138 3443 245 3502 dicente
258 3446 364 3502 loanns
383 3445 517 3517 Baptista,
536 3445 623 3503 Marci
640 3461 651 3502 t
670 3464 677 3503 ε
693 3448 752 3518 Ego
765 3444 878 3515 quidem
892 3460 940 3501 vos
993 3449 1125 3506 visionem
1139 3448 1240 3520 sepius
1254 3457 1411 3518 ostensam,
1428 3446 1556 3520 primitus
1578 3445 1607 3501 in
1624 3459 1658 3502 eu
1681 3445 1790 3501 Clunia-

140 3537 250 3611 baptizo
263 3537 292 3595 iu
305 3554 375 3611 aqua
386 3538 415 3595 iu
424 3539 631 3611 poeuiteutiam;
643 3539 690 3611 qui
704 3547 796 3596 eutem
806 3544 940 3595 venturus
992 3543 1082 3599 censis
1094 3542 1252 3599 monasterii
1267 3543 1349 3597 Pater
1362 3542 1393 3599 S.
1411 3539 1530 3614 Majolus
1549 3544 1585 3607 (ι)
1601 3538 1688 3595 lcrtur
1706 3539 1791 3595 aduo-

140 3640 181 3689 ιιι
195 3641 258 3705 post
273 3648 328 3701 mc,
344 3630 442 3688 fortior
455 3640 496 3688 est
518 3647 580 3701 mc,
602 3632 682 3704 cuius
695 3647 751 3688 uon
766 3647 828 3688 cum
842 3631 940 3704 diguus
992 3644 1074 3704 tasse,
1097 3644 1178 3708 atque
1201 3633 1269 3691 illud
1290 3637 1321 3690 B.
1333 3633 1453 3691 loannis
1471 3633 1603 3704 Baptista
1616 3631 1759 3704 adaptasse
1781 3649 1789 3687 ι

140 3726 322 3781 calceamenta
354 3732 463 3795 portare
487 3742 494 3779 :
523 3725 580 3797 ipse
605 3724 755 3797 baptizabit
778 3725 808 3780 in
835 3725 940 3796 Spiritu
994 3733 1048 3787 Iste
1069 3743 1266 3802 pucrmagnus
1283 3727 1443 3783 eritcoram
1463 3726 1596 3782 Domino.
1620 3725 1791 3796 beniqueut

140 3825 234 3873 sancto
245 3825 273 3872 st
287 3816 359 3889 igne.
376 3819 419 3873 De
434 3816 487 3874 boc
497 3817 561 3890 igne
581 3818 639 3890 ipso
652 3819 775 3876 Salvator
793 3818 842 3884 ait,
855 3821 940 3876 Lucae
992 3830 1105 3880 cunctas
1118 3821 1236 3878 visiones
1248 3819 1330 3893 ignis,
1344 3834 1415 3892 quas
1427 3819 1461 3876 dc
1473 3834 1506 3876 eo
1520 3818 1718 3891 comperimus,
1731 3818 1791 3874 siue

143 3917 194 3967 ιιι
209 3912 303 3983 ignem
317 3909 381 3966 veni
392 3910 503 3968 mittere
515 3910 544 3967 iu
556 3919 672 3978 terram,
682 3920 711 3968 ct
724 3912 789 3985 quid
800 3910 873 3979 volo,
885 3911 939 3969 nisi
963 3945 964 3948 =
993 3915 1198 3973 intermissione
1219 3928 1486 3980 commemoremus,
1510 3912 1565 3968 visa
1589 3919 1630 3968 est
1652 3913 1734 3968 etiam
1756 3910 1791 3968 de

140 4012 172 4060 ut
184 4001 297 4061 ardeat?
310 4003 448 4075 Quoniam
459 4019 526 4078 crgo
542 4005 581 4061 vir
596 4004 649 4062 iste
663 4005 748 4078 ignito
763 4005 873 4079 eloquio
888 4008 941 4062 Dc
993 4001 1078 4082 ipsius
1098 4008 1188 4082 capite
1209 4006 1329 4080 quodam
1347 4014 1473 4080 tempore
1499 4005 1611 4061 tiammo
1632 4005 1789 4076 procedere,

140 4097 207 4153 mini
228 4097 386 4171 repulsurus
401 4107 460 4154 crat
480 4097 594 4155 adomo
610 4099 661 4156 Dei
677 4099 763 4172 ignita
783 4099 874 4172 iacula
892 4099 940 4155 ini·
994 4105 1027 4158 ad
1043 4101 1242 4174 expressiorem
1257 4099 1464 4157 similitudinem
1478 4097 1556 4166 Elias,
1569 4099 1592 4153 si
1607 4105 1720 4154 aetatum
1736 4097 1790 4154 iul·

140 4189 218 4260 mici,
239 4205 297 4247 uon
323 4189 473 4263 incongrue
498 4191 620 4263 praetulit
645 4191 805 4248 incendium
826 4191 941 4264 appella·
994 4195 1112 4252 oiremnr
1131 4193 1335 4266 cooperatione.
1348 4195 1463 4256 Verum,
1478 4191 1547 4247 sicut
1560 4190 1628 4247 illud
1651 4190 1792 4263 pmpbeti-

139 4283 228 4353 tiouc,
250 4283 326 4357 quod
347 4283 590 4342 exhibituruserat
604 4284 805 4343 lerventissima
818 4284 941 4342 caritatis
994 4305 1034 4347 cae
1054 4286 1247 4359 increpationis
1266 4284 1420 4359 prodigium
1434 4285 1549 4358 contigit
1568 4284 1595 4340 in
1610 4284 1733 4349 inlantia,
1752 4284 1792 4342 ita

141 4382 168 4433 et
180 4375 299 4433 veritatis
312 4377 497 4436 attestatione.
995 4382 1067 4439 istud
1080 4380 1244 4453 apostoliea
1263 4378 1471 4436 examinationis
1485 4388 1624 4436 ostentum
1644 4379 1743 4436 accidit
1762 4379 1793 4434 in

177 4475 204 4526 ι.
218 4470 360 4528 Habemus
371 4470 460 4531 adhuc
475 4471 611 4529 drmiores
622 4472 649 4529 in
667 4488 701 4531 so
714 4472 805 4531 divini
827 4471 941 4531 feruoris
994 4483 1075 4533 aetate
1090 4471 1220 4546 perlecta.
1816 4474 1818 4478 ’

141 4565 425 4636 praemonstrationes,
451 4579 485 4622 ex
506 4565 688 4639 quibuscum
709 4565 850 4641 quondam
873 4566 940 4623 Elim
1032 4575 1058 4626 3.
1079 4566 1140 4625 Fuit
1158 4574 1187 4623 et
1204 4567 1234 4623 iu
1256 4565 1312 4624 hoc
1335 4565 1425 4639 aliqua
1443 4565 1592 4622 similitudo
1617 4567 1694 4635 Eliae,
1716 4563 1792 4637 quod

140 4754 152 4765 ·
177 4727 215 4812 (1)
232 4728 284 4784 ills.
305 4735 433 4810 nostrum
448 4745 552 4812 nomen
586 4730 650 4812 'tris
673 4732 775 4788 rectius
796 4731 939 4803 expressit,
995 4749 1044 4792 seu
1057 4735 1201 4790 heroicus:
1223 4734 1268 4791 vir
1283 4742 1376 4791 autem
1392 4733 1420 4788 in
1445 4749 1497 4788 usu
1516 4734 1628 4806 antiquo
1645 4732 1792 4803 distingui·

87 4826 101 4835 -
141 4801 302 4856 Booczooem
329 4800 466 4870 scribens,
494 4816 542 4873 qur
586 4818 609 4858 rc
638 4804 736 4859 saltam
759 4806 875 4860 Boaizcu
899 4802 943 4860 uel
995 4815 1069 4862 tura
1085 4806 1291 4874 childebrando,
1307 4806 1442 4862 sicutnec
1457 4805 1789 4863 childebertusabflildc-

72 4918 75 4923 .
140 4872 457 4934 ch'lueuculiom'cus,
474 4872 634 4930 scribendus
648 4882 718 4930 erat.
953 4879 1066 4955 Dbertc
1092 4896 1101 4929 .·
1127 4885 1169 4932 est
1196 4887 1288 4933 tanton
1312 4876 1433 4932 notionis
1457 4875 1632 4945 diiicrentia,
1658 4886 1794 4949 quatenus

178 4941 216 5012 (ι)
237 4945 291 4999 Ριο
305 4943 377 4998 varia
393 4941 512 5000 dialecto
527 4944 599 4999 varie
617 4961 720 5001 nomen
734 4947 786 5002 hoc
799 4946 938 5013 scribitur,
995 4949 1087 5009 cnildc
1099 4948 1219 5022 antiquis
1233 4948 1344 5006 Francis
1357 4946 1580 5018 Sarootbosone,
1604 4958 1632 5007 et
1645 4949 1727 5005 hodie
1741 4945 1793 5002 ad-

141 5013 315 5096 Ht‘liebrcrrt,
339 5014 525 5079 Hildebrand,
550 5017 726 5082 Heldebroot,
748 5027 775 5073 ιι
798 5015 941 5084 (suavioris
995 5023 1050 5076 huc
1060 5020 1166 5093 Anglis,
1178 5021 1313 5094 signihcet
1321 5022 1465 5085 insontem,
1476 5018 1574 5089 filium,
1586 5032 1641 5077 etc.
1659 5020 1719 5076 ltali
1735 5019 1793 5076 lere

143 5086 376 5156 ptottunttaltonis
387 5092 479 5154 causa)
498 5087 584 5142 etiam
598 5089 761 5145 Hellebrcud
772 5107 782 5141 :
796 5088 869 5170 quod
895 5103 943 5161 po·
995 5093 1053 5149 sinc
1067 5095 1233 5162 aspiratione
1248 5093 1442 5149 ildebrandum
1452 5090 1558 5154 dicunt,
1573 5093 1646 5163 quod
1660 5091 1794 5147 recentior

141 5164 289 5221 stremum,
313 5156 379 5228 quia
399 5158 472 5214 varie
498 5157 583 5228 accipi
599 5168 709 5286 Xotcst,
733 5159 851 5215 inimicis
875 5161 963 5219 Gre·¹
997 5179 1063 5220 usus
1076 5163 1104 5218 in
1128 5163 1337 5220 hidebrandum
1358 5162 1450 5217 vertit.
1465 5163 1553 5219 Porro
1567 5179 1639 5236 quae,
1652 5162 1795 5219 occasione

161 5226 210 5281 orii
223 5235 251 5282 st
262 5227 404 5284 maledicis
415 5228 587 5299 occasionem
618 5230 814 5298 edit,utiufra
833 5238 941 5289 nunni
996 5235 1004 5290 i
1042 5234 1066 5288 ci
1082 5232 1189 5292 ardoris
1200 5236 1260 5307 ipso
1277 5234 1389 5290 nomine
1402 5233 1555 5305 significati,
1577 5250 1641 5290 mor
1652 5233 1793 5300 dicuntur,

84 5370 103 5385 Ι
164 5296 254 5354 icitur.
278 5300 443 5383 belmontem
454 5303 586 5384 'titionem
608 5320 617 5357 r
638 5303 763 5373 quamvis
784 5304 867 5385 belle,
887 5317 943 5386 uun
996 5251 1040 5363 sdan
1047 5305 1119 5371 Elia,
1137 5323 1169 5363 ex
1184 5305 1348 5390 apocryphis
1361 5313 1482 5376 sumpta,
1504 5314 1635 5377 poterunt
1647 5304 1681 5362 ad
1692 5305 1738 5377 jus
1752 5303 1794 5361 le·

141 5369 232 5425 solum
260 5367 428 5426 substanbve
448 5374 599 5442 infernum,
621 5373 656 5429 ab
682 5375 775 5430 Hellen
795 5390 822 5429 ιιι
840 5374 943 5433 declive
995 5386 1069 5434 stum
1085 5381 1129 5433 ιο.
1145 5377 1210 5434 lulis
1225 5377 1376 5435 accuratius
1387 5373 1513 5445 [referril.

142 5454 264 5513 vergere,
284 5440 332 5496 sed
347 5440 477 5514 adjective
492 5442 576 5524 ctiam
596 5445 707 5503 clarum
720 5445 863 5515 significet.
884 5449 941 5504 Νι)-
1032 5453 1070 5516 (ti)
1084 5449 1180 5505 llu'oli
1190 5448 1281 5505 Vitam
1296 5448 1396 5504 damus
1411 5451 1454 5503 ti.
1470 5445 1545 5514 blaii,
1560 5445 1608 5503 ubi
1621 5446 1794 5503 ostendimus

141 5519 199 5568 ster
221 5519 330 5595 auctor,
352 5516 456 5569 omissa
479 5515 577 5586 prioris
605 5516 689 5589 partis
711 5517 890 5591 etymologia,
913 5518 941 5576 in
995 5518 1100 5575 obiisse
1117 5519 1195 5576 ilum
1215 5535 1288 5576 anno
1308 5523 1362 5576 99⁴
1383 5518 1479 5590 :atqui
1501 5532 1575 5574 auno
1592 5523 1673 5575 1048.
1696 5518 1793 5575 Hilde-

142 5591 287 5640 scsterrorr
311 5585 486 5649 adcendere,
510 5601 604 5656 urere,
628 5586 865 5658 arderesumple‚
895 5590 940 5648 hic
996 5587 1468 5648 brandusaohucoratadotesceos
1484 5588 1596 5659 :itaque
1636 5589 1689 5645 uod
1708 5590 1750 5645 hic
1764 5589 1793 5645 S.

142 5655 232 5738 ptetit,
246 5655 560 5742 Perusticoemlreddcos
577 5677 583 5713 :
599 5668 641 5715 cst
655 5670 747 5716 autem
768 5662 876 5730 Brund,
897 5676 939 5718 ar·
995 5660 1099 5733 lllajoio
1114 5661 1252 5728 tribuitur,
1267 5661 1319 5719 sub
1333 5663 1424 5731 aliquo
1441 5659 1501 5741 ejus
1521 5606 1655 5734 discipdo
1671 5661 1711 5719 vel
1730 5676 1794 5717 suc-

143 5724 206 5794 dor,
221 5727 395 5792 tricendtum,
414 5736 484 5784 illio.
503 5729 561 5786 llrlt
575 5744 638 5786 vero
652 5731 694 5788 vel
708 5732 790 5797 Held,
805 5734 826 5789 si
847 5731 939 5790 uideat
994 5747 1104 5791 cessere
1115 5734 1145 5791 S.
1157 5732 1275 5792 Odllone
1290 5731 1395 5792 dictum
1407 5729 1500 5788 iuertt.

143 5800 362 5873 beroem3atque
378 5798 448 5857 adeo
459 5798 661 5861 Hildebrcodus
670 5810 714 5860 cst
723 5800 814 5860 Ardor
874 5818 937 5862 oum
