3884 6158
89 268 141 324 lat
585 255 851 320 pronuntiantia,
869 284 905 329 ··.·
922 257 1013 318 scta
1031 255 1062 316 S.
1080 257 1253 318 GREGORil.
1697 269 1747 327 ¹22

87 394 251 465 tyrannum
262 392 292 444 ct
303 384 490 445 Theodosium
502 387 704 461 Imperatorem
718 388 754 445 ab
764 388 889 451 Ecclesia
903 389 931 455 Α
943 389 1045 447 tilicem
1059 404 1144 464 usque
1162 389 1197 448 ad
1209 388 1349 448 civitatem
1363 392 1522 466 Augustam
1536 404 1632 450 secure
1644 392 1748 455 condu-

90 484 172 560 pnlso
186 481 445 551 excommunicavit,
465 490 497 539 ut
512 482 740 557 nonambiguum
751 492 803 542 est.
824 484 892 557 Quia
945 492 1027 544 cerat
1053 481 1109 542 Sed
1122 482 1195 555 quod
1219 483 1409 543 fraudulenter
1422 486 1654 560 Archiepiscopus
1672 492 1746 557 (153)

89 595 168 653 argo,
181 577 235 635 nisi
245 584 339 633 mente
351 585 460 649 captus,
472 577 582 649 ignorat
593 576 710 651 Regiam
724 587 892 650 potestatem
943 580 1012 653 ipse,
1026 593 1073 651 per
1087 576 1204 634 velamm
1219 580 1303 651 Regis
1317 579 1462 649 astutiam3
1473 580 1660 653 captusfuerit
1670 580 1747 655 apud

90 671 268 747 pontificibus
281 687 342 730 esse
356 669 529 744 subjectam?
548 672 650 744 etquis
662 671 783 730 credata
803 673 893 748 subja·
943 671 1126 741 Placentiam,
1153 680 1181 729 st
1198 671 1378 745 postmodum
1401 673 1445 730 vix
1465 674 1605 745 liberatus,
1632 683 1745 752 propter

89 768 182 824 ctione
200 765 325 823 Romani
340 764 483 823 Pontificis
497 781 527 823 se
545 765 664 823 alienum
684 781 755 835 esse,
774 767 829 824 nisi
844 767 891 840 qui
943 767 1065 826 historiae
1076 764 1277 840 longitudinem
1291 768 1531 840 pretermittimus
1542 769 1671 828 scribere.

89 858 264 932 migentius
274 858 395 932 peccatis
409 859 466 916 suis
478 844 551 917 inter
566 875 633 918 oves
645 858 747 917 Christi
761 875 818 919 non
833 876 892 919 me·
979 868 1007 919 8.
1019 860 1191 920 Venerabilis
1202 859 1293 932 itaque
1302 865 1375 934 Papa
1389 862 1547 943 Gregorius,
1562 862 1653 922 audita
1667 864 1744 938 lega-

92 955 153 1012 ruit
164 953 325 1011 numerarii
346 952 464 1027 Sedjam
478 954 518 1011 rei
534 952 677 1025 ordinem,
688 969 775 1028 quem
787 953 891 1029 incepi·
943 956 1018 1014 ιίοιι
1040 963 1183 1012 tantorum
1203 954 1374 1028 Principum,
1388 954 1451 1012 licet
1468 957 1631 1029 gravissima
1652 957 1744 1017 biems

90 1064 169 1119 mus,
181 1063 391 1122 prosequamur.
943 1051 1069 1116 instaret,
1085 1065 1120 1106 nc
1135 1057 1245 1107 mnium
1262 1048 1379 1122 bonum,
1396 1049 1473 1122 quod
1486 1049 1521 1108 de
1536 1066 1602 1123 paco
1615 1053 1753 1127 sperabaf

406 1150 528 1209 CAPUT
546 1153 583 1207 ll.
943 1152 1000 1215 tur,
1013 1161 1062 1218 per
1075 1143 1161 1217 ipsius
1175 1143 1370 1218 negligentiam
1384 1153 1552 1214 remaneret,
1565 1160 1630 1202 eum
1643 1145 1743 1205 eodem
1835 1152 1838 1157 '

86 1252 207 1309 Raurici
226 1251 544 1323 mercennarioque·
560 1249 664 1320 electio,
680 1253 759 1308 irriti
778 1257 891 1310 ommno
943 1237 1156 1311 hrchiepiscopo
1168 1238 1254 1311 ipsius
1264 1237 1370 1295 itineris
1383 1236 1576 1295 difficultatem
1584 1239 1741 1312 assumpsit,

349 1324 474 1394 &timii
485 1338 537 1395 Pf⁰
547 1339 625 1394 1³⁰oe-
943 1342 974 1391 ιι
995 1348 1081 1406 usqua
1108 1330 1144 1390 ad
1164 1331 1305 1390 Vercellas
1327 1331 1469 1405 processit.
1493 1334 1535 1389 Eo
1559 1340 1652 1391 autem
1671 1332 1742 1390 nihil

119 1423 890 1498 t.1ntereaubideliegisbannoadauresvulgiperso·
942 1427 1053 1486 sinistre
1080 1425 1235 1498 suspicante
1255 1424 1290 1483 de
1310 1425 1394 1499 Regis
1413 1425 1608 1499 promissione,
1631 1433 1743 1499 repente

82 1520 154 1587 nuit,
167 1527 245 1577 totrrs
261 1517 338 1576 orbis
359 1522 503 1577 llomanus
513 1518 601 1576 nimio
618 1517 718 1575 timore
732 1518 891 1591 perterritus
943 1521 1076 1591 insonuit,
1091 1519 1164 1594 quod
1177 1520 1235 1594 ipse
1245 1535 1295 1578 ιιι
1305 1519 1475 1578 velocissimo
1488 1535 1572 1577 cursu
1581 1520 1641 1594 jam
1656 1529 1744 1580 trans·

81 1630 141 1671 nnn
155 1613 336 1671 mediocriter
354 1613 489 1671 mallavit
504 1631 512 1672 r
528 1612 615 1670 italici
633 1627 755 1684 namque
769 1612 889 1670 Antisti·
942 1615 1011 1673 ierat
1029 1615 1122 1688 hlpes,
1138 1622 1164 1671 et
1179 1615 1209 1670 in
1224 1629 1341 1672 occursu
1360 1613 1504 1672 Pontilicis
1516 1613 1652 1671 hostiliter
1666 1612 1741 1673 festi·

82 1716 125 1765 tes
138 1716 168 1766 et
177 1707 309 1780 Episcopi
322 1707 466 1766 Teutonici
482 1706 574 1781 llegni
589 1722 672 1780 super
686 1714 763 1765 tanta
778 1705 887 1764 dissen-
941 1710 1034 1767 nabat.
1047 1706 1127 1782 Quod
1147 1707 1256 1765 facinus
1273 1707 1446 1780 inopinatum
1469 1717 1614 1781 postquam
1626 1707 1740 1782 Episco-

81 1805 163 1861 sione
178 1802 207 1859 in
222 1811 317 1874 partes
342 1817 372 1859 so
392 1801 554 1871 diviserunt,
578 1810 607 1858 et
624 1809 736 1858 auctore
750 1801 886 1859 Guiberto
903 1775 928 1838 B
943 1820 994 1877 pus
1009 1803 1191 1862 vercellensis
1213 1802 1351 1876 cognovit,
1374 1801 1438 1859 licet
1452 1802 1535 1875 Regis
1558 1802 1742 1860 cancellarius

80 1897 156 1970 apud
170 1896 287 1968 Papiam
302 1904 479 1953 contumaces
491 1894 619 1969 Episcopi
632 1894 810 1953 Lomhardlc
824 1903 888 1968 post
943 1897 1102 1967 haberetur,
1129 1895 1257 1953 Pontifici
1280 1903 1372 1954 tamen
1394 1895 1434 1953 rei
1459 1896 1599 1953 veritatem
1623 1894 1741 1955 fideliter

80 1990 191 2048 Paccius
218 1997 411 2049 convenerunt
431 1989 565 2047 inunum
590 2007 597 2046 :
623 1988 726 2062 ibique,
749 1989 888 2049 imitantes
941 1991 1092 2050 intimavit.
1108 1992 1171 2063 Quo
1185 1988 1278 2047 audito
1293 2000 1322 2049 et
1331 1991 1359 2047 in
1380 1990 1491 2048 veritate
1504 1998 1655 2063 comperto,
1668 1992 1741 2048 Pon·

80 2084 215 2143 Photium
235 2091 264 2140 et
277 2083 455 2152 Dioscorum,
476 2083 632 2142 Dominum
650 2085 756 2155 Papam
769 2083 888 2141 senioris
941 2086 1008 2144 tifex
1023 2085 1117 2143 statim
1138 2084 1239 2144 auertit
1252 2083 1383 2154 habenas,
1405 2092 1433 2141 et
1453 2084 1487 2143 ad
1505 2084 1676 2142 tuussimnm
1691 2099 1741 2143 ca-

81 2181 187 2237 Itomse
207 2193 257 2235 ore
270 2178 402 2250 sacrilego
423 2177 665 2237 excommunicare
676 2177 811 2236 instinctu
824 2178 888 2236 dia·
941 2189 1030 2239 strum
1044 2179 1198 2238 Comitissae
1220 2178 1353 2247 lliatildis,
1373 2179 1451 2236 Beati
1466 2177 1540 2237 Petri
1555 2176 1741 2237 devotissimae

81 2273 174 2330 bolico
196 2279 446 2345 praesumpserunt.
475 2272 557 2344 Quod
583 2269 687 2330 factum
711 2272 886 2331 attendentes
940 2273 1012 2343 lilim,
1025 2273 1099 2347 quod
1112 2272 1212 2332 dicitur
1222 2272 1381 2342 Canusium,
1390 2289 1446 2330 non
1460 2272 1578 2347 segniter
1590 2271 1741 2342 festinavit,

81 2367 225 2439 Principes
234 2367 403 2440 Regni,non
416 2365 589 2424 mediocriter
598 2363 724 2424 dubitare
733 2374 886 2440 coeperunt,
939 2377 1006 2427 otse
1017 2368 1045 2425 in
1058 2376 1118 2426 tulo
1132 2384 1196 2426 cum
1213 2368 1353 2425 Fratribus
1375 2367 1431 2426 suis
1450 2367 1561 2440 recepit.
1576 2369 1638 2426 Bar
1666 2383 1741 2436 voro,

81 2477 117 2518 ιι
129 2461 451 2519 excommunicationem
466 2460 554 2534 ipsam
568 2468 755 2530 contemnere,
769 2477 804 2517 an
821 2476 886 2518 eam
939 2462 1089 2537 perpetrati
1112 2461 1223 2538 perjurii
1246 2462 1380 2530 conscius,
1409 2462 1457 2520 ubi
1478 2469 1584 2520 reatum
1606 2462 1742 2520 suumin·

80 2565 248 2615 maerentes
272 2554 422 2614 ohservare
442 2554 592 2625 (deberent)
612 2573 619 2612 ι
638 2555 760 2613 maxime
777 2571 843 2614 cum
857 2555 886 2615 in
938 2556 1094 2616 dubitanter
1121 2556 1441 2632 publicatumcognovir,
1453 2555 1576 2630 deposita
1584 2555 1738 2627 ferocitate,

81 2667 182 2709 eorum
205 2651 268 2724 lege
285 2650 472 2718 contineatur,
488 2658 521 2707 ut
542 2650 566 2707 si
579 2649 639 2723 quis
652 2647 724 2707 inira
737 2665 840 2706 annum
858 2657 887 2706 ιι
938 2658 1082 2726 tamquam
1097 2652 1192 2724 vulpes
1206 2651 1315 2720 callida,
1333 2651 1537 2724 simplicitatem
1551 2649 1740 2710 columbinam

79 2745 156 2804 ιίιιι
168 2743 207 2802 ab
226 2743 520 2802 excommunicationis
540 2742 649 2800 vinculo
662 2759 722 2800 non
738 2742 823 2801 fuerit
836 2743 885 2801 ab·
938 2744 1036 2817 induit,
1058 2754 1087 2802 ct
1110 2760 1199 2818 usque
1217 2744 1252 2801 ad
1275 2745 1366 2818 ipsum
1385 2753 1515 2810 castrum,
1535 2753 1567 2803 ut
1584 2754 1739 2804 mereretur

79 2840 202 2909 solutus,
233 2838 310 2896 omni
335 2845 427 2896 careat
445 2837 584 2912 dignitatis
605 2837 721 2894 honoro.
745 2837 828 2895 Unde
849 2837 886 2896 ad
938 2839 1053 2907 absolvi,
1073 2838 1236 2900 Pontificem
1252 2836 1330 2911 sequi
1345 2853 1401 2895 nou
1414 2838 1520 2908 destitit
1537 2856 1545 2895 r
1561 2839 1591 2897 in
1605 2855 1660 2912 quo
1677 2840 1738 2898 loco

79 2950 179 2993 eorum
191 2933 411 2992 cunmlationem
422 2931 570 3006 prudentes
583 2930 712 3005 Episcopi
726 2929 886 3004 hujusmodi
939 2932 1126 3007 supernivem
1140 2940 1168 2990 et
1185 2932 1298 3006 glaciem
1313 2931 1393 2991 nudis
1409 2933 1525 3006 pedihus
1544 2949 1594 3007 per
1610 2932 1671 2990 dies
1684 2933 1738 2991 ali·

80 3028 218 3087 dederunt
245 3042 422 3100 responsum,
442 3024 528 3101 quod,
558 3026 712 3085 secundum
736 3033 838 3083 statuta
858 3034 886 3085 et
939 3036 1007 3102 quot
1027 3028 1117 3098 stelit,
1147 3035 1175 3085 et
1199 3025 1378 3085 absolutionis
1399 3026 1517 3100 gratiam
1542 3026 1737 3087 instantissime

80 3123 208 3198 exempla
222 3127 382 3180 sanctornm
405 3123 530 3190 Patrem,
551 3123 696 3178 Romanus
716 3120 885 3179 Pontifexa
939 3121 1095 3195 postularit.
1129 3123 1196 3180 Post
1227 3122 1327 3179 multas
1349 3122 1441 3195 itaque
1469 3120 1682 3194 disceptationes
1709 3129 1738 3181 ιι

80 3215 316 3291 neminejudicari
325 3232 375 3274 seu
383 3214 619 3274 excommunicari
629 3214 767 3273 ullatenus
782 3223 882 3288 potest.
938 3217 996 3274 rari
1019 3216 1146 3286 consilia,
1172 3224 1235 3291 post
1267 3214 1478 3274 satisfactionem
1507 3223 1536 3272 et
1561 3215 1739 3276 absolutionis

80 3312 147 3371 idco
167 3309 311 3384 Principes
338 3311 389 3384 ipsi
414 3310 557 3383 (quoniam
575 3309 728 3367 secundum
749 3309 884 3367 malitiam
936 3312 1065 3384 gratiam,
1086 3309 1160 3367 idem
1187 3309 1312 3366 Pontifex
1345 3309 1416 3368 inter
1439 3311 1587 3371 missarum
1610 3310 1736 3369 solennia

80 3405 353 3477 instantistemporis
366 3402 546 3462 meliusnihil
559 3404 733 3474 invenerunt)
747 3419 813 3460 cum
826 3407 884 3462 liu·
937 3405 1019 3479 Regi,
1040 3406 1168 3461 Hosuam
1192 3402 1293 3460 Christi
1315 3405 1468 3476 porrigens,
1492 3402 1561 3462 dixit
1585 3405 1640 3463 :si
1655 3404 1738 3465 corde

80 3499 200 3572 dolpbc,
220 3499 370 3568 Guelfone,
384 3514 418 3555 ac
436 3498 608 3556 Theoderico
622 3497 758 3567 Ducibus,
779 3497 884 3555 stallis
937 3501 1011 3558 bono
1024 3497 1143 3567 accedis,
1156 3506 1184 3554 et
1197 3497 1272 3570 quod
1285 3512 1333 3554 ore
1347 3496 1483 3572 profiteris
1500 3496 1568 3555 mibi
1589 3498 1737 3557 observare

81 3594 236 3667 maioribus
250 3594 339 3667 liegni
361 3593 522 3666 juramento
549 3591 706 3662 firmarunt,
722 3599 754 3649 ut
776 3592 801 3649 si
823 3593 884 3649 Rex
934 3593 1069 3667 disponis,
1082 3591 1136 3650 boc
1146 3607 1256 3650 sacrum
1267 3592 1374 3665 corpus
1384 3591 1421 3649 sit
1433 3591 1494 3658 tibi,
1506 3591 1577 3648 sicut
1584 3593 1736 3666 Apostolis,

81 3689 201 3746 consilio
220 3703 320 3746 eorum
342 3687 517 3762 acquiescere
542 3686 632 3755 vellet,
660 3701 776 3759 operam
803 3701 884 3743 suam
937 3687 972 3746 ad
992 3688 1125 3755 salutem3
1149 3686 1271 3760 alioquin
1289 3685 1403 3758 indigna
1425 3685 1560 3760 percipies
1578 3685 1645 3743 illud
1665 3687 1738 3745 sicut

82 3782 233 3841 efficaciter
244 3781 415 3851 adhiberent,
432 3780 618 3854 utGregorius
628 3782 702 3853 Papa
716 3779 792 3837 ultra
805 3794 883 3837 mon·
936 3781 1031 3853 iudas,
1053 3790 1081 3839 et
1095 3781 1230 3854 Judicium
1246 3779 1296 3840 tibi
1308 3779 1412 3854 absque
1434 3779 1521 3838 dubio
1540 3781 1736 3841 manducabis.

82 3887 125 3935 tce
144 3877 264 3946 ueniret,
292 3883 320 3933 ot
339 3892 355 3932 a
379 3874 489 3932 maculo
510 3873 801 3932 eaoommunicationis
817 3889 883 3930 eum
937 3880 972 3934 Et
985 3876 1079 3933 statim
1101 3874 1137 3932 ad
1149 3875 1277 3932 osculum
1289 3890 1354 3932 eum
1367 3874 1480 3948 recepit,
1496 3884 1523 3932 et
1539 3884 1602 3949 post
1621 3877 1737 3934 Missam

79 3973 248 4029 abmlserct.
260 3973 321 4044 Quo
343 3969 416 4028 facto
430 3973 488 4027 lies
506 3985 554 4026 ore
568 3969 678 4042 proprio
691 3968 882 4042 juramentum
937 3986 1002 4029 cum
1016 3970 1077 4043 ipso
1091 3977 1202 4042 paterna
1226 3969 1360 4027 charitate
1379 3968 1500 4028 comedit
1516 3990 1523 4026 :
1539 3978 1672 4041 praterea
1693 3986 1738 4029 ex·

79 4065 223 4140 prestiti,
248 4066 322 4138 qrrod
336 4064 365 4122 in
382 4063 503 4121 adventu
516 4063 602 4136 ipsius
624 4061 766 4120 Pontificis
779 4061 883 4136 absque
937 4063 1213 4136 communicatosqui
1229 4080 1292 4121 cum
1304 4067 1380 4136 Rege
1396 4072 1526 4122 uenerant
1544 4062 1735 4136 iecitabsolri‚

80 4163 155 4218 malo
177 4159 288 4234 ingenio
300 4160 362 4233 ejus
375 4166 460 4217 staret
474 4156 626 4215 mandato:
640 4164 669 4214 ιι
683 4165 884 4230 consequenter
938 4167 966 4217 ιι
981 4158 1010 4215 in
1023 4174 1089 4233 pace
1103 4173 1200 4215 omnes
1213 4158 1330 4216 dimisit.

81 4255 222 4328 anceps
240 4253 343 4311 iterum
357 4254 521 4326 juraverunt
536 4251 565 4308 in
577 4250 651 4310 hunc
667 4249 796 4319 modum,
817 4259 848 4307 ιι
861 4250 884 4308 ιί
971 4257 998 4311 9.
1026 4257 1152 4310 Decurso
1172 4253 1263 4325 itaque
1283 4251 1411 4309 instantis
1426 4252 1489 4308 anni
1507 4252 1622 4322 circulo,
1636 4269 1736 4327 quam·

80 4366 129 4408 rex
141 4347 222 4422 quod
231 4349 373 4422 juraverat
386 4346 555 4416 observaret,
572 4345 623 4419 ipsi
634 4361 698 4404 cum
712 4360 745 4402 eo
758 4345 786 4402 in
799 4361 882 4403 manu
938 4361 1024 4420 quam
1038 4347 1068 4405 in
1079 4346 1148 4403 facie
1160 4346 1288 4404 Pontifici
1300 4349 1360 4403 lter
1375 4345 1492 4403 deuotus
1510 4355 1538 4405 et
1553 4345 1685 4406 obediens
1697 4348 1739 4405 vi·

81 4442 170 4501 valida
182 4415 428 4516 proficiscerentur
437 4441 473 4512 ad
483 4439 581 4498 urbem
591 4442 728 4511 Romam
738 4447 767 4497 et
774 4447 884 4513 recepta
937 4441 1057 4511 deretur,
1066 4440 1148 4499 corde
1160 4449 1189 4498 et
1199 4456 1291 4514 opere,
1301 4440 1373 4498 sicut
1381 4439 1421 4497 rei
1431 4438 1546 4497 effectus
1555 4441 1735 4514 postmodum

79 4536 360 4610 tmperiatiscoronae
367 4534 652 4609 dignitatealiomino
658 4533 792 4608 Gregorio
800 4536 884 4608 Papa,
898 4533 924 4600 ll
938 4535 1078 4605 indicavit,
1093 4536 1247 4593 contrarius
1259 4534 1320 4601 sibi,
1338 4543 1367 4591 et
1379 4548 1488 4607 semper
1511 4533 1539 4589 in
1552 4532 1656 4591 insidiis
1674 4533 1735 4592 effl-

79 4630 356 4690 dmmdnmrcum
370 4629 531 4689 exercituin
543 4628 671 4700 Apuliam
685 4637 713 4685 ιι
728 4628 884 4687 Calabriam
938 4630 1035 4688 caciter
1057 4628 1155 4688 extitit.
1190 4628 1338 4687 Nocturnis
1361 4628 1435 4685 enim
1461 4627 1643 4699 temporibus,
1670 4645 1735 4688 cum

78 4735 178 4784 matra
192 4727 381 4794 normannos,
397 4725 444 4798 qui
457 4733 522 4781 tunc
532 4721 749 4780 adversabantur
761 4724 883 4796 aposto-
937 4724 1070 4782 Gniberto
1080 4732 1108 4780 et
1122 4723 1218 4780 centio
1228 4725 1356 4780 Romano
1370 4721 1430 4779 viro
1444 4721 1735 4797 nequissimumque

79 4821 142 4878 lica
167 4818 252 4889 Sedi;
274 4827 304 4877 ιι
324 4827 427 4877 terram
448 4819 548 4891 ipsam,
563 4816 683 4889 expulsis
704 4818 882 4889 Normannis,
937 4819 1109 4876 mentionem
1129 4816 1248 4874 fecimus
1263 4816 1396 4889 superius,
1411 4825 1440 4874 et
1457 4815 1520 4875 aliis
1532 4817 1664 4876 Ecclesiae
1680 4816 1735 4876 ini·

78 4916 165 4973 Beato
180 4915 304 4972 Petroet
316 4913 444 4972 Ecclesia
454 4916 591 4971 Romanae
602 4911 790 4969 restituerent.
802 4910 883 4982 Quod
936 4912 1015 4971 micis
1041 4911 1213 4970 familiariter
1238 4910 1410 4984 loquebatur,
1442 4919 1470 4968 et
1492 4911 1606 4970 nefariis
1637 4927 1735 4971 eorum

77 5010 176 5067 siRex
199 5007 255 5066 boc
264 5006 357 5066 facere
369 5006 530 5082 denegaret,
547 5021 582 5064 ex
596 5012 663 5062 tunc
676 5004 729 5079 ipsi
742 5004 883 5079 Principes
935 5007 1057 5068 consiliis
1071 5004 1195 5066 favorem
1206 5005 1363 5080 praestabat.
1375 5005 1428 5064 Sed
1437 5021 1500 5063 cum
1517 5005 1620 5065 videret
1632 5009 1735 5079 Papam

79 5117 249 5176 eumneque
264 5117 315 5175 pro
329 5104 406 5175 Rege
419 5117 509 5175 neque
521 5099 705 5173 proDomino
719 5096 882 5156 haberede-
937 5102 1104 5177 Gregorium
1117 5118 1133 5158 a
1148 5103 1244 5159 Castro
1259 5100 1368 5160 Canusii
1388 5100 1466 5161 nullo
1484 5100 1569 5159 modo
1591 5116 1671 5175 posse
1690 5100 1736 5159 di·
1811 5094 1821 5115 ⁹

79 5195 191 5253 herent.
206 5195 315 5268 Quibus
336 5194 387 5253 rite
409 5193 554 5267 completis
567 5202 595 5252 et
612 5193 770 5268 juramento
784 5191 881 5251 firma·
937 5198 1010 5268 velli,
1025 5196 1138 5271 Papiam
1148 5203 1308 5255 moraturus
1320 5194 1451 5269 perrexit,
1464 5195 1512 5253 ubi
1523 5193 1650 5254 eumdem
1666 5196 1735 5254 Cen-

82 5287 131 5357 tia,
143 5288 387 5364 archiepiscopum
397 5291 595 5347 Treverensem
606 5286 880 5361 miseruntllomam,
935 5291 1005 5349 tium
1024 5289 1142 5364 pessima
1156 5296 1247 5347 morte
1266 5286 1430 5347 defunctum
1451 5288 1572 5359 invenit3
1586 5288 1664 5362 cujus
1685 5305 1734 5346 cx-

79 5390 264 5456 quatenmea
277 5398 342 5458 quae
357 5380 395 5440 de
407 5381 529 5441 sedanda
548 5380 685 5441 discordia
700 5381 771 5439 inter
784 5380 882 5439 Eccle-
935 5383 1248 5443 sccrabilcfunusidem
1262 5381 1412 5441 Guibertus
1427 5398 1491 5442 cum
1505 5382 1734 5441 caeterisorcom-
1850 5446 1864 5463 ἣ

77 5477 148 5536 dem
160 5486 192 5536 et
204 5477 355 5552 imperium
368 5476 578 5550 constituerant,
592 5475 733 5549 Episcopis
742 5483 770 5532 et
784 5474 882 5533 Cardi·
936 5478 1083 5535 manicatis
1110 5478 1266 5552 pompatice
1294 5486 1321 5535 ιι
1344 5476 1553 5537 lamentabiliter
1576 5475 1732 5534 celebrarit.

76 5570 193 5631 umbos
207 5571 402 5640 innntuceret,
414 5579 444 5629 ct
456 5568 624 5644 propterhoe
633 5574 798 5629 Romanum
807 5572 880 5629 Pon·
935 5571 1042 5631 Eodem
1055 5580 1189 5648 temporo,
1204 5586 1269 5630 cum
1280 5573 1337 5630 lter
1350 5573 1485 5631 lie-micus
1495 5571 1526 5628 in
1541 5569 1664 5645 partibus
1679 5570 1734 5625 lta·

112 5715 188 5780 (lit)
206 5710 278 5783 Udo,
299 5706 467 5784 quibudam
491 5708 564 5776 Ado,
586 5707 756 5767 Trevirensis
775 5709 879 5767 Archi·
933 5725 1012 5768 num.
1028 5710 1143 5785 673sed
1156 5707 1530 5786 ignoraritinJuriamUdoni
1544 5703 1734 5766 ιιοιιιιίοιι
1851 5734 1854 5739 -

74 5782 328 5868 φὴωμιιὴιι.
345 5785 426 5866 lucy.
440 5780 476 5841 ad
501 5784 582 5838 10⁷8.
597 5781 726 5867 meminit
736 5780 822 5854 hujus
845 5781 880 5838 le
933 5780 1047 5844 faciam.

75 5862 198 5929 aarum
219 5851 673 5945 mammam-alehem.
692 5851 732 5915 ad
743 5867 790 5949 ιι.
809 5857 878 5913 1077
