3884 6158
161 234 214 289 779
518 226 545 284 S.
566 225 728 283 enudetur
741 224 788 280 vlt
806 223 881 280 OPP.
901 222 989 280 PARS
1008 219 1051 278 ltl.
1072 250 1107 264 -
1125 221 1280 278 concitis
1299 218 1452 276 ROMANA.
1568 244 1571 249 ·
1757 217 1808 272 780

160 357 204 414 oui
220 356 395 430 potissimum
417 360 460 409 est
472 349 670 418 miserendum,
686 365 770 422 quarn
783 364 847 406 oum
861 348 957 406 inobc-
971 351 997 417 Α
1014 346 1208 405 haeresiarchis
1226 344 1310 402 fidem
1331 352 1489 401 sanctorum
1503 343 1615 399 Patrum
1633 340 1810 414 impugnent,

161 449 274 518 dientia,
290 457 335 505 aut
349 463 396 520 per
410 462 439 502 se
461 451 508 501 aut
519 444 604 501 alium
618 443 738 500 Domino
754 440 855 500 offerat
876 442 960 500 sacri·
1013 450 1107 498 tamen
1122 455 1218 497 eorum
1233 439 1384 495 moralibus
1407 437 1516 494 statutis
1540 452 1604 493 eum
1623 437 1683 509 ipsa
1698 434 1815 507 quidem

162 544 266 600 ficium.
291 542 372 598 Libet
391 548 482 596 autem
505 538 675 595 considerare
704 553 787 610 quana
815 538 961 594 clementer
1013 528 1811 607 fidepereosdemsauotosPatreseodemtcmporeeadem

161 645 255 694 noster
273 634 436 706 apostolicus
458 635 540 691 etiam
562 633 634 706 ipsos
652 641 855 704 contemptores
878 647 959 689 cauo·
1014 629 1213 703 subscriptione
1236 628 1372 684 roboratis
1394 626 1527 684 obstinate
1542 625 1686 692 resistunt,
1701 639 1765 696 quae
1785 632 1812 681 ct

162 746 230 787 num
245 730 275 785 in
287 728 473 800 superioribus
490 728 603 784 statutis
616 726 756 793 tractavit,
771 740 841 799 quos
852 732 959 781 tantum
1014 742 1078 782 cum
1095 725 1190 780 eadem
1202 722 1256 778 lide
1270 737 1304 779 ox
1317 721 1500 778 sacratissimo
1515 718 1590 775 ionte
1608 717 1812 791 scripturarum

162 823 239 881 atali
254 821 346 879 officio
362 823 488 888 removit,
504 821 578 894 quod
593 830 686 877 tamen
701 818 855 876 nullatenus
869 819 919 875 nisi
933 818 960 873 in
1014 826 1220 875 emanaverunt.

160 915 313 991 perniciem
326 932 405 974 suam
420 915 555 972 celebrare
569 922 691 988 possent,
707 914 730 970 si
747 913 885 970 canonicis
898 928 961 969 san·
1050 910 1147 969 sedin
1166 910 1217 966 hac
1231 925 1328 967 eorum
1341 907 1539 965 nefandissima
1555 907 1704 965 rebellione
1726 906 1812 964 ctiam

160 1009 298 1068 ctionibus
313 1018 497 1084 repugnantes
513 1009 605 1081 ipsum
620 1008 751 1080 Spiritum
761 1016 886 1065 sanctum
901 1005 962 1063 bla-
1015 1006 1101 1080 ipsam
1114 1005 1195 1062 iidem
1210 1004 1295 1061 sancti
1307 1007 1401 1060 Patres
1413 1003 1567 1087 probantur
1581 1002 1734 1068 adnullare,
1747 1016 1813 1058 oum

162 1103 305 1179 sphemare
325 1121 382 1161 non
396 1103 566 1160 desisterent.
580 1105 708 1176 Ipsorum
726 1118 789 1158 saue
804 1101 962 1158 diuturnam
1015 1101 1045 1156 in
1056 1099 1221 1156 authenticis
1233 1098 1417 1154 sanctionibus
1431 1096 1620 1154 auctoritatem
1631 1095 1746 1152 illorum
1762 1110 1813 1168 pto

162 1198 374 1256 obstinationem
395 1197 560 1271 jamdudum
584 1198 673 1253 acrius
695 1194 867 1267 plectendam
888 1211 962 1251 non·
1015 1192 1270 1266 nihiloducuntqui
1284 1192 1406 1250 attidem
1418 1207 1469 1248 sua
1484 1192 1645 1248 auctoritate
1659 1190 1814 1247 confirma·

162 1291 231 1349 dum
249 1292 339 1349 debita
353 1291 492 1348 severitate
512 1289 627 1364 punivit.
648 1291 701 1346 Sed
722 1289 792 1358 illos,
812 1297 844 1345 ut
865 1290 962 1344 saltem
1015 1297 1121 1345 verunt.
1138 1289 1296 1345 Nullatenus
1317 1303 1381 1344 sane
1400 1286 1479 1342 alicui
1501 1285 1567 1343 tides
1584 1293 1747 1343 sanctorum
1760 1288 1813 1342 Pa·

162 1385 251 1442 adhuc
268 1385 389 1442 redirent
403 1385 438 1441 ad
452 1401 510 1454 cor,
533 1393 647 1457 paterno
661 1382 763 1439 aflectu
785 1382 960 1455 exspectavit,
1016 1393 1089 1440 trum
1101 1381 1223 1455 proderit
1236 1381 1281 1454 qui
1295 1397 1390 1438 eorum
1403 1380 1541 1437 canonicis
1559 1387 1641 1454 atque
1661 1379 1814 1437 moralibus

162 1486 194 1537 ut
204 1480 246 1536 vel
260 1480 290 1535 in
299 1478 352 1536 hoc
362 1490 445 1536 suam·
453 1477 661 1535 damnationem
670 1492 837 1550 cognoscere
851 1476 960 1547 vellent,
1016 1477 1159 1551 praeceptis
1172 1493 1228 1533 non
1237 1474 1356 1543 obedire,
1368 1474 1417 1532 sed
1428 1474 1601 1549 pertinaciter
1613 1475 1744 1531 resistere
1756 1482 1815 1532 stu·

162 1590 226 1630 cum
239 1572 370 1647 populum
383 1589 398 1628 a
410 1572 574 1645 recipiendis
589 1588 686 1629 eorum
702 1569 962 1643 oiiiciisJustissime
1015 1571 1122 1639 doerit,
1145 1587 1220 1638 nam,
1249 1579 1279 1627 ut
1293 1569 1411 1626 Iacobus
1432 1567 1517 1626 irater
1541 1569 1651 1626 Domini
1668 1577 1790 1626 testatur
1804 1588 1811 1625 :

162 1665 332 1740 prohibitum
347 1683 445 1739 negare
464 1683 519 1723 non
539 1674 658 1738 possent.
1015 1665 1096 1723 Fides
1110 1668 1168 1721 sinc
1181 1666 1304 1736 operibus
1317 1668 1481 1719 mortuaest
1503 1663 1567 1735 (loc.
1592 1667 1645 1731 n);
1660 1664 1771 1735 qualem
1786 1671 1814 1721 et

196 1763 264 1818 XX.
280 1761 463 1817 —Fortassis
477 1768 572 1817 autem
587 1759 684 1832 aliquis
695 1758 778 1815 dicit:
800 1760 857 1815 Cur
869 1764 962 1814 noster
977 1722 1002 1785 Β
1015 1760 1156 1817 daemones
1176 1758 1277 1815 habere
1297 1757 1408 1815 iatetur.
1432 1760 1496 1813 Non
1510 1772 1575 1830 ergo
1599 1758 1753 1814 minus'est
1766 1773 1811 1814 re·

161 1854 310 1929 Gregorius
318 1863 376 1910 tam
390 1855 526 1911 contraria
541 1862 643 1911 nostra
657 1851 847 1909 consuetudini
861 1859 962 1909 statuta
1015 1853 1168 1911 sistendum
1177 1852 1363 1925 pertinacibus
1375 1851 1595 1908 authenticarum
1605 1850 1811 1908 institutionum

160 1949 298 2007 observari
319 1949 489 2022 praeceperit,
511 1965 561 2005 cur
580 1964 636 2004 non
652 1947 742 2020 potius
755 1955 880 2003 nostram
894 1962 961 2003 con·
1013 1948 1250 2021 impugnatoribus
1263 1963 1345 2019 quam
1355 1959 1445 2003 sacrae
1460 1945 1523 2002 iidci
1537 1944 1729 2012 violatoribus,
1745 1960 1811 2002 cum

165 2042 340 2100 suetudinem
364 2042 438 2115 quasi
459 2041 632 2098 misericordi
655 2040 872 2097 dissimulatione
895 2027 963 2096 tole-⁰
1015 2053 1044 2099 ct
1065 2040 1240 2098 daemonibus
1258 2040 1443 2096 assimilentur
1475 2038 1630 2112 quicunque
1656 2039 1811 2096 institutio·

165 2137 251 2193 ratiti
270 2135 323 2193 Sed
338 2135 383 2190 ille
396 2135 486 2191 audlat
507 2134 574 2208 quid
587 2138 620 2190 B.
637 2136 693 2190 Leo
712 2149 790 2206 papa,
806 2133 852 2207 qui
870 2149 960 2190 sacra·
1014 2150 1079 2191 nem
1093 2143 1251 2192 sanctorum
1266 2137 1378 2190 Petrum
1393 2133 1419 2190 iu
1434 2133 1644 2190 hdetautumet
1656 2149 1714 2190 non
1727 2135 1811 2190 ctiam

159 2229 267 2285 tissimo
292 2228 508 2286 Chalcedonensi
532 2227 648 2284 concilio
668 2227 790 2298 praefuit,
814 2227 960 2298 decemat;
1014 2227 1042 2284 in
1065 2228 1273 2286 conversatione
1293 2231 1343 2301 prb
1367 2228 1469 2284 viribus
1501 2236 1680 2297 assectantur,
1703 2228 1750 2300 qui
1784 2234 1813 2284 ot

161 2322 208 2396 qui
222 2323 345 2378 Anatolii
365 2322 488 2394 praesulis
510 2320 809 2394 constantinopolitani
827 2337 961 2393 praesum·
1014 2323 1131 2395 culpam,
1147 2324 1210 2395 quia
1231 2322 1384 2379 humanum
1403 2321 1456 2378 fuit
1469 2321 1652 2389 committere,
1674 2320 1812 2379 diabolico

159 2417 283 2489 ptionem
297 2416 429 2473 cohibens
451 2417 487 2472 ita
504 2416 687 2487 pronuntiat:
706 2415 781 2488 quod
802 2416 831 2471 in
854 2424 960 2474 reatum
1012 2416 1143 2473 instinctu
1155 2432 1212 2472 uon
1224 2416 1324 2473 timent
1333 2417 1507 2488 pertinaciter
1520 2414 1674 2472 defendere.
1686 2416 1813 2489 Amplius

158 2510 278 2568 Romani
304 2510 441 2582 pontilicis
463 2509 619 2582 deputetur,
635 2508 657 2565 si
672 2508 808 2566 institutio
823 2525 960 2566 canonum
1012 2511 1104 2583 ipsum
1120 2514 1175 2568 Vas
1190 2511 1330 2567 electionis
1344 2512 1372 2566 in
1385 2527 1435 2567 sua
1450 2526 1567 2583 persona
1582 2509 1711 2566 omnibus
1723 2509 1812 2566 eccle·

155 2621 211 2661 non
226 2603 399 2674 prohibente,
421 2611 450 2659 et
465 2603 492 2658 in
512 2603 565 2659 hoc
576 2603 651 2674 quasi
675 2603 836 2658 connivente
858 2602 960 2659 alicubi
1012 2604 1127 2660 siasticis
1141 2604 1294 2676 pastoribus
1306 2603 1372 2659 dicit
1388 2622 1394 2659 :
1409 2606 1440 2661 Si
1453 2605 1685 2674 mrctvvpelv'zooero,
1697 2619 1750 2658 non
1766 2612 1811 2661 cst

156 2697 281 2753 violetur.
300 2700 372 2753 ltcm
388 2696 577 2753 sanctissimus
591 2696 680 2752 nostri
700 2695 843 2768 apostolici
864 2695 959 2752 horno·
1012 2699 1187 2771 mihtploric,
1197 2701 1339 2754 necessitas
1349 2700 1417 2753 enim
1429 2698 1664 2765 ovlhiincumbs't3
1682 2714 1724 2753 coe
1734 2699 1813 2753 enim

157 2806 258 2864 aymus
280 2791 403 2847 scribens
428 2790 531 2847 Victori
556 2788 684 2862 episcopo
713 2788 783 2846 hanc
807 2789 958 2846 terribilem
1013 2797 1053 2847 cst
1064 2791 1144 2856 milvi,
1160 2794 1186 2846 si
1195 2808 1247 2848 aon
1257 2793 1474 2861 evangelizavero
1484 2792 1508 2864 (Ι
1520 2794 1577 2849 Cor.
1593 2795 1648 2859 rx).
1658 2791 1811 2861 Quomodo

153 2891 182 2941 et
192 2884 347 2957 generalem
362 2883 529 2941 sententiam
550 2883 665 2955 protulit
680 2905 686 2940 z
709 2883 839 2956 Quisquis
852 2882 886 2938 ad
902 2882 955 2940 hoc
1010 2900 1075 2958 ergo
1088 2893 1183 2941 noster
1198 2886 1364 2958 apostolicus
1378 2885 1451 2942 istud
1465 2902 1505 2941 trae
1529 2884 1724 2958 subterfugere
1746 2900 1812 2958 pos·

153 2977 269 3048 lacinus,
284 2977 409 3034 videlicet
423 2978 588 3034 Simoniacae
610 2985 656 3033 aut
677 2976 880 3050 neophytorum
895 2977 954 3034 ha·
1008 2986 1059 3047 set,
1071 2978 1095 3035 si
1106 2994 1215 3052 gregem
1228 2979 1280 3036 sibi
1295 2980 1477 3036 commissum
1489 2980 1567 3052 juxta
1578 2978 1661 3052 ipsius
1681 2979 1813 3052 Apostoli

152 3088 254 3142 roseos,
269 3070 473 3129 emendandum
488 3068 572 3127 oflicii
586 3070 626 3127 sui
637 3069 854 3126 consideratione
867 3069 953 3127 vehe-
1008 3081 1142 3145 praecepta
1163 3072 1303 3129 instituere
1322 3073 1489 3146 negligeret?
1508 3075 1624 3130 Sanctus
1640 3073 1727 3129 etiarn
1747 3073 1812 3146 Spi-

152 3175 261 3222 menter
274 3182 329 3222 uon
342 3165 448 3234 arserit,
461 3181 526 3221 cum
538 3166 597 3237 ipso
617 3179 646 3220 se
657 3163 758 3220 habere
772 3179 830 3222 non
849 3131 992 3220 dubitetC
1009 3167 1077 3223 ritus
1098 3182 1146 3239 per
1166 3165 1336 3222 Ezechielem
1370 3167 1531 3240 prophetam
1562 3167 1677 3223 cuilibet
1703 3168 1810 3240 pastori

151 3259 305 3331 portionem
325 3275 341 3315 a
364 3273 418 3332 quo
443 3257 519 3331 prius
543 3258 595 3315 boc
615 3257 747 3330 piaculare
770 3258 904 3329 flagitium
927 3266 955 3315 et
1007 3260 1157 3317 terribilem
1171 3260 1304 3334 proponit
1327 3260 1540 3319 conditionem.-
1567 3263 1607 3325 si,
1630 3261 1732 3345 inquit,
1756 3278 1811 3317 aon

151 3353 255 3409 crimen
270 3354 389 3425 sumpsit
400 3351 555 3409 exordium.
571 3352 695 3425 lgituret
714 3351 758 3408 ille
773 3352 954 3410 nihilominus
1006 3356 1113 3411 diceris
1124 3358 1272 3428 peccatori,
1298 3359 1385 3413 blorte
1408 3358 1594 3425 morieris-et
1608 3356 1760 3413 ostenderas
1779 3360 1811 3413 ul

65 3428 76 3451 ”
151 3446 267 3503 Ebionis
281 3446 472 3503 haeresiarchae
486 3445 620 3519 particeps
633 3446 781 3520 detegitur,
796 3445 953 3520 quicunque
1006 3450 1115 3505 recedet
1128 3451 1162 3505 ab
1177 3449 1371 3521 iniquitatibus
1380 3452 1449 3514 suis,
1459 3452 1516 3521 ipse
1528 3450 1638 3524 quidem
1649 3452 1679 3505 ia
1690 3454 1810 3522 peccetis

150 3554 200 3612 pro
215 3539 307 3597 debito
322 3539 404 3597 cilicii
417 3539 489 3596 illius
505 3539 644 3609 haeresim,
658 3538 686 3596 id
699 3547 741 3596 est
752 3539 895 3596 iudaicam
910 3540 952 3595 in·
1005 3546 1213 3615 submmistrat,
1235 3546 1394 3616 sanquinem
1413 3549 1504 3599 atatem
1523 3544 1580 3614 ejas
1604 3544 1638 3600 de
1657 3560 1743 3599 morto
1761 3548 1810 3600 tuo

152 3632 362 3700 continentiam,
379 3631 519 3689 modernis
531 3633 718 3690 sacerdotibus
737 3632 883 3704 prohibere
895 3650 953 3691 non
1005 3640 1155 3709 requiram.
1171 3638 1303 3694 Siculam
1322 3638 1436 3701 diesis,
1453 3643 1478 3692 ct
1492 3639 1539 3694 illc
1569 3641 1762 3709 contempserit
1783 3643 1809 3695 ct

151 3722 296 3782 studuerit.
309 3724 826 3797 lpsaquoquesacratissimaconcilia,
843 3726 951 3800 exqui-
1004 3746 1057 3786 noa
1081 3730 1222 3794 obedierit,
1236 3732 1323 3786 illeiis
1349 3732 1492 3788 sceleribus
1516 3733 1572 3788 scis
1597 3734 1745 3801 morietur,-
1777 3738 1807 3789 tu

149 3817 202 3875 bus
214 3826 316 3874 statuta
328 3817 416 3874 nostri
436 3817 580 3890 apostolici
594 3818 792 3891 produxerant,
806 3818 876 3877 adeo
890 3835 951 3876 am·
987 3831 990 3835 ’
1005 3828 1096 3880 cutem
1109 3825 1231 3879 ahinaam
1245 3829 1323 3880 tvcom
1338 3826 1467 3881 liberabis
1482 3826 1588 3896 (Erech.
1603 3827 1733 3898 xxxru).
1747 3826 1807 3882 Hac

149 3910 253 3984 plcxati
266 3919 330 3968 sunt
342 3911 430 3967 sancti
447 3913 549 3979 Patres,
561 3918 603 3980 ut,
626 3912 698 3968 siout
711 3912 835 3984 ipsorum
850 3913 951 3986 scripta
1004 3916 1114 3991 quidem
1138 3918 1316 3976 translatione
1338 3920 1367 3977 S.
1390 3920 1560 3993 Augustinus
1581 3920 1609 3975 in
1631 3918 1808 3977 sennouede

149 4013 296 4075 testantur,
319 4004 413 4076 potius
432 4002 536 4077 seipsos
558 4003 675 4061 diversis
689 4005 835 4062 tormentis
853 4005 949 4081 afiligi,
1003 4012 1109 4083 psalmo
1123 4026 1198 4069 xxxx
1211 4013 1309 4079 utitur,
1325 4013 1473 4087 statimque
1484 4013 1542 4070 suis
1553 4012 1725 4071 auditoribus
1735 4012 1805 4070 sub-

115 4104 118 4109 '
149 4099 207 4155 imo
222 4114 250 4154 se
271 4097 362 4172 potius
375 4097 521 4154 crudeliter
543 4098 631 4155 occidi
654 4098 845 4171 permitterent
865 4116 949 4175 quam
999 4105 1090 4180 jungit
1107 4125 1112 4161 :
1129 4107 1198 4162 Dico
1214 4106 1395 4174 vobis,libero
1405 4107 1527 4164 animam
1541 4123 1649 4177 meam;
1663 4106 1691 4163 in
1700 4121 1804 4180 magno

150 4192 325 4249 violatoribus
338 4191 498 4249 earumdem
519 4193 691 4249 sanctionum
708 4193 862 4251 consentire
891 4194 948 4252 vel·
1005 4199 1080 4256 euim
1105 4216 1168 4257 sum
1192 4215 1249 4256 uon
1270 4200 1390 4273 periculo
1422 4200 1470 4258 sed
1509 4200 1593 4258 exitio
1624 4201 1805 4273 constitutus,

148 4288 215 4343 lent.
228 4287 271 4344 Ob
282 4286 354 4343 hanc
366 4301 478 4344 causam
489 4302 604 4360 magnus
616 4286 782 4344 Athanasius
795 4288 950 4361 patriarcha
1003 4293 1028 4350 si
1042 4296 1162 4351 bcucro.
1177 4294 1245 4351 Satis
1257 4309 1324 4367 ergo
1338 4301 1413 4367 patet
1429 4310 1512 4368 quam
1527 4295 1667 4352 immerito
1690 4295 1805 4368 quidam

147 4380 346 4438 Alexandrinus
367 4389 430 4454 post
447 4381 569 4438 diversas
591 4381 760 4438 calamitates
777 4382 807 4438 in
827 4383 950 4440 exsilium
1003 4396 1101 4446 nostro
1128 4389 1278 4461 apostolico
1303 4405 1353 4462 pro
1381 4388 1567 4462 superioribus
1593 4389 1705 4446 statutis
1730 4388 1803 4447 indi·

147 4474 317 4548 deportatur.
333 4475 376 4532 Ob
391 4475 445 4531 hoc
466 4475 550 4531 etiam
571 4475 646 4531 Felix
666 4492 736 4548 papa
758 4477 903 4534 Romanus
917 4477 950 4534 ab
1004 4489 1121 4555 gncntur
1147 4482 1193 4555 qui
1218 4491 1276 4539 tam
1310 4483 1459 4540 inevitabili
1492 4483 1656 4541 necessitate
1688 4492 1803 4541 coactus

147 4568 304 4641 episcopatu
322 4568 462 4640 depositus
482 4569 616 4642 martyrio
634 4569 735 4643 legitur
748 4579 905 4637 coronatus,
922 4579 950 4627 et
1004 4575 1102 4634 eadem
1125 4573 1274 4633 instituisse
1300 4577 1445 4650 detegitur,
1473 4576 1597 4635 videlicet
1622 4593 1658 4634 ne
1681 4577 1802 4651 propriae

146 4661 226 4717 multi
241 4663 301 4735 ejus
324 4662 482 4735 presbytcri,
505 4662 634 4719 diacones
650 4670 678 4718 et
692 4662 792 4737 reliqui
811 4679 844 4720 ex
863 4665 948 4734 clero,
1002 4667 1100 4726 mortis
1114 4669 1217 4726 crimen
1229 4667 1390 4740 incurreret,
1405 4670 1491 4729 sinos
1503 4687 1535 4728 ex
1550 4668 1645 4728 debito
1657 4667 1745 4727 oflicii
1761 4668 1801 4727 sui

57 4824 62 4833 .
129 4752 672 4833 'edamintraEcclesiam,obeamdem
682 4755 944 4826 causam,heulcru·
998 4764 1143 4824 instituere
1156 4764 1316 4837 negligeret.

141 4842 284 4919 §lissima
301 4846 385 4903 occisi
405 4846 544 4919 leguntur,
568 4847 694 4906 videlicet
713 4850 777 4922 quia
801 4853 945 4909 sectatori·
1031 4859 1110 4915 XXl.
1132 4861 1266 4916 Praeterea
1280 4857 1304 4915 si
1329 4857 1365 4914 ob
1387 4857 1440 4915 hoc
1460 4866 1555 4916 nostro
1578 4857 1733 4930 apostolico
1760 4857 1799 4915 in-

128 4936 200 5021 ¹bus
222 4940 281 4996 Arii
304 4940 332 4995 in
362 4939 540 4997 violationem
562 4942 669 5000 Nicaeni
690 4943 798 5001 concilii
818 4947 944 5003 assentiri
997 4949 1107 5026 dignari
1128 4961 1266 5027 satagunt,
1288 4969 1338 5010 cur
1360 4968 1417 5010 non
1443 4952 1532 5025 potius
1550 4951 1602 5010 illis
1618 4955 1673 5009 318
1697 4953 1799 5011 sanctia

142 5034 284 5092 nolebant.
293 5036 361 5090 ilaee
372 5041 465 5090 autem
477 5042 505 5091 et
513 5033 675 5108 hujusmodi
686 5036 895 5095 innumerabilia
910 5056 942 5097 ex
995 5045 1122 5103 Patribus
1132 5046 1162 5102 in
1171 5046 1263 5103 Nicaea
1271 5046 1456 5121 congregatis,
1466 5054 1497 5102 ut
1509 5046 1600 5120 [sorta
1612 5052 1672 5115 aut,
1682 5047 1794 5115 Hanni

144 5127 333 5187 ecelesiasticis
367 5126 490 5184 historiis
531 5126 637 5185 affatim
664 5129 790 5202 colligere
821 5133 937 5203 poteris.
993 5145 1047 5196 oto
1061 5139 1188 5197 Patribus
1198 5139 1228 5195 in
1240 5139 1416 5197 Chalcedone
1431 5139 1604 5213 congregatis
1615 5148 1645 5197 et
1653 5139 1795 5197 coaduna-

32 5222 35 5227 '
142 5222 223 5280 Dicat
236 5237 301 5296 ergo
314 5220 401 5295 quivis
423 5220 566 5295 quomodo
586 5229 682 5279 noster
695 5223 861 5295 apostolicus
882 5227 942 5285 sine
993 5233 1029 5289 tis
1043 5232 1231 5307 indignantur,
1245 5233 1303 5305 qui,
1315 5241 1345 5289 ut
1354 5233 1517 5306 praedictum
1530 5240 1580 5297 est,
1593 5241 1690 5290 contra
1705 5232 1793 5291 Simo·

142 5325 193 5375 tuo
207 5315 327 5389 periculo
346 5323 394 5371 aut
408 5314 499 5387 potius
516 5314 599 5371 exitio
614 5314 749 5388 negligere
763 5326 854 5389 posset
874 5321 940 5393 quin
993 5325 1088 5383 niacos
1120 5334 1147 5383 et
1174 5325 1379 5384 incontinentes
1413 5326 1506 5383 altaria
1530 5324 1671 5383 ministros
1710 5327 1794 5384 mutto

140 5417 199 5467 tam
221 5408 420 5466 inevitabilium
441 5408 627 5477 sanctionum,
650 5423 706 5465 non
724 5410 785 5468 dico
799 5411 940 5472 violatori·
993 5419 1113 5477 acriores
1123 5419 1275 5476 sententias
1289 5421 1462 5493 protulerunt
1474 5436 1559 5494 quam
1577 5429 1673 5478 noster
1688 5429 1795 5495 aposto*

141 5503 202 5573 bus,
217 5503 266 5560 sed
279 5500 526 5576 impugnatoribus,
543 5518 576 5559 er
591 5501 683 5560 debito
709 5503 795 5562 officii
817 5510 860 5565 sui
887 5493 950 5567 ob-'
992 5511 1071 5569 licus.
1091 5511 1272 5585 indignentur
1284 5528 1348 5570 sane
1372 5514 1633 5587 sanctissimopape
1645 5512 1792 5578 Clementi,

138 5597 235 5668 naret,
250 5596 348 5671 quibus
363 5596 439 5669 ipsos
458 5604 567 5653 sanctos
581 5600 675 5654 Patres
693 5598 776 5656 etiam
800 5618 886 5677 usque
903 5604 938 5661 ad
991 5605 1039 5679 qui
1061 5606 1194 5679 martyrio
1227 5622 1275 5663 sua
1292 5605 1385 5664 decret
1405 5605 1607 5676 confirmarita,
1628 5622 1717 5680 quem
1740 5608 1794 5681 ipm

138 5693 299 5768 sanguinem
317 5689 449 5749 restitisse
467 5706 522 5746 non
542 5691 692 5764 ignoraret.
713 5694 841 5764 Quamvis
862 5697 937 5755 enim
990 5698 1116 5773 princeps
1138 5699 1189 5757 sibl
1206 5714 1393 5761 successorem
1405 5701 1565 5759 destinavit.
1590 5700 1709 5775 Legitur
1721 5700 1791 5759 cnitt

139 5786 223 5883 modo
236 5785 348 5859 quidam
360 5801 418 5844 non
436 5792 494 5842 tam
508 5794 602 5858 aperte
618 5802 682 5846 oum
695 5787 762 5847 Ario
782 5798 810 5848 et
823 5789 937 5863 reliquis
988 5788 1020 5851 in
1031 5792 1148 5854 decretls
1160 5795 1230 5868 eius,
1248 5810 1309 5870 cap.
1322 5802 1368 5870 lt,
1383 5796 1458 5871 quod
1466 5794 1670 5857 incontinentes
1683 5796 1792 5871 pantos·

154 6044 172 6073 Ι·
