3870 6164
883 140 894 173 t

618 315 798 373 concitauit
817 316 984 374 ROMANUM
1003 317 1024 372 i.
1553 274 1556 279 ·
1593 329 1645 382 782

116 443 243 502 iaolticio
255 443 413 512 removerit,
426 443 595 516 quodetiam
608 443 831 512 cohabitatio-A
848 458 1019 516 praepropere
1038 442 1082 517 agi
1102 460 1119 500 a
1138 459 1302 520 quacunque
1320 455 1396 519 parte
1417 447 1552 518 videatur,
1586 451 1647 522 quia

116 546 276 602 ,tranearum
293 538 459 596 feminarum
488 538 594 596 clericis
611 538 791 611 prohibuerit,
847 552 895 608 per
915 535 1120 609 subreptionem
1139 540 1225 596 multa
1244 542 1419 613 proveniunt.
1437 544 1505 600 Jure
1523 559 1588 618 crgo
1609 544 1647 599 illi

116 633 254 690 dolatores
294 632 452 705 hujusmodi
478 633 654 690 institutionis
680 648 793 705 prorsus
847 629 949 703 absque
961 631 1078 690 induciis
1101 632 1269 691 damnantur
1290 636 1336 708 qui
1349 636 1460 710 cuipam
1476 653 1556 695 suam
1573 638 1648 711 jam-

116 727 277 785 ratizaverlt.
317 726 497 799 indignentur
525 727 609 784 etiam
636 726 792 784 beatissimo
847 721 952 780 dudum
974 741 990 782 a
1011 727 1112 784 sanctis
1133 728 1257 786 Patribus
1280 727 1395 787 dillinite
1407 731 1566 789 damnatam
1592 749 1647 790 non

116 821 241 892 illaestro,
266 821 313 895 qui
344 822 375 877 in
400 822 549 895 apostolica
571 821 635 879 sede
657 820 792 878 constitu·
845 818 1134 892 negare,sedpnblice
1148 831 1244 880 contra
1257 825 1405 896 apostolica
1424 834 1526 883 statuta
1546 842 1648 884 conan-

116 915 294 973 ontinentiam
325 916 409 973 totius
431 914 528 973 mundi
561 915 739 990 presbyteris,
762 923 793 971 ut
846 919 892 967 tur
905 911 1056 992 defensare.
1068 918 1219 990 NempcB.
1239 918 1400 991 Gregorius,
1418 920 1452 976 ab
1467 921 1543 977 omni
1558 921 1648 979 catho

116 1025 163 1066 um
183 1016 236 1079 est,
252 1008 405 1083 prohibuit,
431 1018 459 1067 et
478 1024 573 1067 omnes
593 1009 657 1066 huic
682 1010 792 1066 decreto
847 1004 899 1061 lico
921 1016 1031 1079 pastore
1050 1010 1149 1067 merito
1170 1011 1328 1081 imitandus,
1353 1022 1557 1087 contemptores
1576 1015 1648 1083 sedis
1718 1037 1723 1043 ·

116 1112 180 1161 ntes
205 1104 234 1159 in
269 1113 431 1177 perpetuum
466 1103 640 1161 damnandos
662 1118 721 1161 esse
747 1103 794 1161 de·
847 1100 1004 1170 apostolica
1021 1103 1105 1160 ctiam
1121 1113 1185 1161 anta
1199 1114 1338 1178 peractam
1356 1107 1464 1180 culpam
1485 1108 1589 1165 solebat
1602 1125 1648 1165 er·

116 1195 294 1271 indignentur
311 1196 393 1255 etiam
415 1197 496 1254 beato
530 1197 645 1272 martyri
671 1201 793 1254 Damaso
847 1195 1053 1254 communicare
1071 1199 1213 1255 :sicenim
1239 1201 1393 1257 iliarimum
1407 1217 1457 1272 per
1469 1200 1647 1259 ambitionem

116 1292 178 1365 ujus
191 1292 354 1349 auctoritate
367 1290 487 1350 secunda
503 1291 663 1350 universalis
672 1290 794 1365 synodus
847 1285 1004 1347 Salonitano
1014 1291 1183 1364 episcopatui
1195 1292 1424 1363 inthronizatum,
1436 1302 1464 1351 et
1481 1311 1576 1352 omnes
1589 1295 1649 1368 ejus

116 1385 408 1458 tinopoiitanalegitur
421 1386 559 1444 roborata.
573 1389 645 1443 item
659 1384 795 1443 mnctissi·
847 1379 1021 1442 ordinatores
1045 1388 1301 1456 excommunicavit,
1316 1405 1387 1461 quos
1412 1390 1509 1447 eadem
1533 1404 1647 1445 excom·

116 1495 139 1537 ae
153 1480 241 1537 Leoni
251 1479 519 1537 chalcedonensium
532 1496 669 1538 canonum
679 1478 793 1543 auctori,
848 1475 1011 1549 munitatio,
1032 1480 1155 1538 nondum
1170 1491 1278 1553 peracta
1301 1483 1381 1555 culpa
1401 1499 1450 1556 pro
1466 1500 1519 1557 qua
1538 1498 1648 1541 excom·

116 1583 243 1648 ‚uterque
257 1574 352 1631 eadem
372 1583 400 1632 et
413 1575 563 1647 apostolica
585 1574 748 1633 auctoritate
766 1574 795 1630 in
849 1571 981 1629 manicati
995 1581 1070 1644 sunt,
1094 1575 1234 1649 obligavit,
1251 1593 1317 1633 nam
1340 1556 1496 1650 priusquam
1511 1579 1647 1636 illeximus

116 1668 200 1736 suis,
228 1668 273 1725 ille
287 1669 411 1743 quidem,
427 1685 486 1742 cap.
502 1677 529 1737 t,
550 1668 595 1726 bic
609 1678 713 1737 autem,
733 1684 792 1741 cap
849 1662 1030 1738 ordinaretur,
1058 1669 1402 1728 subexcommunioatioue
1426 1670 1563 1744 prohibuit
1583 1687 1645 1728 sarr-

118 1764 282 1837 generaliter
307 1763 485 1821 decrevere:
508 1763 608 1819 Omnia
647 1762 793 1821 decretalia
848 1766 908 1815 ctus
927 1762 1080 1836 Gregorius
1098 1780 1135 1821 ne
1158 1763 1210 1821 boc
1233 1773 1461 1838 praesumeretur,
1479 1764 1555 1837 quod
1577 1780 1649 1837 prae-

116 1873 163 1913 um
193 1858 354 1930 pontificum
376 1857 610 1930 predecessorum
635 1866 794 1915 nostrorum
807 1833 832 1896 B
844 1864 956 1928 captum
966 1866 1171 1916 contemnentes
1182 1858 1311 1932 episcopi,
1322 1875 1386 1915 cum
1399 1858 1560 1917 ordinarent
1573 1874 1649 1916 eum-

116 1959 158 2020 ita,
172 1966 233 2025 quae
245 1950 281 2008 de
301 1950 489 2009 ecclesiasticis
503 1951 643 2009 ordinibus
666 1961 694 2009 et
713 1969 795 2011 cano
849 1950 913 2009 dem
926 1951 1084 2024 Maximum,
1111 1961 1174 2009 ante
1197 1961 1335 2027 peractam
1355 1952 1553 2011 ordinationem
1571 1962 1650 2009 erant

117 2045 256 2119 omulgata
279 2053 344 2102 sunt
353 2045 513 2118 disciplinis,
533 2046 571 2103 ita
589 2046 717 2104 omnibus
737 2046 798 2120 epi·
850 2046 1385 2119 excommunicati,juxtaattestationem
1393 2047 1420 2104 S.
1433 2046 1649 2120 Gregorii3scri-

116 2140 264 2197 accunctis
276 2139 437 2213 generaliter
461 2140 647 2198 sacerdotibus
661 2141 798 2198 custodire
850 2137 891 2195 bit
912 2140 1034 2197 enimin
1055 2140 1167 2214 epistola
1195 2141 1230 2198 ad
1252 2141 1381 2199 eumdem
1402 2140 1554 2199 Maximum
1580 2155 1650 2214 prae

119 2234 282 2292 mandamns
299 2241 331 2290 ut
359 2235 383 2290 si
410 2233 472 2306 quis
496 2235 523 2291 in
544 2235 588 2293 illa
615 2235 796 2304 commiserit,
852 2242 1034 2307 sumptoram,
1070 2235 1110 2292 lta
1131 2235 1268 2293 detestans
1294 2235 1353 2310 ejus
1378 2235 1612 2293 consecrationem
1642 2252 1649 2290 :

124 2327 177 2386 sibl
187 2328 315 2403 deinceps
331 2331 436 2389 noverit
450 2329 589 2404 denegari.
618 2329 799 2404 indignentur
851 2331 940 2401 Quam
959 2345 1029 2396 rem,
1043 2328 1140 2403 inquit,
1155 2345 1206 2387 nos
1224 2329 1459 2388 consecrationem
1473 2329 1562 2387 dicere
1575 2329 1650 2386 nullo

118 2423 283 2480 sanctissimi
318 2425 406 2481 nostri
428 2424 572 2496 apostolici
603 2423 742 2497 aequivoco
752 2423 799 2496 qui
852 2423 936 2480 modo
946 2438 1101 2496 possumus,
1117 2424 1179 2497 quia
1194 2425 1228 2480 ab
1250 2423 1493 2482 excommunicatis
1514 2423 1650 2481 celebrata

116 2516 186 2574 ierali
203 2516 379 2575 anathemate
393 2518 531 2576 damnavit
552 2534 648 2575 omnes
669 2534 685 2574 a
705 2533 799 2575 sacra·
852 2525 903 2573 ost.
927 2519 991 2573 Non
1010 2517 1083 2575 enim
1109 2524 1173 2590 post
1191 2517 1391 2576 ordinationem
1410 2519 1653 2576 excommunican-

116 2652 117 2659 ι
142 2619 261 2684 quatuor
278 2612 402 2670 conciliis
424 2613 628 2671 dissentientes.
656 2610 710 2670 Sed
735 2628 800 2669 cum
854 2609 1083 2691 docsedinipsa
1100 2609 1274 2668 ordinatione
1292 2612 1359 2669 dixit
1387 2613 1650 2671 excommunicatos.

117 2719 193 2762 sanae
218 2706 318 2763 mentis
356 2699 515 2780 hujusmodi
545 2706 645 2764 sanctis
673 2706 801 2763 Patribus
852 2703 898 2760 Sic
913 2703 1163 2777 idem'apostolicus
1172 2721 1221 2777 per
1233 2705 1426 2764 subdiaconem
1437 2722 1517 2764 auum
1527 2707 1652 2764 Natalem

116 2800 241 2869 Patrium,
264 2801 377 2874 Hanni
395 2800 535 2857 sententiis
549 2799 713 2874 indignetur,
727 2807 802 2872 patet
856 2797 1045 2855 Salonitanum
1065 2798 1226 2871 episcopum
1248 2799 1351 2871 absque
1379 2798 1506 2868 induciis,
1533 2801 1557 2856 si
1583 2815 1652 2874 prae·

116 2893 207 2952 issima
220 2909 304 2968 quam
331 2894 558 2953 irrationabiliter
579 2893 690 2967 quidam
714 2895 822 2952 nostri.
856 2900 935 2965 cepto
964 2891 1024 2965 ejus
1042 2907 1100 2948 non
1124 2890 1269 2961 obedisset,
1294 2893 1375 2966 pallio
1399 2900 1427 2949 et
1457 2893 1653 2951 communione

116 2987 145 3044 ici
163 2987 294 3046 institutis
307 2988 491 3063 indignentur,
505 2988 534 3045 in
549 3003 668 3062 quorum
678 2989 802 3061 promul·
857 2986 963 3044 censuit
972 2985 1134 3058 privandum
1152 3001 1223 3044 esse.
1241 2987 1297 3057 Sic,
1308 2971 1504 3059 inquam,‘ipse
1516 2994 1544 3044 ct
1555 2986 1654 3060 reliqui

132 3083 288 3140 nullatenus
317 3083 454 3140 asanctis
481 3082 608 3141 Patribus
641 3083 802 3156 discreparit
856 3081 979 3154 ejusdem
995 3079 1066 3138 sedis
1079 3079 1198 3154 episcopi
1211 3080 1348 3153 quoslibet
1365 3089 1393 3138 ct
1405 3080 1508 3154 absque
1536 3080 1654 3138 induciis

135 3175 188 3233 boc
212 3185 331 3245 tantum,
354 3177 429 3250 quod
443 3193 499 3234 non
512 3186 570 3235 tam
585 3193 689 3244 severe,
705 3186 736 3235 ut
749 3178 801 3247 illi,
854 3175 1063 3245 damnaverunt,
1087 3175 1135 3248 qui
1158 3174 1278 3248 aliquam
1301 3190 1361 3232 rem
1375 3175 1655 3233 subexcommunica-

116 3271 370 3343 poribuscanonum
379 3270 507 3329 obviarit.
522 3272 588 3329 illos
597 3272 672 3329 enim
686 3272 800 3330 clericos
818 3229 841 3295 c
856 3271 932 3326 tione
955 3269 997 3327 vei
1016 3268 1099 3326 cilicii
1126 3269 1303 3342 suspensione
1322 3268 1485 3340 prohibitam
1512 3270 1656 3327 temerarie

116 3365 266 3422 :iotantum
278 3365 405 3438 privavit,
423 3365 522 3438 quibus
543 3365 631 3423 sancti
641 3370 734 3424 Patres
744 3382 800 3423 non
856 3371 1063 3436 usurpaverunt.
1081 3365 1139 3420 Has
1159 3378 1223 3435 ergo
1237 3371 1266 3420 et
1282 3362 1441 3435 hujusmodi
1455 3365 1574 3421 rationes
1596 3379 1657 3420 mo·

116 3457 241 3527 efficium,
267 3457 317 3515 sed
348 3467 376 3516 et
397 3460 519 3530 veniam,
543 3469 571 3516 et
588 3459 800 3518 ecclesiasticam
854 3456 934 3515 derni
948 3465 1163 3531 presumptores
1178 3456 1657 3530 cauteconsiderent,necdeinceps

116 3553 228 3610 nionem
244 3552 420 3627 denegavere.
442 3553 615 3626 Nlldenique
629 3554 692 3611 nori
706 3563 801 3612 noster
856 3551 957 3624 injuste
975 3566 1005 3608 ae
1020 3549 1124 3625 absque
1155 3548 1274 3607 induciis
1294 3548 1439 3608 damnatos
1472 3565 1532 3608 esse
1564 3552 1658 3609 eristi-

116 3646 170 3704 lcus
183 3646 262 3704 nobis
276 3647 477 3705 observandum
491 3647 618 3719 injunxit,
633 3648 801 3722 quodetiam
856 3654 941 3702 ment.
965 3644 1092 3702 Forsitan
1107 3651 1200 3702 autem
1223 3643 1320 3717 aliquis
1338 3644 1409 3702 adeo
1421 3644 1535 3715 delirat,
1552 3653 1583 3702 ut
1607 3647 1658 3705 sub

116 3749 164 3810 set,
178 3757 235 3799 non
257 3750 352 3800 tamen
378 3743 434 3798 sine
450 3742 572 3814 periculo
589 3744 648 3816 ejus
661 3744 801 3801 contemni
856 3738 928 3798 ditos
947 3738 1091 3812 cujuslibet
1102 3737 1222 3811 episcopi
1236 3738 1386 3811 peripsum
1403 3746 1512 3796 tantum
1539 3754 1596 3797 non
1611 3756 1660 3812 per

116 3843 172 3893 mm
194 3845 295 3909 posset.
317 3839 387 3894 Nam
414 3838 562 3910 apostolica
575 3838 653 3895 sedes
666 3854 698 3895 cx
712 3837 802 3895 divina
857 3833 1014 3890 Romanum
1022 3832 1181 3906 pontificem
1190 3831 1315 3889 damnari
1338 3847 1419 3906 posse
1433 3830 1515 3889 dicat.

115 3929 277 4004 ionelsorte,
291 3931 681 4001 concessione,iiaan.]hunc
693 3948 804 4005 semper
892 3928 1002 3984 xxiii.
1021 3926 1075 3984 Sed
1096 3926 1133 3982 illi
1152 3926 1208 3999 ipsa
1221 3925 1329 3983 Veritas
1340 3927 1369 3984 in
1387 3925 1535 4000 Evangelio
1550 3936 1659 3985 contra·

116 4031 129 4080 t
153 4032 181 4081 et
196 4023 332 4081 obtinebit
355 4025 522 4098 primatum,
542 4036 574 4081 ut
596 4026 681 4083 totius
707 4026 804 4085 mundi
858 4020 935 4091 dicit,
950 4023 1057 4093 queit.
1074 4023 1156 4078 Petro
1171 4019 1356 4094 principaliter
1369 4019 1444 4077 inter
1457 4021 1579 4093 reliquos
1592 4038 1660 4095 apo·

116 4128 144 4171 aa
165 4129 223 4172 non
245 4114 334 4171 solum
359 4114 481 4187 antiquis
502 4114 643 4183 instittuis,
662 4115 804 4173 sedetiam
859 4116 944 4172 stolos
968 4115 1020 4171 bo'o
1034 4114 1204 4187 privilegium
1217 4114 1355 4172 concessit
1370 4115 1570 4186 :Quodcunque
1590 4117 1659 4186 liqu-

116 4205 243 4280 llsponat,
262 4217 344 4281 prout
358 4207 529 4266 diversomm
542 4209 689 4267 necessitas
702 4218 806 4283 tempo
858 4211 930 4264 aeris
938 4224 1019 4279 super
1026 4210 1190 4272 mecummet
1196 4208 1312 4277 iipatum
1320 4214 1345 4264 et
1354 4210 1460 4264 incelis
1468 4209 1659 4277 (Matth.xvr);

116 4301 214 4357 istulat.
235 4303 436 4376 Coguntcnim,
460 4304 615 4360 aitsanctus
636 4303 807 4377 Augustinus
859 4301 906 4374 qui
938 4301 1013 4359 enim
1034 4300 1199 4372 generaliter
1227 4316 1324 4356 omnes
1356 4301 1513 4373 apostolicae
1540 4310 1660 4373 potestat

116 4393 239 4466 liacium,
246 4397 348 4453 multas
358 4395 477 4454 invenire
483 4396 645 4470 medicinas,
653 4397 806 4455 multorum
861 4393 987 4466 subiecit,
1001 4392 1079 4472 nullo
1092 4392 1177 4450 modo
1192 4393 1307 4465 alicujus
1321 4393 1443 4466 episcopi
1457 4392 1598 4452 subditum
1613 4413 1658 4453 ex·

116 4496 194 4546 nenta
206 4489 380 4547 morborum.
398 4492 459 4547 Hoc
473 4491 567 4563 utique
585 4490 690 4550 diversa
703 4494 808 4549 itoma-
861 4488 942 4562 cepit.
969 4487 1052 4546 Unda
1069 4487 1146 4544 idem
1170 4486 1320 4559 Apostolus
1347 4494 1375 4542 et
1397 4502 1413 4543 a
1440 4487 1594 4545 senioribus
1617 4490 1658 4546 sui

128 4581 290 4655 pontificum
313 4583 423 4641 decreta
435 4592 579 4654 testantur,
597 4585 738 4659 inquibus
757 4585 809 4659 ipsi
823 4599 850 4663 Ι)
864 4581 1008 4656 temporis,
1022 4581 1051 4639 id
1077 4588 1120 4639 est
1145 4579 1393 4654 presbyterissae
1420 4580 1554 4654 episcopis
1576 4590 1602 4639 et
1624 4583 1659 4640 ab

116 4692 123 4734 t
149 4685 308 4750 temporum
342 4679 548 4737 necessitatibus
566 4679 735 4738 consuluisse
770 4680 810 4738 ic·
864 4693 962 4737 eorum
975 4674 1104 4745 subditis,
1116 4674 1299 4732 obedientiam
1310 4673 1470 4748 generaliter
1478 4676 1577 4749 exegit
1595 4693 1659 4734 cum

863 4781 922 4830 tam
936 4768 1054 4829 subditis
1066 4784 1152 4843 quam
1167 4768 1298 4842 praelatis,
1313 4777 1371 4826 tarn
1387 4767 1499 4826 feminis
1513 4786 1598 4843 quam
1616 4772 1660 4827 ri-

120 4863 142 4916 Ι.
153 4863 297 4917 incassum
311 4869 402 4919 autem
415 4862 518 4935 publici
529 4872 733 4935 contemptores
745 4879 811 4936 apo
864 4867 914 4933 ris,
929 4863 1055 4937 specialia
1069 4861 1178 4919 vivendi
1192 4869 1328 4936 praecepta
1342 4861 1371 4919 in
1384 4863 1514 4936 Epistolis
1527 4864 1585 4922 suis
1604 4873 1660 4922 tra·

147 4953 326 5011 institutionis
354 4955 476 5012 inducias
502 4971 559 5013 suae
582 4956 766 5014 damnationis
795 4974 809 5014 a
866 4959 981 5027 diderit,
995 4956 1092 5030 quod
1084 4972 1225 5014 incassum
1239 4957 1299 5030 ipse
1322 4955 1435 5027 iaceret,
1463 4957 1485 5016 si
1501 4975 1556 5016 non
1579 4974 1660 5033 gene·

117 5048 271 5120 apostolico
283 5058 419 5121 quaerunt,
434 5066 514 5123 quos,
529 5060 561 5106 ut
573 5050 734 5123 predictum
756 5060 809 5122 est,
863 5051 958 5110 raliter
979 5065 1077 5109 omnes
1102 5050 1162 5123 eius
1186 5050 1355 5108 institutioni
1384 5050 1496 5109 obedire
1518 5051 1660 5109 deberent.

121 5143 216 5199 Patres
234 5141 336 5217 absque
359 5143 487 5200 omnibus
514 5143 633 5201 induciis
665 5144 811 5204 damnare-
864 5147 963 5204 Beatus
973 5160 1084 5218 qnoque
1094 5144 1253 5213 anacletus,
1266 5145 1300 5201 ab
1316 5144 1375 5217 ipso
1390 5145 1512 5218 principa
1524 5145 1661 5219 apostolo·

116 5234 254 5293 indubiis
277 5236 352 5293 enim
377 5236 471 5306 rebus,
487 5228 551 5294 iicet
574 5239 657 5307 veris,
684 5238 810 5296 nondum
863 5256 928 5298 rum
946 5239 1086 5313 presbyter
1108 5237 1261 5308 ordinatus,
1284 5237 1311 5294 in
1337 5238 1455 5295 decretis
1468 5239 1525 5296 suis
1545 5255 1606 5312 cap.
1633 5242 1660 5308 3,
1751 5291 1754 5299 ,

132 5328 288 5403 publicatis,
302 5330 456 5388 necessario
473 5331 662 5390 conceduntur
681 5332 809 5403 induciae,
864 5342 982 5393 testatur
996 5335 1195 5391 :sacrosancta
1207 5335 1335 5389 Romana
1356 5341 1385 5389 et
1400 5332 1549 5405 apostolica
1566 5331 1662 5389 Eccle-

116 5439 134 5482 a
149 5424 304 5482 sanctiones
323 5425 536 5498 apostolicorum
564 5427 685 5484 virorum
704 5428 810 5497 Felicis,
865 5429 905 5486 sia
915 5443 974 5485 non
987 5427 1023 5486 ab
1036 5426 1178 5500 apostolis,
1194 5426 1241 5484 sed
1251 5426 1285 5482 ab
1296 5427 1356 5499 ipso
1366 5427 1488 5484 Domino
1498 5435 1596 5485 nostro
1606 5427 1661 5500 pri·

116 5525 160 5576 >et
170 5518 341 5592 reliquorum
354 5518 411 5591 ipse
432 5528 575 5577 accusatus
588 5522 673 5594 possit
690 5537 720 5579 se
742 5538 811 5579 con·
865 5530 972 5579 matum
994 5520 1119 5590 obtinuit,
1141 5520 1214 5578 sicut
1235 5519 1292 5592 ipse
1313 5521 1345 5577 B.
1369 5523 1449 5576 Petro
1472 5520 1548 5580 dixit
1563 5541 1570 5578 :
1587 5525 1663 5578 raes

116 5619 241 5670 maiores
263 5612 378 5685 pleniter
392 5629 545 5688 preparare
556 5614 593 5672 ad
610 5616 741 5674 abluenda
760 5617 812 5674 cri·
866 5618 970 5680 Petrus,
997 5622 1053 5672 etc.
1085 5614 1186 5681 (ibid).
1223 5617 1296 5686 Ergo
1324 5613 1382 5670 haec
1409 5616 1558 5687 apostolica
1584 5611 1664 5672 sedes

121 5703 237 5764 undeet
251 5705 347 5765 beatus
372 5707 573 5766 Eleutheriusa
592 5708 625 5764 B.
642 5711 723 5766 Petro
740 5710 810 5768 duo·
866 5709 948 5766 cardo
963 5715 990 5765 et
1001 5706 1220 5781 caputomnium
1235 5707 1448 5765 Elccesiaruma
1468 5707 1589 5766 Domino
1607 5719 1664 5762 non

116 5813 142 5858 rs
154 5799 184 5857 in
194 5798 312 5858 decretis
325 5801 393 5873 mis,
411 5817 472 5875 cap.
499 5814 525 5871 t,
543 5810 659 5860 testatur
673 5822 680 5859 :
693 5803 813 5862 induciae
867 5802 901 5859 ab
912 5802 967 5860 alio
981 5810 1024 5860 est
1039 5801 1199 5870 constituta,
1212 5809 1240 5858 et
1261 5800 1332 5857 sicut
1343 5796 1455 5857 cardine
1477 5802 1582 5861 ostium
1594 5797 1665 5868 reqi-

116 5890 245 5953 odietead
255 5892 447 5968 inquirendum
464 5895 561 5953 dandae
572 5905 647 5967 sunt,
661 5913 698 5954 ne
710 5896 813 5969 aliquid
867 5902 924 5967 tur,
934 5898 974 5955 sic
988 5894 1070 5968 buius
1089 5901 1194 5954 sanctae
1203 5891 1279 5954 aedis
1289 5889 1464 5953 summitate
1475 5886 1693 5953 omassum*
