3884 6158
143 286 189 343 444
440 302 447 309 ’
527 310 529 315 ·
711 290 981 351 mussitamus.
996 318 1034 335 ··
1050 291 1157 349 EPIST.
1174 291 1218 348 nl.
1734 298 1787 359 stt

143 409 360 469 fundamentum
372 410 499 469 Christus
517 421 570 482 est,
580 413 625 470 cui
637 415 715 471 omni
730 416 908 473 veneratione
920 433 936 474 a
950 421 978 487 Α
992 432 1057 475 nere
1077 415 1214 490 quamsit
1232 417 1417 490 periculosum
1440 418 1561 489 cogites,
1583 428 1612 479 et
1632 421 1788 482 libertatem
1880 468 1882 475 ,

143 502 270 561 fidelibus
291 519 341 576 per
353 519 402 561 eos
415 506 463 577 qui
477 505 507 561 in
521 507 709 565 ministerium
731 509 936 580 praedicationis
992 510 1132 578 Ecclesia,
1150 525 1236 582 quam
1248 525 1379 581 sponsam
1391 511 1441 568 sibi
1455 512 1559 570 caelesti
1573 516 1716 573 consortio
1723 516 1788 590 jun-

142 597 220 655 olecti
233 604 312 667 sunt,
328 597 504 669 suscipienda
515 607 544 656 et
557 599 680 658 tenenda
695 603 740 659 sit.
763 603 936 676 Congregata
989 618 1052 677 gere
1060 603 1188 675 dignatus
1197 612 1250 672 cst,
1259 604 1380 677 nonjam
1390 612 1438 661 tua
1450 607 1631 678 occupatione
1640 608 1786 681 impedias,

141 705 263 763 namque
277 690 332 748 hoc
353 691 383 747 in
398 707 473 748 anno
491 691 567 764 apud
579 692 675 752 sedem
689 696 872 767 apostolicam
889 712 935 770 sy·
989 696 1040 753 sed
1053 712 1108 769 quo
1124 696 1245 752 maxime
1257 705 1365 753 crescat
1385 699 1445 754 Deo
1459 699 1643 770 omnipotenti
1658 709 1687 757 et
1702 702 1784 759 beato

140 783 224 853 nodo,
239 784 286 840 oui
295 800 348 841 nos
360 799 481 857 superna
490 785 661 857 dispensatio
674 788 823 860 praesidere
837 790 935 857 voluit,
990 791 1082 857 Petro,
1097 805 1113 845 a
1128 789 1229 862 quibus
1240 796 1268 845 et
1287 797 1336 846 tua
1351 798 1490 847 mereatur
1512 793 1671 864 amplicem
1685 794 1786 867 gloria,

140 877 185 934 cui
196 877 542 936 ctiamnonnullituemm
553 878 802 952 inlucrelldelium,
813 882 937 940 videntes
989 883 1124 940 auxilium
1142 892 1197 939 tnae
1210 881 1319 939 vimutis
1342 881 1414 939 iideli
1434 882 1581 942 devotione
1600 886 1726 944 exlibers
1742 887 1786 943 in-

139 970 269 1029 ordinem
279 969 445 1028 Christiamc
458 972 599 1044 religionis
612 974 708 1031 multis
712 976 774 1047 jam
788 975 936 1033 labelacta-
989 976 1084 1048 cipias.
1100 975 1181 1049 Quod
1196 975 1341 1045 nimirum,
1360 990 1410 1046 pro
1430 976 1528 1033 collata
1549 977 1599 1034 tibi
1616 995 1650 1036 ex
1661 978 1786 1037 hostibus

139 1072 200 1120 mm
213 1063 404 1135 temporibus,
417 1071 447 1121 et
457 1065 623 1137 principales
641 1084 674 1124 ac
687 1069 814 1140 proprias
827 1071 936 1127 lucran-
988 1069 1043 1126 tuis
1060 1069 1186 1137 victoria,
1203 1084 1279 1126 nunc
1296 1076 1324 1125 te
1339 1069 1506 1140 permaxime
1522 1070 1574 1128 illis
1586 1070 1710 1129 debitum
1726 1072 1785 1129 iore

139 1156 240 1215 darum
253 1157 416 1215 ammarum
426 1174 524 1217 causas
533 1159 583 1215 diu
595 1161 748 1232 prolapsas,
759 1170 787 1218 et
801 1163 936 1221 suadente
989 1177 1157 1233 cognoscere
1163 1160 1258 1231 debes,
1267 1170 1298 1218 ut
1306 1161 1374 1219 dum
1384 1161 1596 1220 temcmorabili
1608 1165 1787 1237 prosperitate

138 1249 253 1308 diabolo
271 1251 458 1319 conculcatas,
473 1253 602 1309 concussi
616 1254 738 1325 periculo
747 1262 775 1311 ct
785 1254 935 1314 manifesta
989 1255 1138 1322 ltetilicant,
1150 1270 1184 1313 ex
1194 1255 1330 1313 concessis
1337 1254 1474 1313 beneficiis
1482 1255 1657 1313 devotionem
1664 1256 1786 1315 videant.

139 1343 295 1415 perditione
309 1344 451 1401 Dominici
462 1345 563 1418 gregis,
585 1345 622 1403 ad
638 1356 804 1406 sanctorum
819 1351 935 1407 Patrtun
988 1351 1079 1422 Atque
1085 1348 1138 1406 hoe
1148 1356 1181 1405 ut
1188 1348 1272 1405 timor
1291 1348 1355 1416 Dei,
1369 1348 1398 1403 in
1416 1349 1494 1421 cuius
1508 1363 1593 1406 manu
1607 1357 1636 1407 et
1650 1356 1787 1422 potestate

138 1435 251 1493 decreta
263 1437 476 1509 doctrinamque
493 1439 674 1506 recurrimus,
690 1440 759 1497 nibil
773 1442 850 1509 novi,
863 1442 934 1499 nibil
989 1456 1071 1499 omno
1087 1457 1204 1515 regnum
1217 1450 1259 1500 cst
1272 1449 1301 1499 et
1319 1441 1485 1514 imperium,
1499 1441 1661 1513 precordiis
1675 1442 1730 1499 tuis
1751 1443 1789 1499 al·

139 1528 337 1589 adinventione
346 1538 441 1588 nesus
454 1538 619 1601 statuentes,
631 1533 680 1591 sed
694 1535 817 1605 primam
826 1544 854 1593 st
867 1535 934 1591 uni-
988 1536 1044 1592 tius
1054 1550 1138 1607 quam
1150 1543 1244 1592 nostra
1255 1533 1407 1591 admonitio
1419 1533 1525 1606 inligat,
1540 1537 1569 1591 in
1579 1544 1674 1592 mente
1685 1534 1787 1593 habeas

139 1623 400 1681 mmecclesiastieae
412 1623 565 1697 dtsdptinae
578 1628 704 1700 regulam
715 1629 862 1696 ,ettritam
872 1645 935 1686 san·
988 1628 1054 1701 quid
1074 1628 1148 1685 Sauli
1167 1636 1230 1701 post
1245 1626 1376 1699 adeptam
1395 1628 1549 1695 victoriam,
1576 1643 1630 1701 qua
1653 1627 1787 1701 propbeta

139 1725 247 1775 elerum
256 1719 332 1775 viam
340 1717 435 1775 relicto
445 1733 540 1776 errore
550 1720 762 1792 repetendnmet
772 1722 933 1781 sectandam
985 1721 1098 1793 Jubente
1127 1736 1195 1778 usus
1214 1729 1266 1788 est,
1291 1720 1327 1777 de
1350 1736 1400 1777 suo
1421 1718 1561 1792 triumpho
1585 1721 1732 1794 glorianti,
1757 1730 1787 1779 et

141 1826 197 1868 mse
214 1811 384 1869 censuimus.
409 1812 505 1884 Neque
519 1814 595 1871 enim
619 1814 705 1872 alium
718 1824 822 1873 nostrae
838 1815 934 1873 salutis
951 1794 976 1856 Β
985 1814 1113 1907 ejusdcm
1132 1814 1272 1887 propbetas
1283 1814 1389 1871 monita
1401 1829 1458 1870 non
1471 1814 1633 1887 exsequenti
1644 1814 1788 1883 acciderit,

141 1913 166 1961 et
183 1914 297 1963 aeternm
312 1905 375 1961 sitae
391 1904 540 1963 introitum
552 1907 655 1965 Christi
669 1909 767 1966 ovibus
781 1925 933 1984 eorumque
988 1915 1016 1965 et
1041 1908 1183 1981 qualitcra
1208 1908 1330 1965 Domino
1351 1906 1515 1977 reprobatus
1533 1907 1588 1976 sit,
1604 1917 1708 1980 quanta
1722 1923 1788 1965 vero

142 1999 297 2070 pastoribus
309 2001 408 2071 'patere
421 2002 626 2076 cognoscimus,
648 2001 703 2059 nisi
720 2018 803 2075 quem
822 2003 858 2060 ab
874 2004 933 2076 ipso
988 2001 1075 2075 gratia
1089 2001 1177 2058 David
1189 2014 1283 2073 regem
1304 2016 1337 2057 ex
1351 2000 1449 2057 merito
1470 1999 1633 2057 humilitatis
1647 2000 1720 2058 inter
1735 2001 1787 2056 sir·

140 2100 327 2151 moumratum
341 2097 389 2168 qui
403 2097 473 2154 dixit
485 2115 492 2152 :
513 2101 570 2166 Epo
592 2111 654 2151 sum
666 2098 763 2151 esbum
774 2116 782 2164 ;
794 2113 845 2167 per
857 2113 899 2153 me
908 2100 935 2154 si
986 2102 1078 2151 tutum
1099 2093 1217 2167 insignia
1240 2094 1383 2151 subsecuta
1408 2092 1469 2150 luit.
1493 2094 1620 2166 Denique
1640 2109 1725 2167 super
1744 2092 1788 2151 his

140 2188 661 2259 quisirttroiesit,sotuobitur,'etposcuo
673 2190 931 2259 incensandum:
987 2202 1050 2261 quae
1062 2187 1093 2244 in
1115 2188 1238 2261 epistolis
1252 2186 1307 2243 tuis
1321 2187 1377 2243 sisa
1390 2202 1422 2243 ae
1435 2187 1548 2260 cognita
1561 2186 1717 2253 reticemus,
1731 2202 1789 2243 non

140 2286 166 2337 κ
189 2278 227 2337 ab
240 2282 375 2353 apostolis
396 2283 593 2356 praedicatum,
607 2287 635 2339 et
651 2282 783 2338 asanctis
804 2283 935 2339 Patribus
987 2291 1069 2339 antea
1081 2281 1129 2338 tibi
1148 2289 1223 2338 certa
1237 2296 1369 2353 responsa
1383 2279 1522 2348 dabimus,
1536 2278 1625 2337 donec
1646 2279 1728 2353 legati
1746 2279 1788 2336 tui

139 2372 315 2433 ebenamm
337 2375 367 2434 in
394 2376 552 2450 evangelica
574 2375 651 2433 etin
673 2376 751 2433 omni
775 2374 933 2433 divinorum
987 2374 1114 2432 Rabbodi
1136 2372 1290 2446 adelprech
1310 2372 1501 2446 [Adelpreoust
1522 2382 1551 2429 et
1575 2365 1706 2431 vodescal
1730 2374 1788 2430 Re·

139 2466 344 2540 scripurarum
371 2470 473 2543 pagina
499 2468 657 2526 didicimus.
987 2484 1058 2543 quos
1071 2468 1280 2538 [volumius.
1302 2472 1383 2541 quos]
1396 2468 1440 2524 hie
1466 2467 1659 2541 adjunximus,
1674 2465 1710 2523 ad
1735 2481 1787 2524 uos

169 2560 579 2636 llujttsautemdecroti,quod
592 2561 705 2634 quidam
719 2559 826 2631 dicunt,
842 2561 933 2619 hume
987 2562 1107 2629 reversi,
1121 2576 1205 2631 super
1227 2561 1345 2633 hisquae
1362 2560 1417 2617 illis
1433 2568 1527 2617 tecum
1549 2559 1656 2634 agenda
1669 2558 1788 2616 commi·
1907 2570 1913 2583 ·

138 2670 188 2711 nos
218 2653 321 2714 divinis
342 2655 497 2713 bonoribus
526 2664 735 2729 preponentes,
758 2655 933 2729 importabile
987 2656 1075 2713 simus
1088 2662 1164 2710 tuam
1175 2654 1257 2710 nobis
1268 2654 1376 2725 plenius
1388 2653 1514 2725 aperiant
1532 2654 1714 2709 voluntatem.

140 2746 264 2819 pondus,
291 2756 320 2805 et
334 2748 502 2807 immensam
528 2748 749 2822 gratitudinem
775 2764 826 2805 nos
840 2757 933 2806 autem
1023 2751 1212 2815 Datallomae,
1222 2746 1372 2803 sextoldus
1380 2747 1514 2814 ianuarii,
1524 2744 1789 2805 indictionedecima

140 2841 229 2915 maus
245 2844 360 2914 proprio
383 2843 529 2911 vocabulo,
557 2841 752 2914 recuperandae
774 2841 868 2900 salutis
883 2857 935 2898 ne·
987 2851 1095 2916 quarta.
1711 2834 1714 2841 ’

140 2935 288 2993 masuam
300 2936 448 2994 veritatem
471 2952 605 2995 summm
617 2945 645 2993 ct
654 2935 755 3001 lucem,
769 2950 829 2993 non
842 2936 934 2994 solum

139 3042 154 3085 a
171 3036 211 3096 tc,
225 3027 269 3085 sel
280 3028 370 3086 abhis
383 3029 432 3102 qui
446 3030 477 3085 in
490 3045 575 3103 regno
587 3037 637 3087 tuo
652 3027 783 3096 suntsed
799 3029 936 3086 abomni-

141 3120 187 3179 bus
209 3130 351 3179 terrarum
365 3122 536 3196 principibus
553 3131 580 3179 et
602 3123 710 3195 populis
728 3122 776 3195 qui
793 3121 934 3181 Chrismm

1258 2929 1437 2985 EPISTOLA
1467 2930 1522 2985 Xl.

1042 3040 1085 3081 un
1103 3037 1272 3081 sanaturus
1286 3036 1458 3080 srrscorms
1470 3035 1730 3080 sonsanurtums.

1275 3111 1368 3184 (Anno
1394 3111 1486 3180 tots.)

142 3214 309 3275 mutunus
321 3224 350 3273 et
361 3215 471 3285 colunt,
481 3215 580 3274 devote
589 3215 794 3288 suscipiendam
802 3224 831 3272 et
842 3214 936 3273 obser·
952 3180 1146 3266 cPvittiaitm
1160 3210 1228 3276 saut
1250 3207 1395 3277 <1th&ss
1418 3204 1574 3261 “mittendi
1589 3207 1734 3275 Mettium
1744 3222 1789 3263 ω-

143 3309 262 3369 tendam
288 3307 490 3383 adjudicamus.
502 3308 726 3383 Quanquanboc
736 3308 937 3368 multumdesi·

141 3402 269 3461 decamus
281 3410 311 3458 et
332 3410 359 3459 te
371 3402 543 3473 permaxime
556 3402 674 3465 deceret,
687 3410 719 3458 ut
737 3402 809 3459 sieut
827 3403 935 3460 eaeteris

141 3497 234 3570 peria,
258 3494 367 3553 bonore
385 3494 541 3568 virtuteque
554 3495 703 3568 potentior,
718 3495 755 3552 ita
773 3511 846 3553 esses
863 3503 891 3552 et
904 3497 935 3552 in

141 3588 241 3647 (bristi
255 3587 405 3645 deuotione
418 3588 574 3645 sublimior.
588 3591 723 3646 Attamen
736 3604 772 3644 ne
783 3588 843 3646 haec
853 3604 934 3661 supra

141 3682 253 3741 modum
268 3681 322 3737 tibi
334 3682 429 3754 gravia
448 3689 497 3738 aut
510 3681 607 3754 iniqua
616 3681 785 3750 siderentur,
801 3697 849 3754 per
872 3690 935 3740 tuos

142 3770 231 3833 ttees
255 3774 307 3831 tibi
332 3773 529 3831 mandarimus
546 3789 582 3832 ne
611 3789 703 3847 prasae
727 3775 936 3832 consuetudinis

140 3868 257 3925 notatio
270 3874 299 3923 te
318 3875 517 3937 commoveret,
545 3867 673 3925 mitteres
687 3866 723 3923 ad
734 3883 785 3924 nos
805 3883 875 3940 quos
893 3883 936 3924 sa·

1022 3282 1114 3335 mitem
1136 3295 1191 3334 uno
1203 3294 1262 3333 cum
1274 3278 1331 3348 ejus
1342 3276 1475 3332 militibus
1500 3280 1592 3332 contro
1601 3292 1725 3347 popam
1734 3295 1789 3350 pu·

1024 3351 1159 3420 potaturis,
1170 3351 1196 3404 si
1209 3354 1297 3404 tumen
1306 3349 1493 3419 poeniteutiam
1513 3349 1626 3416 epesiut.
1641 3350 1730 3405 limet
1757 3354 1790 3404 att

1024 3421 1061 3475 od
1071 3422 1225 3490 relictouem
1240 3423 1434 3489 iuterpoqouos
1441 3418 1670 3488 propupuoudom
1684 3420 1788 3475 eosdem

1024 3494 1126 3547 incitet.
1138 3494 1267 3547 Paratum
1278 3504 1306 3544 sc
1314 3489 1431 3545 ostendit
1436 3487 1583 3545 liebertum
1592 3489 1630 3544 ob
1637 3504 1788 3545 mmmm

1023 3564 1156 3619 reiectione
1168 3561 1312 3629 absoluere,
1325 3562 1350 3615 si
1361 3560 1488 3615 deuotum
1500 3574 1565 3630 epo
1578 3562 1727 3616 liomcuom
1735 3563 1789 3617 Eo-

1023 3635 1129 3689 clesiom
1143 3647 1170 3688 se
1183 3632 1335 3687 ostenderit.
1348 3629 1473 3700 lnjuuqit
1482 3635 1515 3685 ut
1524 3630 1657 3687 Boidumo
1671 3632 1789 3703 blelpli-

1024 3710 1089 3760 touo
1099 3707 1223 3831 ww,
1229 3707 1292 3774 post
1298 3705 1438 3773 puuctum
1446 3703 1633 3772 pouitmticm
1642 3703 1790 3774 episcopale

1023 3790 1121 3832 munus
1136 3792 1166 3831 re
1224 3780 1244 3830 t.
1441 3810 1454 3834 t

1024 3869 1205 3926 Gnsoomns
1216 3867 1371 3940 episeopus,
1381 3881 1477 3923 seruu
1491 3880 1636 3922 serrorum
1650 3865 1713 3934 Dei,
1728 3867 1789 3924 Aa·

140 3960 245 4032 pontu
258 3967 288 4017 et
307 3959 454 4034 religiosos
473 3960 502 4017 in
520 3976 605 4034 regno
624 3970 673 4018 tuo
687 3960 808 4017 invenire
823 3976 935 4032 posses:
989 3977 1091 4020 uscue
1102 3960 1182 4017 fratri
1195 3969 1225 4018 ct
1243 3960 1407 4033 coepiscopo
1422 3962 1660 4028 Acussnurruo,
1672 3959 1790 4017 uiuum

140 4054 215 4125 onst
232 4053 326 4126 aliqum
344 4054 453 4111 ratione
465 4052 656 4112 demonstrare
670 4053 712 4110 vel
735 4061 860 4111 astruere
873 4069 936 4127 pos·
988 4064 1017 4113 et
1037 4055 1218 4127 apostolicam
1237 4053 1468 4111 benedictionem.

141 4156 206 4216 tmt,
221 4146 255 4205 in
265 4162 323 4221 qno
335 4148 410 4204 saluo
426 4147 521 4205 aeterni
539 4147 624 4220 Regis
637 4146 754 4215 honore,
768 4155 797 4205 et
811 4146 872 4205 sine
885 4163 936 4219 pc-
1024 4149 1140 4206 Noscrit
1164 4147 1321 4205 iratemitas
1337 4156 1388 4204 tna
1412 4148 1546 4220 quoniam
1565 4149 1703 4221 llogerius
1716 4152 1789 4215 (385)

141 4240 555 4299 imtoantmarumnosuarum
563 4240 768 4313 promulgatam
776 4248 936 4297 sanctorum
989 4255 1094 4308 comes,
1120 4238 1206 4296 irater
1227 4239 1337 4296 Roberti
1363 4239 1452 4307 ducis,
1465 4240 1625 4312 apostolice
1647 4238 1720 4297 sedis
1740 4238 1789 4297 be·

143 4330 253 4388 latrum
280 4344 427 4402 possemus
447 4338 603 4402 temperare
628 4330 815 4399 sententiam,
838 4346 936 4388 eorum
989 4333 1173 4391 nedictionem
1195 4339 1224 4387 et
1246 4331 1452 4389 absolutionem
1473 4332 1597 4404 requirit,
1622 4332 1738 4405 ejusque
1760 4331 1789 4387 ll·

144 4423 264 4481 cunsiliis
288 4423 584 4489 condescenderemus.
607 4422 691 4494 Quod
712 4424 827 4496 quidem
845 4424 897 4482 etsi
919 4443 935 4483 a
987 4426 1041 4483 lius
1055 4422 1150 4483 vocari
1170 4432 1199 4483 et
1223 4441 1284 4483 csse
1298 4424 1446 4483 desiderat.
1466 4424 1641 4496 Quapropter
1655 4425 1788 4495 pastorali

144 4516 285 4575 ueterem
296 4517 479 4575 amicabiliter
489 4516 614 4572 monitus
626 4531 684 4573 non
698 4515 810 4584 luisses,
822 4533 933 4591 aequum
948 4528 974 4591 Ι)
988 4534 1054 4577 cura
1075 4518 1127 4576 boc
1147 4518 1249 4576 laboris
1281 4532 1351 4576 onus
1381 4517 1430 4573 tibi
1455 4516 1637 4588 imponimus,
1666 4516 1724 4572 imo
1754 4531 1789 4573 ex

144 4614 228 4669 lmen
243 4608 345 4677 luerat,
354 4617 386 4665 ut
394 4610 471 4682 prins
483 4610 512 4667 ln
522 4626 578 4682 quo
592 4618 813 4683 tegrasaremus,
822 4621 872 4669 aut
880 4612 935 4691 tuis
989 4621 1066 4687 parte
1084 4611 1156 4669 beati
1179 4611 1254 4670 Petri
1278 4612 1458 4683 imperamus,
1483 4610 1529 4682 ut}
1543 4609 1695 4682 postposita
1712 4610 1789 4667 omni

147 4699 935 4778 bonoribusobstaremus‚ratiouabiliteranobiserigeres
989 4706 1109 4778 torporis
1122 4704 1225 4761 desidia
1237 4704 1317 4760 illum
1337 4703 1429 4771 adeas,
1456 4718 1575 4775 eumque
1596 4702 1678 4777 hujus
1700 4702 1789 4761 nostri

147 4796 220 4865 qum
227 4796 379 4869 apostolica
390 4795 500 4854 decreta
514 4796 641 4854 violares.
657 4797 759 4853 Verum
775 4798 873 4869 quanti
886 4807 934 4854 aut
989 4798 1115 4872 praeeepti
1128 4798 1292 4854 auctoritate
1314 4793 1410 4863 fultus,
1431 4796 1456 4853 si
1478 4795 1559 4852 nobis
1586 4811 1690 4867 parere,
1718 4795 1791 4854 sicut

149 4898 231 4946 tuna
245 4888 352 4945 monita
373 4897 423 4946 aut
436 4889 641 4946 observantiam
652 4889 770 4962 justitia
782 4888 890 4959 leceris,
905 4891 935 4948 in
989 4891 1126 4964 pollicitus
1140 4899 1191 4959 est,
1214 4890 1341 4959 volucrit,
1365 4898 1393 4946 et
1409 4889 1598 4961 pmnitcntiam
1618 4893 1660 4957 (ut
1681 4897 1790 4962 oportet

151 4974 256 5055 biquae
270 4982 450 5055 postmodum
464 4991 520 5040 ate
532 4990 607 5056 gesta
622 4991 650 5040 et
663 4981 797 5054 disposita
815 4992 880 5039 sunt
893 4982 936 5040 de·
988 4983 1180 5051 Christianum)
1203 4983 1300 5053 egerit,
1315 4982 1351 5039 ab
1375 4983 1454 5039 omui
1471 4991 1649 5054 peccatorum
1675 4996 1790 5039 suorum

153 5070 265 5131 damma.
289 5073 345 5133 Sed
365 5076 426 5148 quia
448 5075 516 5132 dum
539 5075 629 5133 adbuc
642 5077 723 5150 longa
737 5075 788 5131 Dei
807 5076 936 5149 patientia
989 5077 1112 5143 vinculo,
1125 5085 1182 5134 tarn
1208 5076 1289 5134 illum
1313 5091 1399 5148 quam
1429 5075 1511 5132 etiam
1533 5090 1598 5133 suos
1621 5074 1724 5132 milites
1743 5074 1790 5148 quii

156 5163 428 5227 demendationem
453 5177 482 5226 te
513 5169 630 5240 inritat,
661 5176 799 5226 crescente
833 5168 935 5226 intelli·
989 5185 1053 5227 curn
1068 5186 1100 5228 eo
1118 5180 1216 5227 contra
1237 5183 1358 5242 paganos
1371 5168 1417 5236 lita
1431 5177 1523 5225 tamen
1536 5175 1571 5240 nt.
1593 5175 1676 5243 agant
1698 5166 1789 5241 poeni-

155 5261 230 5325 suna
243 5270 291 5319 tim
310 5260 347 5319 ad
363 5260 553 5319 obedientiam
567 5262 763 5320 mandatorum
784 5264 896 5320 Deieor
910 5272 937 5321 et
989 5264 1115 5330 tentiam)
1131 5261 1276 5336 pugnaturi
1291 5270 1368 5331 sunt,
1393 5261 1511 5334 peccatis
1522 5261 1641 5318 maxime
1653 5259 1788 5319 absolvas.

156 5351 260 5411 mimum
284 5364 366 5411 mum
387 5354 462 5411 ilecti
487 5370 568 5427 posse
596 5371 747 5429 speramus.
768 5358 885 5415 Paterna
910 5365 938 5413 te
991 5356 1128 5414 Addimus
1141 5364 1276 5430 praeterea
1289 5365 1321 5412 ut
1343 5370 1408 5412 eum
1422 5356 1466 5428 pia
1479 5354 1668 5412 admonitione
1688 5351 1789 5411 admo-

156 5438 274 5506 tbaritate
297 5462 460 5517 monemus,
479 5456 512 5505 ut
529 5446 631 5507 Christi
653 5465 736 5525 super
752 5448 937 5523 teimpsrium
991 5464 1059 5507 neas
1076 5457 1212 5523 quatenus
1236 5465 1268 5507 se
1281 5448 1440 5522 capitalibus
1461 5447 1620 5506 criminibus
1640 5446 1788 5517 custodiat,

156 5544 353 5614 mecam,
374 5540 511 5603 bonoram
534 5549 614 5599 mum
641 5542 701 5616 ejus
711 5542 808 5601 honori
830 5558 938 5616 praepo·
989 5542 1181 5601 itchristiani
1196 5542 1316 5601 nominis
1328 5543 1464 5600 culturam
1488 5541 1560 5599 inter
1578 5556 1701 5615 paganos
1726 5554 1790 5597 am·

150 5752 467 5889 fflfflfflo
486 5750 535 5824 qui
555 5750 608 5809 luit
632 5753 731 5810 Siciliae
756 5769 849 5812 comes
876 5758 934 5812 Leo
958 5754 1093 5814 ostiensis
1117 5752 1136 5810 l.
1160 5769 1219 5822 ru,·
1240 5768 1265 5809 e.
1292 5760 1340 5822 te,
1367 5754 1434 5809 Otto
1454 5748 1633 5822 subtegmen
1654 5749 1725 5806 libro
1748 5752 1792 5804 tis
