3884 6158
146 231 196 287 sis
485 229 514 287 S.
533 226 695 285 GREGORll
713 227 758 283 Vll
777 227 876 283 PAPAE
895 224 1033 282 OPEllUll
1050 224 1137 282 Pras
1156 225 1177 280 Ι.
1197 251 1233 266 -
1251 222 1453 281 asumuntur.
1530 297 1533 300 ι
1742 226 1794 282 52⁰

125 360 316 432 ‚Quapropter
340 364 372 415 ut
392 352 498 413 nullam
518 353 542 408 ei
567 350 697 425 deinceps
721 366 785 425 quae
810 351 980 425 episcopos

144 449 259 509 debetur
273 448 454 508 obedientiam
468 444 616 503 exhibeatis
627 445 756 503 omnibus
769 446 847 503 vobis
861 445 936 504 beati

146 545 218 602 Petri
233 543 420 617 apostolorum
435 538 565 613 principis
574 540 735 598 auctoritate
750 539 937 614 precipimus.

1262 351 1440 408 EPISTOLA
1459 351 1527 406 xli.

1082 452 1351 498 subsannaretur
1364 455 1539 498 nntscoaoss
1562 453 1710 496 mssrvuvs.

1295 535 1386 597 (bono
1401 533 1489 601 1078.)

143 637 171 693 Si
196 637 242 709 qui
269 651 334 693 vero
358 633 650 693 excommunicationis
683 636 848 709 contagione
882 634 937 691 vul·
992 626 1099 680 Pboou
1112 623 1236 678 Meti&
1249 623 1435 692 epitimium
1452 638 1512 677 ium
1525 622 1672 692 Omiii'urt
1694 624 1794 677 timi·

145 729 232 787 nerati
249 728 293 786 bis
313 728 458 809 salubleris
477 727 537 787 ausi
555 728 657 788 luerint
672 743 823 803 repugnare
837 743 937 803 prece-

146 823 211 896 ptis,
240 838 288 880 eos
311 822 393 882 veluti
413 822 518 897 putrida
543 824 667 881 membra
693 839 709 880 a
732 830 793 881 toto
823 838 939 896 corpore

144 916 259 987 Christi,
285 917 358 991 quod
383 927 425 975 est
445 916 566 975 Ecclesia
592 916 740 988 catholica,
756 916 939 975 anathematis

143 1010 234 1081 gladio
259 1026 413 1069 resecamus
439 1019 520 1084 atque
545 1010 715 1085 projicimus.
739 1010 826 1068 Vobis
846 1018 939 1068 autem

144 1108 233 1163 Deum
246 1104 422 1179 diligentibus
441 1113 469 1162 et
488 1105 568 1162 beato
589 1107 669 1162 Petro
685 1104 883 1174 obedientibus,
905 1120 939 1162 ex

145 1197 305 1257 auctoritate
319 1197 444 1272 ejusdem
460 1199 646 1273 apostolorum
660 1198 802 1273 principis,
813 1197 938 1256 onmium

143 1300 316 1366 peecatorum
331 1293 522 1351 remissionem
539 1293 679 1368 largimur.

1028 697 1128 762 prmus,
1138 698 1164 749 et
1173 701 1229 750 tom
1240 709 1272 749 eo
1282 709 1342 765 quc
1355 697 1508 763 antiquitus
1520 695 1628 756 collato,
1639 709 1721 763 quom
1731 709 1794 764 quoe

1028 765 1104 821 modo
1119 781 1136 819 tt
1150 765 1290 828 baltilde,
1304 769 1330 820 et
1341 781 1400 835 quae
1412 768 1441 820 in
1455 767 1581 833 sutricum
1595 766 1629 820 cb
1648 767 1713 820 aliis
1727 781 1795 819 cou-

1028 839 1162 904 terentur,
1178 838 1302 892 succedi.
1319 837 1411 892 Viccm
1428 852 1506 893 suum
1520 840 1637 907 eatque
1660 851 1794 892 sucesso-

1028 909 1104 963 ribus
1126 909 1267 962 committit
1284 910 1314 962 in
1337 906 1428 962 insula
1454 911 1573 972 Corsica,
1589 913 1678 978 ctpvo
1701 909 1795 964 lubere

1029 981 1796 1131 ittuttttttttttttttttttitttttt

1029 1137 1085 1191 aptas
1109 1122 1301 1179 successoribus
1321 1126 1447 1190 quartam
1462 1127 1570 1193 portem
1588 1124 1706 1177 munium
1723 1121 1794 1180 rede

1029 1197 1104 1247 tuum
1127 1194 1255 1263 torgitur,
1281 1208 1354 1249 orces
1373 1197 1463 1248 tomas
1477 1195 1527 1249 sub
1543 1194 1643 1249 dumne
1662 1197 1794 1251 Romanor

1028 1266 1152 1320 Ecclesiae
1168 1268 1294 1327 sesemet,
1311 1280 1425 1334 quorum
1443 1266 1564 1321 custodes
1582 1265 1686 1334 eliisei
1704 1281 1793 1323 umes·

1028 1339 1095 1391 sitos
1115 1338 1244 1406 samarit,
1268 1336 1328 1391 cult
1342 1335 1459 1393 obedire.

1028 1423 1683 1498 Gnaaoavosepiscopus,servusservorumDei,
1692 1422 1795 1483 dilecto

992 1513 1021 1573 in
1034 1513 1143 1574 Christo
1156 1513 1234 1573 fratri
1246 1517 1439 1574 barbacano
1449 1516 1546 1573 Pisarm
1560 1514 1669 1588 suisque
1683 1528 1795 1574 succes

994 1606 1113 1666 toribus.

178 1388 250 1443 Data
259 1388 368 1457 Romae,
376 1386 493 1459 septimo
501 1389 554 1457 [vv]
563 1385 704 1444 Kalendas
712 1385 884 1457 Decembris,
894 1385 938 1444 in-

144 1478 262 1539 dictione
278 1479 406 1539 secunda.

419 1597 595 1656 EPISTULA
609 1597 662 1654 Xl.

22 1722 30 1729 -
213 1725 254 1772 p„
271 1726 417 1774 mmo,
435 1728 544 1773 mc„
562 1728 693 1774 „mm
711 1728 865 1774 mmm,
954 1727 978 1791 B
1027 1696 1157 1768 Scpemae
1176 1695 1358 1755 miserationis
1379 1704 1501 1769 respectu
1516 1694 1551 1753 ad
1565 1695 1618 1754 boe
1631 1694 1793 1755 universale

993 1784 1121 1842 Ecclesia
1144 1801 1240 1843 curam
1258 1786 1428 1858 suscepimus
1451 1793 1479 1843 et
1500 1785 1640 1860 apostolici
1661 1785 1792 1845 modera·

437 1833 531 1898 “¹¹³⁰
553 1835 644 1897 ¹⁰⁷⁸·)
992 1869 1075 1928 minis
1092 1871 1310 1930 sollicitudinem
1329 1874 1462 1946 gerimus,
1478 1881 1509 1930 ut
1518 1872 1600 1946 justis
1618 1874 1792 1946 precantium

142 1947 844 2020 saquiseossubtectaruoesroctpuut,comodum
853 1947 940 2018 ΨΜ·
992 1957 1062 2015 votis
1086 1967 1191 2016 attenta
1216 1959 1384 2033 benignitate
1411 1959 1562 2027 faveamus,
1588 1968 1616 2015 et
1642 1958 1793 2018 libramine

179 2021 939 2160 {temlanzetctzs'zofflgffltstsscttnmmvstmgoeffi²1:³2³·
992 2048 1126 2121 aequitatis
1140 2049 1269 2106 omnibus
1288 2050 1316 2105 in
1337 2050 1497 2106 necessitate
1517 2048 1622 2122 positis,
1641 2058 1792 2122 quantum,

179 2161 331 2217 pendam„
340 2178 424 2217 mam,
434 2162 680 2233 mmmmm,
695 2161 770 2229 ng
778 2164 938 2217 ,mmm
992 2137 1053 2194 Deo
1066 2136 1194 2207 domnte,
1205 2154 1360 2210 possumus,
1373 2138 1516 2195 subvenire
1525 2137 1684 2195 debeamus.
1698 2138 1791 2209 Unde,

178 2234 267 2299 focae
279 2234 455 2303 aeplecerirvt,
474 2236 592 2288 omnium
605 2235 782 2290 bestesiacum
796 2235 938 2288 introitum
991 2227 1145 2300 postulante
1165 2235 1202 2292 te,
1223 2224 1307 2285 trater
1322 2227 1496 2301 Landulpbe,
1517 2235 1548 2284 ut
1569 2227 1725 2293 ecclesiam,
1747 2227 1792 2285 cui

180 2306 218 2360 ⁶³5³
232 2305 366 2375 imbibit·
992 2322 1050 2378 Deo
1072 2321 1179 2378 volente
1199 2336 1314 2393 praeesse
1326 2321 1510 2395 dignosceris,
1532 2320 1646 2394 ejusque
1666 2321 1739 2379 bona
1757 2321 1793 2380 ab

178 2421 357 2477 Gnscontus
371 2419 526 2492 episcopus,
535 2435 630 2477 servus
642 2435 785 2480 sertorum
799 2419 862 2490 Dei,
878 2421 937 2478 cle·
990 2413 1211 2472 adversariorum
1223 2414 1326 2488 impetu
1339 2423 1368 2473 et
1378 2414 1552 2472 infestatione
1567 2423 1670 2472 nosuae
1682 2423 1794 2489 apmto

143 2511 205 2570 vicis
227 2513 319 2570 Sancti
333 2513 445 2570 Martini
468 2514 599 2571 Lucensis
615 2513 751 2584 Ecclesiae,
774 2515 891 2572 salutern
910 2522 939 2573 et
990 2508 1051 2566 tica
1061 2509 1231 2567 auctoritatis
1245 2508 1396 2584 munimine
1407 2517 1561 2579 tueremur3
1576 2508 1698 2566 inclinati
1713 2508 1794 2582 iretis

142 2607 319 2680 apostolicam
330 2606 562 2665 benedictionem.
990 2602 1116 2675 precibus
1137 2603 1192 2661 tuis
1214 2603 1387 2661 concessione
1408 2603 1549 2676 presentis
1571 2592 1793 2677 privilegil'oon-

178 2702 249 2760 Cum
271 2701 345 2774 apud
362 2716 411 2759 ros
424 2717 558 2772 essenms,
582 2701 729 2776 sepissime
742 2716 791 2760 vos
814 2718 861 2775 per
886 2716 937 2762 nos
990 2695 1132 2755 firmamus
1141 2697 1189 2755 tibi
1199 2698 1385 2772 episcopatum
1396 2698 1535 2772 predictae
1546 2697 1653 2754 Pisana
1664 2696 1793 2757 Ecclesiae

46 2839 50 2847 .
142 2801 170 2850 ct
180 2809 228 2866 per
239 2793 388 2852 confratres
397 2804 507 2853 nostros
516 2794 769 2866 admonuimusuti,
780 2795 932 2854 seeundum
990 2807 1054 2848 cum
1071 2791 1147 2849 omni
1162 2791 1225 2865 jure
1237 2792 1347 2865 suisque
1362 2791 1541 2865 pertinentiis.
1556 2794 1591 2847 Et
1610 2790 1677 2864 quia
1693 2791 1793 2849 Pisana

142 2887 314 2962 privilegium
326 2896 533 2947 antecessorum
552 2898 730 2963 nostrornm,
743 2891 829 2948 sancb
841 2890 937 2949 videii·
992 2885 1124 2954 arduis.
1139 2901 1202 2960 (1¹1ae
1215 2885 1243 2942 in
1261 2884 1445 2966 llrfflfissi‘ndil⁴
1454 2884 1506 2943 Sibi
1521 2884 1709 2957 l³2¹⁸l⁰flbl¹lla
1727 2901 1794 2944 0⁰¹¹·

142 2991 186 3038 cet
203 2982 302 3039 Leonis
326 2999 402 3056 papae
427 2990 454 3039 et
479 2983 610 3054 Victoris,
624 2983 699 3057 quod
725 2984 848 3056 ipsorum
871 2992 939 3042 tunc
992 2978 1178 3037 stitutionibus
1190 2987 1349 3037 sanctorum
1366 2982 1478 3037 Petrum
1493 2977 1658 3052 deviaverat,
1671 2979 1792 3038 tandem

142 3075 337 3133 canonicorom
351 3085 449 3134 vestrae
467 3075 598 3135 Ecclesiae
618 3085 716 3150 rogatu
741 3076 791 3152 ipsi
818 3076 939 3135 ecclesiae
993 3088 1042 3145 pro
1058 3073 1230 3131 restitutione
1245 3074 1365 3147 antiquae
1379 3073 1513 3131 libertatis
1530 3089 1587 3131 suae
1600 3071 1710 3131 salubre
1724 3090 1794 3131 con·

141 3167 275 3238 lecerunt,
289 3184 466 3227 communem
474 3169 685 3243 regularemque
696 3169 779 3226 dmm
790 3169 938 3241 duceretis;
991 3165 1082 3223 silium
1095 3167 1191 3224 matris
1201 3182 1260 3224 svvae
1279 3176 1382 3225 sanctae
1396 3170 1530 3225 Romanae
1546 3168 1674 3225 Ecclesia
1691 3181 1790 3226 susce·

140 3263 188 3320 sed
203 3279 265 3334 vos,
286 3278 347 3334 qua
361 3271 449 3320 vestra
472 3269 538 3320 sunt
551 3252 715 3336 querentes,
731 3278 788 3320 non
801 3279 862 3336 quat
875 3265 940 3322 iesu
993 3261 1044 3332 pit,
1067 3261 1104 3317 ita
1127 3268 1159 3317 ut
1172 3269 1210 3332 te,
1235 3276 1292 3319 non
1306 3260 1423 3330 aliunde,
1445 3260 1493 3319 sed
1506 3276 1555 3334 per
1574 3261 1684 3330 ouium,
1711 3261 1790 3333 quod

141 3342 242 3414 Christi
266 3355 395 3429 (Philipp.
419 3371 453 3427 ιι,
480 3357 522 3430 ²),
537 3364 645 3415 nostras
666 3355 865 3415 admonitiones
888 3373 939 3416 ne·
993 3353 1117 3412 Christus
1130 3362 1181 3425 est,
1199 3355 1357 3426 intrantem,
1370 3354 1488 3428 gaudeat
1502 3355 1581 3413 nobis
1598 3354 1792 3414 ordinantibus

140 3449 272 3522 glexistis.
286 3451 411 3526 Cumque
422 3457 508 3508 tantm
523 3450 693 3526 negligentiae
708 3459 736 3509 et
747 3450 939 3510 inobedientiae
993 3445 1094 3507 babere
1115 3459 1267 3521 pastorem,
1290 3448 1479 3522 indulgemus,
1503 3449 1681 3507 concedimus
1706 3456 1792 3524 atque

140 3558 203 3616 quae
222 3544 311 3602 scelus
335 3544 496 3603 idololatriae
518 3561 534 3601 a
559 3546 661 3602 sanctis
683 3545 809 3603 Patribus
827 3546 936 3617 dicitur,
992 3540 1135 3601 firmamus
1148 3543 1198 3601 sibi
1222 3552 1279 3601 tarn
1303 3559 1334 3600 ea
1348 3559 1409 3616 quae
1422 3543 1456 3600 ab
1477 3543 1598 3615 antiquis
1619 3542 1792 3616 temporibus

141 3638 239 3705 mento
254 3637 317 3711 jure
338 3653 387 3695 vos
401 3637 686 3710 sententiajudicialis
712 3637 790 3696 lorire
816 3639 936 3709 deberet,
989 3634 1064 3708 juste
1077 3636 1249 3696 collatasunt
1269 3653 1353 3711 quam
1373 3653 1403 3694 ea
1418 3652 1480 3710 quae
1505 3636 1597 3694 divina
1618 3637 1722 3709 pietate
1742 3652 1793 3711 per

141 3729 258 3802 episcopi
270 3737 363 3787 tamon
372 3731 454 3787 vestri
466 3739 495 3787 et
508 3732 694 3803 quorumdam
708 3730 825 3790 fratrum
836 3743 938 3792 vestro
992 3730 1197 3789 serenissimam
1205 3730 1290 3788 filiam
1298 3739 1422 3788 nostram
1428 3729 1793 3805 blathildem,proremedio

141 3837 205 3880 rum
218 3820 355 3896 precibus,
370 3823 520 3897 apostolica
536 3825 720 3883 mansuetudo
733 3826 814 3883 solita
826 3826 936 3899 pietate,
991 3823 1092 3882 animae
1108 3823 1285 3894 matrissuae,
1300 3824 1329 3882 in
1347 3823 1444 3883 eadem
1457 3825 1571 3883 ecclesia
1585 3825 1709 3900 sepultae,
1725 3842 1793 3884 con·

141 3920 172 3973 ut
186 3914 267 3987 illios,
281 3930 368 3989 usque
385 3915 606 3974 adlestivitatem
619 3917 749 3975 Omnium
762 3920 937 3988 Sanctorum,
991 3916 1088 3974 cedere
1117 3912 1228 3991 dignata
1262 3925 1319 3988 est,
1345 3918 1468 3976 videlicet
1493 3918 1585 3978 locunt
1614 3919 1662 3991 qtti
1688 3917 1793 3977 dicitur

141 4007 241 4068 deinde
254 4008 514 4077 etiarn,interventu
526 4010 649 4084 ejusdem
659 4011 789 4085 episcopi,
806 4028 892 4087 usque
902 4015 937 4074 ad
991 4010 1185 4069 schannellum
1209 4027 1272 4070 cum
1294 4012 1411 4071 castellis
1433 4020 1461 4069 et
1478 4010 1649 4087 pertinentiis
1670 4013 1738 4083 suis,
1763 4020 1794 4071 et

141 4101 289 4176 synodum,
302 4101 453 4160 clementer
466 4117 514 4160 vos
532 4103 671 4162 sustinuit
683 4103 728 4162 ild
742 4119 827 4178 quam
838 4122 938 4179 praece·
991 4104 1042 4163 alia
1058 4105 1161 4180 quaein
1179 4106 1311 4178 loturum,
1328 4110 1388 4165 Deo
1399 4115 1552 4176 auctore,a
1569 4105 1697 4165 fidelibus
1720 4106 1793 4182 legs·

141 4195 232 4269 pimus
245 4204 278 4255 ut
297 4195 403 4271 aliquos
426 4196 571 4255 mitteretis
585 4197 619 4256 de
641 4198 718 4256 vobis
737 4200 783 4272 qui
800 4198 937 4260 devastes
990 4199 1052 4256 liter
1070 4198 1235 4258 conferenda
1258 4209 1332 4259 sunt.
1359 4203 1496 4258 Praeterea
1511 4199 1573 4258 fidei
1598 4209 1627 4258 et
1648 4200 1794 4274 religionis

141 4289 223 4349 nobis
237 4289 394 4349 obedientia
412 4289 621 4365 responderent.
644 4291 728 4367 Quod
743 4295 807 4368 quia
822 4295 936 4354 minime
989 4301 1045 4352 tuae
1062 4302 1169 4368 gramm
1188 4293 1254 4351 inte
1274 4294 1392 4352 fructum
1411 4294 1560 4353 exuberare
1582 4303 1792 4369 cognoscentes,

141 4382 255 4457 iacmm,
276 4392 308 4442 ut
327 4383 467 4455 decuerat,
480 4384 540 4460 iarn
554 4402 628 4444 nuuc
642 4387 777 4461 equitatis
790 4405 855 4449 non.
869 4405 936 4463 pos-
990 4387 1189 4446 committimus
1210 4387 1258 4445 tibi
1280 4389 1389 4463 tuisque
1403 4389 1606 4448 successoribus
1629 4390 1721 4446 vicem
1741 4404 1794 4448 no·

140 4490 236 4536 sumus
253 4477 365 4538 diliem
380 4492 539 4538 censuram.
555 4479 672 4539 Proinde
685 4496 734 4555 per
758 4498 851 4541 veram
874 4483 937 4542 obe
986 4489 1077 4541 ,stram
1098 4481 1127 4539 in
1148 4481 1258 4540 corsica
1280 4481 1384 4553 insuia,
1415 4482 1437 4539 si
1458 4491 1551 4541 nmen
1575 4482 1625 4558 ipsi
1651 4497 1793 4542 consensu

140 4568 270 4630 dienbam
284 4588 385 4632 moneo
400 4580 430 4630 ut
444 4588 625 4632 communem
641 4573 725 4633 vitam
745 4575 849 4645 vivatis,
868 4576 938 4635 sicut
976 4550 1112 4632 lRomani
1128 4573 1263 4649 pontilicis
1274 4583 1303 4633 et
1318 4575 1449 4635 electione
1468 4575 1557 4634 Pisani
1572 4575 1665 4650 popuii
1685 4576 1727 4634 ita
1743 4591 1793 4634 ca·

141 4672 253 4722 sanctus
266 4664 325 4724 Leo
336 4682 406 4742 papa
420 4667 551 4726 Ecclesia
564 4676 668 4727 nostrae
682 4668 811 4741 instituit,
823 4677 851 4727 et
868 4669 939 4729 sicut
993 4670 1090 4727 nooice
1115 4669 1286 4739 intraverint,
1309 4669 1380 4728 siem
1403 4678 1430 4727 te
1458 4679 1568 4729 constat
1592 4670 1723 4741 intrasse,
1750 4678 1791 4743 ut,

141 4758 266 4816 llomona
280 4759 402 4818 Ecclesia
416 4759 550 4835 intelligit,
570 4759 653 4820 idest
671 4770 702 4820 ut
717 4763 808 4822 omnia
820 4764 939 4822 ecclesiae
992 4762 1143 4822 secundum
1155 4763 1231 4838 quod
1241 4767 1315 4822 Deus
1332 4763 1382 4821 tibi
1394 4763 1520 4835 tradidit,
1532 4777 1594 4837 qua.
1608 4763 1643 4822 ad
1657 4761 1792 4823 Cbtisds·

141 4847 214 4909 bona
233 4850 263 4908 in
276 4866 455 4910 communem
471 4854 619 4912 utilitatem
631 4854 803 4930 redigantur,
821 4865 851 4916 et
863 4873 938 4916 com·
992 4875 1057 4915 nam
1074 4858 1237 4932 religionem
1251 4857 1385 4931 pertinere
1408 4858 1533 4917 ridentur
1551 4858 1674 4933 vigilanti
1696 4857 1793 4918 studio

142 4942 272 5016 munitet,
291 4944 361 5004 sicut
378 4962 461 5019 supra
480 4945 587 5005 dictum
600 4955 651 5018 est,
667 4950 863 5022 expendantur,
877 4959 937 5023 aut,
992 4952 1146 5026 episcopos,
1176 4951 1287 5010 clericos
1315 4952 1502 5027 populumque
1536 4953 1660 5026 ejusdem
1692 4952 1793 5011 insulse

142 5037 166 5096 si
181 5036 211 5095 id
221 5036 311 5096 iacere
327 5038 468 5109 recusatis,
483 5040 605 5099 ecclesiae
623 5040 800 5116 prebendam
812 5044 839 5099 in
854 5059 938 5103 manu
992 5043 1102 5113 doceas,
1117 5054 1199 5120 atque
1218 5060 1329 5103 morum
1355 5044 1500 5104 honestate
1521 5045 1686 5116 confirmes,
1709 5045 1793 5120 iuxta

142 5130 262 5206 episcopi
288 5131 325 5189 ad
346 5131 466 5191 ecclcsiae
486 5133 635 5192 utilitatem
657 5133 787 5194 reddatis.
813 5136 895 5210 Quod
916 5136 939 5195 si
992 5139 1185 5213 propheticum
1197 5152 1365 5210 sermonem,
1381 5145 1413 5196 ut
1427 5141 1524 5199 eoeltos
1538 5144 1563 5198 et
1575 5139 1714 5211 metecus,
1727 5137 1794 5199 cdi·

141 5232 268 5283 neutmm
292 5224 392 5285 borum
415 5226 500 5300 (quod
520 5226 598 5296 absit)
624 5226 715 5287 iacere
736 5230 884 5303 recusatis,
905 5247 939 5290 ex
992 5237 1053 5306 pecs
1064 5239 1090 5290 ct
1105 5235 1213 5306 plautus
1233 5234 1294 5298 (ier.
1312 5248 1335 5304 1,
1350 5239 1403 5302 10).
1426 5236 1495 5304 Quae
1507 5233 1639 5295 nimbum
1652 5232 1753 5304 insula,
1774 5249 1794 5294 s

142 5318 303 5377 auctoritate
315 5319 368 5378 Dei
384 5321 594 5394 omnipotentis,
611 5329 638 5380 et
656 5329 818 5382 sanderum
830 5330 940 5400 aposlo-
989 5326 1052 5400 jure
1067 5333 1096 5384 et
1106 5326 1230 5384 dominio
1243 5335 1346 5384 saneta
1364 5330 1499 5385 Romane
1514 5326 1642 5386 Ecclesia
1655 5341 1706 5400 per
1718 5341 1794 5401 quo·

142 5411 232 5469 lorum
242 5412 315 5471 Petri
327 5420 356 5471 et
369 5413 457 5486 Pauli,
469 5414 595 5473 omnium
608 5415 784 5476 ecelesiarum
795 5418 936 5479 introitum
993 5417 1120 5478 rumdam
1131 5433 1280 5493 pravorum
1288 5419 1434 5478 bominum
1447 5420 1615 5481 mvasionsm
1629 5419 1792 5491 subtracta,

142 5502 221 5564 vobis
239 5521 326 5580 osqoo
346 5504 381 5566 ad
400 5504 625 5569 emendationem
643 5525 795 5586 congmam
809 5511 937 5588 probibe-
996 5522 1027 5571 ut
1042 5511 1193 5588 pmdeotite
1206 5521 1263 5572 tua
1275 5513 1366 5573 undio
1379 5498 1684 5598 exducisin'rssoribos
1695 5528 1807 5581 monz.

144 5614 215 5660 mos.
995 5609 1061 5668 dum
1081 5609 1224 5682 antiquum
1243 5623 1352 5668 morem
1366 5608 1401 5667 ad
1414 5608 1568 5669 dominium
1588 5608 1713 5684 ejudem
1733 5611 1793 5668 llo·

178 5695 248 5754 Data
266 5694 374 5765 Romae,
396 5702 495 5772 quarto
513 5696 650 5758 Kalendas
672 5699 937 5777 Decembrisindl·
996 5717 1084 5759 maore
1095 5703 1221 5759 Ecclesiae
1231 5711 1384 5769 revocetur,
1395 5702 1571 5762 concedimus
1584 5702 1635 5765 ribi
1646 5716 1794 5779 pasqua

142 5785 235 5849 ctiom
253 5789 381 5851 masada.
997 5797 1095 5852 Pisana
1111 5795 1229 5852 Ecclesia
1250 5793 1285 5853 od
1304 5797 1448 5869 antiquum
1466 5798 1508 5856 sui
1527 5797 1655 5857 damnem
1677 5794 1795 5856 sednots
