3870 6164
60 224 98 283 ιι
465 276 480 289 „
561 232 822 291 causationum.
843 263 878 273 -
896 233 986 290 aurs
1004 233 1033 291 s.
1054 234 1225 292 caseouu.
1683 242 1718 306 ιι
1814 204 1821 209 ’
1856 196 1860 207 ’

61 351 317 423 commonefacere,
342 353 546 427 utaperiamus
570 356 620 424 illi,
645 367 672 414 et
701 358 903 425 claudamnsA
918 360 1143 431 commonuistis,
1158 374 1309 417 nuncverc
1324 358 1502 417 cauteriatam
1522 359 1718 419 conscientiam

63 447 173 504 mnam
186 447 314 516 diabolo;
334 456 362 504 et
380 448 442 521 aius
454 449 618 509 satellitibus
643 460 671 509 et
686 453 866 526 eomplicibus
921 468 951 510 se
965 452 1091 513 babuisse
1115 463 1270 528 cognoscat.

61 556 116 613 pre
129 541 238 599 viribus
252 541 425 612 resistamus,
448 543 476 600 in
494 553 625 618 promptu
645 546 780 605 babentes
795 549 867 605 ulci-
956 552 1001 605 62.
1018 549 1071 606 His
1084 557 1167 621 atque
1185 549 1244 606 aliis
1257 548 1400 606 nonnullis
1414 550 1559 624 peroratis,
1578 559 1672 607 saneta
1690 560 1719 607 et

62 635 114 703 sci,
148 635 305 693 seeundum
325 636 493 708 Apostolum
518 640 623 706 (licor.
641 640 683 713 x),
696 642 865 700 omncmin-
920 658 1021 715 magna
1037 642 1165 716 synodus
1174 641 1243 699 dixit
1260 645 1348 710 :Tua,
1363 643 1536 703 sanctissima
1551 646 1644 710 Pater,
1655 661 1718 701 cen·

63 728 530 802 obedientiamllequetimendum
539 733 709 802 est,etiamsi
719 736 866 807 praevalere
920 752 996 806 sura,
1010 752 1093 810 quem
1112 736 1147 793 ad
1160 736 1310 809 regendum
1326 737 1413 793 nostri
1430 739 1564 810 temporis
1581 738 1718 795 sacculum

65 823 176 896 possint
187 823 334 880 adversum
357 840 408 882 nos
424 842 431 881 :
448 826 581 898 quoniam
596 826 659 885 ideo
682 827 734 885 illis
748 838 867 902 potestas
920 829 1011 888 divina
1033 831 1138 903 peperit
1162 830 1305 887 clementia
1330 829 1646 924 contranblaspbemum,
1673 832 1717 888 iu-

66 918 174 991 ajusto
192 916 312 975 traditur
324 918 440 987 Jndice,
456 928 489 975 ut
503 919 571 976 liant
584 929 688 979 nostrae
696 923 866 995 probationis
920 940 1057 993 vesorem,
1072 935 1240 998 tyrannum,
1254 924 1436 993 desertorem,
1452 925 1537 981 talem
1551 925 1715 981 sententiam

66 1012 213 1080 amium,
227 1011 283 1068 eitc
296 1011 325 1067 iu
346 1013 468 1069 cinerem
487 1022 514 1069 et
528 1012 634 1070 favillas
647 1017 864 1086 consumendus,
919 1017 1051 1091 proferat,
1071 1035 1133 1091 qum
1156 1019 1232 1075 hune
1256 1025 1391 1087 conterat,
1430 1024 1458 1073 et
1485 1017 1586 1074 luturis
1610 1018 1717 1075 saeeulis

63 1120 177 1178 nosque
191 1120 255 1162 vasa
267 1105 406 1177 explorata
422 1114 550 1179 perpetuo
569 1107 597 1163 in
611 1109 725 1166 Domini
738 1111 864 1168 ministe·
919 1112 1147 1185 transgressionis
1167 1112 1302 1170 cautelam
1316 1109 1449 1168 conferat.
1473 1111 1593 1184 Dignum
1613 1111 1715 1184 quippe

62 1199 139 1256 rium
163 1199 339 1257 assumenda.
360 1201 508 1272 Speremus
528 1216 605 1271 sane,
625 1218 676 1259 nec
698 1203 864 1272 dubitamus,
919 1216 962 1264 est
971 1207 1055 1280 jussis
1075 1207 1129 1263 tuis
1141 1206 1254 1264 obedire
1272 1215 1299 1263 et
1314 1204 1515 1274 obsecundare,
1527 1212 1556 1260 ut
1569 1219 1714 1276 possumus

63 1292 140 1367 qued
158 1292 234 1350 nulla
254 1292 412 1362 tribulatio,
426 1295 589 1367 persecutio,
605 1296 756 1369 gladiusve,
772 1298 866 1355 mucu-
919 1316 1008 1373 neque
1031 1299 1121 1356 facere
1145 1301 1274 1373 cupimus
1295 1299 1402 1356 animas
1419 1307 1527 1355 nostras
1540 1294 1715 1370 praebitores
1783 1316 1786 1321 ·

63 1387 99 1455 la,
115 1403 252 1456 mmmm,
276 1386 376 1457 exsilia,
390 1387 531 1457 instantia,
547 1387 649 1458 lutura,
672 1399 801 1463 poterunt
813 1408 865 1448 nos
918 1394 1010 1451 nobis.
1027 1394 1158 1450 Libenter
1173 1394 1255 1464 enim,
1274 1394 1297 1451 si
1317 1409 1428 1450 necesse
1443 1400 1495 1461 est,
1511 1400 1631 1447 mortem
1653 1406 1715 1446 am·
1817 1412 1820 1417 ·
1895 1428 1899 1437 .

62 1497 194 1554 separare
212 1480 371 1551 ecaritate,
394 1496 457 1553 quae
480 1489 521 1538 est
544 1483 571 1538 in
594 1482 703 1540 Christo
732 1486 810 1557 Jesu,
839 1494 866 1543 et
919 1488 1079 1560 plectemur,
1095 1490 1245 1544 utPatrum
1264 1495 1424 1545 nostrorum
1439 1485 1547 1558 vestigia
1559 1484 1716 1556 relinquere

62 1575 168 1632 sanctis
181 1574 241 1649 ejus
261 1575 378 1647 legibus.
392 1575 491 1633 blelius
514 1584 556 1633 est
566 1577 639 1633 enim
652 1578 723 1634 mori
740 1594 789 1652 pro
804 1578 864 1652 legi-
918 1597 974 1638 non
989 1581 1141 1639 videamur.
1157 1583 1213 1639 Cur
1225 1582 1301 1637 enim
1316 1597 1373 1637 non
1390 1580 1486 1637 demus
1501 1594 1550 1651 pro
1561 1577 1611 1633 Dei
1625 1576 1715 1632 nostri

61 1667 117 1725 bus
130 1670 257 1738 Domini,
277 1684 362 1741 quam
375 1669 539 1727 eorumdem
553 1671 758 1742 persuasoribus
772 1681 800 1728 et
817 1673 864 1729 de·
918 1675 1020 1731 sanctis
1031 1675 1136 1747 legibus
1152 1673 1230 1743 illud,
1247 1674 1321 1746 quod
1336 1690 1352 1730 a
1367 1672 1520 1730 nolentibus
1534 1671 1614 1727 uobis
1628 1668 1715 1747 quier-

63 1762 254 1820 structoribus
267 1772 343 1835 terga
351 1762 485 1820 vertendo
494 1764 623 1821 Ecclesia
634 1764 703 1837 (iura
720 1765 861 1838 prodere):
877 1737 901 1798 B
920 1771 982 1825 turi
999 1768 1128 1825 Gladium
1141 1783 1248 1836 exerce,
1260 1767 1398 1839 judicium
1419 1780 1535 1822 exerce:
1559 1771 1590 1819 ut
1607 1763 1715 1818 laetetur

63 1857 200 1930 quoniam
215 1872 272 1913 non
286 1855 398 1914 obviare
411 1856 519 1926 tabbus,
538 1857 639 1916 Christi
653 1857 811 1931 planissime
823 1869 865 1917 est
918 1861 1034 1934 quilibet
1047 1860 1151 1933 justus,
1168 1876 1232 1917 cum
1247 1860 1344 1917 viderit
1364 1858 1524 1925 vindictam,
1538 1871 1637 1912 manus
1651 1869 1715 1911 suas

64 1950 150 2008 fidem
165 1965 278 2024 nedare.
917 1955 989 2011 lavet
1001 1955 1029 2011 in
1050 1954 1182 2028 sanguine
1197 1952 1355 2026 peccatoris.
1371 1952 1498 2008 Tandem
1518 1949 1647 2006 omuibus
1667 1963 1712 2003 ac·

99 2051 146 2101 et.
162 2043 299 2101 Videmus
313 2061 369 2118 prae
382 2045 470 2102 oeulis
487 2055 515 2102 et
526 2045 654 2104 manibus
663 2047 773 2120 signum
793 2047 865 2104 anti·
917 2048 1100 2105 clamantibus
1114 2047 1258 2104 delinitum
1273 2055 1325 2116 est,
1338 2054 1368 2102 ut
1382 2045 1490 2101 liuttere
1503 2042 1580 2115 regio
1594 2041 1715 2115 privare·

64 2136 109 2211 qui
128 2139 283 2210 serpentis3
309 2137 385 2211 quod
404 2139 581 2212 omnipotens
606 2143 682 2198 Deus
703 2139 765 2197 ideo
786 2141 864 2198 vobis
917 2150 974 2211 tur,
988 2151 1016 2199 et
1044 2141 1226 2199 anathematis
1263 2140 1388 2206 vinculis,
1417 2148 1474 2195 tam
1497 2135 1716 2210 prenominatus

65 2232 197 2298 ostendit,
210 2240 241 2290 ut
255 2240 349 2289 cautos
363 2232 494 2290 sollicitos
505 2249 557 2306 que
566 2233 703 2302 redderet,
713 2233 864 2306 etquidsu·
917 2252 965 2293 rex
981 2252 1064 2308 quam
1079 2252 1177 2293 omues
1185 2234 1339 2292 assentanei
1353 2232 1395 2290 sui
1409 2232 1613 2304 colligarentur.

65 2343 112 2399 per
132 2325 224 2382 filium
238 2327 383 2399 superbiae,
400 2327 579 2383 extollentem
594 2343 623 2384 se
643 2327 774 2385 adversus
796 2328 865 2384 haue
1209 2339 1331 2394 CAPUT
1349 2336 1426 2391 viti.

64 2429 191 2478 mmm
218 2421 371 2476 Eoe'fflam
396 2420 566 2478 Cath⁰¹⁵⁰³m
597 2420 685 2477 facere
716 2421 864 2479 debeamus
916 2443 977 2497 Rex
1000 2441 1129 2494 dietericus
1148 2437 1400 2492 caccmmuuieuter.
1416 2435 1524 2489 Litterae
1542 2434 1570 2488 S.
1591 2432 1715 2503 Gregorii

65 2515 231 2571 insinuaret.
249 2515 351 2571 Sancta
370 2514 469 2587 quippe
493 2515 643 2588 Scriptura,
669 2515 776 2585 Fidem,
801 2532 863 2573 san·
1006 2511 1130 2577 eadere,
1141 2510 1285 2563 etuttieuis
1300 2524 1363 2562 inca
1380 2509 1476 2560 secutae
1492 2504 1624 2573 eaemplu.

65 2618 171 2680 utaque
190 2606 323 2665 Ecclesia
345 2607 462 2681 liguram
481 2607 524 2664 ovi
542 2609 658 2665 nomine
679 2607 818 2682 designat;
835 2610 864 2666 in
956 2620 1001 2670 6³.
1017 2616 1139 2685 Accepta
1155 2612 1245 2685 itaque
1259 2611 1367 2678 fiducia,
1385 2609 1516 2666 dominus
1528 2610 1610 2680 Papa,
1623 2622 1657 2663 ex
1671 2615 1716 2662 tu-

65 2719 114 2776 qua
127 2702 244 2774 quidem
260 2702 351 2759 malos
365 2718 431 2759 cum
445 2702 524 2758 bonis
539 2701 683 2774 permistos
702 2719 761 2759 esse
779 2719 864 2775 usque
917 2707 974 2764 tius
987 2706 1089 2780 Syuudi
1104 2720 1242 2762 consensu
1255 2703 1396 2776 etjudicio
1409 2701 1524 2773 protulit
1530 2699 1677 2756 catathema
1688 2699 1718 2754 iu

66 2795 214 2853 edmundi
238 2797 389 2852 terminum
412 2795 506 2852 nullus
526 2795 650 2853 fidelium
674 2795 790 2852 dubitat.
809 2794 864 2853 Sed
918 2798 1135 2857 bunemodum.
1155 2801 1240 2853 Beate
1254 2801 1334 2854 Petre
1353 2795 1553 2867 Apostolorum
1572 2792 1714 2863 Princeps,

66 2890 127 2947 licet
140 2888 291 2946 fraudibus
308 2888 572 2971 deceptionibusque
590 2889 750 2961 aliquandiu
764 2905 794 2945 se
814 2905 863 2946 oc·
918 2892 1027 2958 inclina,
1049 2906 1217 2964 quaesumus,
1240 2889 1297 2960 pias
1317 2904 1397 2943 aures
1410 2898 1472 2942 tuas
1486 2885 1583 2951 nobis,
1602 2893 1629 2940 et
1652 2881 1715 2938 audi

66 2984 153 3042 culere
168 2983 315 3051 studeant,
333 3000 392 3040 non
410 2999 519 3056 semper
536 2983 632 3052 latere,
650 2983 772 3040 Domino
792 2999 865 3040 reve·
918 3001 964 3042 me
975 3001 1084 3042 servum
1102 2993 1195 3052 tuum,
1210 2998 1291 3055 quem
1306 2982 1341 3038 ab
1356 2979 1469 3038 inlantia
1484 2977 1603 3045 nutristi,
1616 2984 1644 3031 ct
1670 2989 1716 3030 us·

65 3077 148 3147 lantc,
163 3085 300 3151 possunt,
315 3086 361 3145 ut,
372 3093 437 3135 cum
451 3077 480 3134 in
496 3086 620 3150 apertum
634 3077 773 3134 venientes
790 3078 864 3135 emi·
878 3115 901 3180 C
918 3095 971 3152 que
982 3078 1019 3136 ad
1034 3077 1190 3135 buuediem
1208 3077 1243 3134 de
1261 3092 1346 3132 manu
1356 3075 1513 3146 iniquorum
1523 3068 1655 3136 liberasti,
1667 3067 1714 3140 qui
1736 3154 1740 3159 Ι
1845 3076 1849 3081 ·

65 3173 163 3242 cariat,
177 3171 288 3228 cunctis
298 3179 429 3245 appareat
442 3170 519 3228 fraus
533 3186 598 3244 quae
613 3170 726 3240 latebat,
743 3179 770 3228 et
784 3171 811 3227 in
822 3188 864 3228 co·
917 3189 962 3230 me
977 3189 1027 3245 pro
1039 3181 1083 3229 tua
1099 3171 1230 3227 iidelitate
1240 3168 1357 3226 oderunt
1370 3176 1398 3224 et
1409 3166 1516 3223 odiunt.
1532 3167 1574 3220 Tu
1588 3162 1658 3218 milti
1674 3169 1715 3217 te-

64 3267 156 3339 guitur
170 3275 269 3323 saneta
283 3266 335 3322 Dei
355 3264 478 3322 Ecclesia
492 3264 606 3321 ultionis
625 3264 746 3338 gladium
760 3275 861 3322 exerat.
917 3268 967 3323 stis
981 3283 1021 3335 es,
1039 3274 1067 3322 et
1082 3268 1202 3322 Domina
1212 3279 1273 3319 mea
1287 3271 1376 3318 mater
1387 3260 1449 3327 Dei,
1464 3260 1601 3315 etBeatus
1615 3254 1716 3312 Paulus

64 3362 122 3417 Rex
138 3361 205 3429 iste,
229 3361 309 3432 cujus
323 3360 441 3433 liguram
462 3361 540 3415 Deus
554 3358 622 3415 mibi
634 3357 818 3415 demonstrari
837 3367 865 3415 et
918 3364 1013 3419 Frater
1026 3368 1092 3415 tuus
1113 3360 1186 3415 inter
1204 3371 1300 3413 omues
1314 3360 1441 3420 sanctos,
1455 3352 1530 3424 quod
1555 3359 1601 3406 tua
1620 3357 1716 3404 sancta
1804 3366 1807 3371 ·

65 3454 194 3527 cognosci
221 3469 270 3526 per
283 3453 417 3526 serpentis
430 3451 644 3510 similitudinem
659 3453 753 3522 voluit,
770 3452 864 3509 baete·
917 3458 1045 3510 Romana
1068 3450 1187 3507 Ecclesia
1212 3465 1256 3504 me
1277 3448 1393 3502 invitum
1408 3445 1442 3501 ad
1461 3460 1508 3500 sua
1531 3439 1716 3514 gubernacula

65 3564 117 3605 nus
131 3549 249 3614 umens,
264 3547 321 3603 suis
333 3546 456 3604 subdolis
469 3545 560 3603 verbis
578 3554 606 3602 et
623 3547 737 3615 nuntiis,
752 3546 826 3602 velut
838 3546 865 3602 in
918 3549 1011 3616 traxit,
1023 3555 1050 3602 et
1063 3560 1112 3617 ego
1127 3560 1183 3600 non
1199 3541 1321 3614 rapinam
1336 3540 1482 3596 arbitratus
1495 3551 1557 3591 sum
1572 3533 1605 3590 ad
1615 3532 1715 3589 Scdem

66 3642 221 3698 tenebrosae
245 3642 335 3698 noctis
360 3640 475 3713 caligine
491 3640 595 3697 latuit:
620 3639 666 3712 qui
688 3639 771 3696 modo
795 3638 866 3696 iuras
917 3649 994 3697 tuam
1018 3638 1180 3704 ascendere,
1208 3635 1356 3707 potiusque
1384 3630 1456 3687 volui
1472 3630 1557 3685 vitam
1575 3642 1666 3682 meam
1688 3625 1716 3680 in

65 3737 174 3802 saliens,
190 3734 266 3808 quod
278 3735 360 3793 eorde
370 3735 506 3808 gestabat,
522 3734 643 3791 ostendit
654 3732 865 3791 sufficienterad
919 3733 1135 3808 peregrinatione
1154 3730 1240 3796 linire,
1261 3743 1343 3800 quam
1366 3725 1456 3781 locum
1471 3731 1549 3778 tuum
1565 3736 1614 3792 pro
1629 3717 1716 3791 gloria

65 3829 333 3887 condemnationem
359 3844 444 3901 quam
471 3827 573 3901 passim
592 3844 640 3900 per
663 3828 715 3884 Dei
732 3827 866 3884 Ecclesiae
920 3826 1031 3896 mundi,
1046 3825 1170 3883 saeculari
1191 3823 1299 3896 iugenio
1321 3819 1450 3891 arripere.
1474 3820 1509 3872 Et
1531 3814 1592 3871 ideo
1613 3828 1647 3868 ex
1668 3821 1716 3867 tua

64 3923 253 3982 commiserat.
269 3925 349 3980 Nunc
363 3930 483 3988 vero,ut
496 3922 616 3989 cernitis,
631 3930 715 3995 caput
745 3919 780 3977 ad
801 3920 864 3977 lidei
918 3922 1005 3995 gratia
1017 3938 1073 3977 non
1084 3935 1117 3976 ex
1129 3919 1196 3974 meis
1210 3915 1338 3988 operibus
1346 3913 1438 3980 crede,
1455 3908 1530 3982 quod
1548 3906 1598 3962 tibi
1612 3905 1717 3978 placuit

65 4028 173 4075 bosnae
195 4016 406 4074 fundamentum
428 4015 532 4089 erigere
554 4023 687 4088 coeperst,
711 4013 866 4072 sicutseri-
918 4023 946 4072 ct
960 4015 1062 4087 placet,
1085 4020 1115 4069 ιιι
1135 4010 1253 4084 populus
1278 4007 1460 4072 Christianus,
1486 4001 1538 4057 tibi
1562 3998 1717 4072 specialiter
1816 4008 1821 4020 ¹

64 4121 144 4186 pmm
159 4120 222 4169 est:
244 4109 556 4167 Posuemntincoelum
575 4125 712 4178 ossuum,
733 4108 865 4180 etlingua
918 4108 1093 4174 commissus,
1122 4104 1191 4161 mibi
1218 4102 1331 4159 obediat
1355 4097 1518 4173 specialiter,
1534 4109 1582 4167 pro
1597 4091 1717 4148 vieetua

64 4222 165 4264 eorum
181 4204 305 4262 transivit
319 4205 347 4260 in
358 4213 441 4261 terra.
458 4207 501 4261 De
516 4220 570 4276 quo
582 4204 704 4260 loannes
720 4200 865 4275 apostotus
919 4202 988 4259 mibi
1003 4201 1152 4258 commissa
1170 4218 1177 4254 ι
1193 4196 1304 4254 etmihi
1324 4203 1369 4250 tua
1384 4191 1468 4266 gratia
1478 4197 1520 4246 est
1534 4184 1715 4260 potestasda·

65 4301 136 4358 ‘5⁰⁵¹
151 4318 159 4355 ³
178 4322 193 4350 ⁴
213 4301 250 4354 Et
263 4298 359 4355 datum
373 4307 415 4355 ‘⁵‘
426 4298 453 4354 ⁰1
465 4314 498 4355 ⁰⁸
512 4298 628 4370 ¹⁰i⁰⁰⁰⁸
639 4312 747 4371 mllifflv
760 4304 788 4352 et
799 4295 868 4351 blas·
920 4306 949 4354 ta
964 4313 980 4353 a
996 4296 1055 4351 Deo
1070 4292 1170 4367 ligandi
1185 4299 1265 4363 atque
1280 4286 1413 4354 solvendi,
1426 4288 1454 4341 in
1468 4282 1537 4341 coelo
1551 4281 1618 4337 etin
1631 4288 1715 4335 terra.

65 4395 195 4469 ιῑὶθῐΰῑῑῑ8
220 4394 315 4464 (Alm-
327 4397 412 4460 ¹¹11)-
431 4414 444 4441 ·
462 4393 497 4448 El
518 4392 585 4448 illud
603 4407 611 4445 ι
628 4393 689 4445 «Et
708 4389 794 4447 calida
809 4388 868 4460 ejvs
920 4393 981 4447 Hac
996 4390 1089 4462 itaque
1108 4386 1208 4442 fiducia
1221 4383 1317 4449 fretus,
1333 4396 1382 4453 pro
1396 4377 1523 4435 Ecclesiae
1537 4384 1592 4476 tuae
1612 4371 1718 4474 honore

65 4488 218 4557 ldffl0⁰¹¹i⁵l
245 4486 354 4543 leniam
377 4495 484 4558 partem
512 4484 654 4542 stellarum
670 4484 756 4541 traxit
773 4484 864 4553 (alpos.
881 4491 906 4552 1)
921 4492 948 4540 et
962 4481 1131 4548 defensioue,
1161 4495 1193 4535 ex
1219 4485 1294 4550 parte
1319 4469 1515 4544 omnipotentis
1539 4470 1590 4522 Der
1618 4466 1715 4530 Patris,

67 4585 125 4650 18).
142 4608 155 4631 ι
170 4581 235 4636 Νοιι
254 4578 372 4636 attendit
383 4579 467 4636 miser
491 4577 558 4651 quid
586 4578 695 4634 Veritas
719 4577 776 4648 ipsa
799 4575 868 4632 disit
922 4585 950 4634 et
960 4575 1033 4642 Filii,
1056 4583 1084 4631 et
1097 4573 1215 4646 Spiritus
1229 4569 1325 4633 sancti,
1348 4582 1396 4638 per
1420 4573 1499 4620 tuam
1515 4563 1719 4631 potestatemet
1792 4610 1795 4615 ,

63 4674 309 4747 3138ῑὸῑωῦθὸΠο
319 4681 347 4730 θῑ
357 4672 475 4745 principi
488 4671 616 4729 Ecclesiae
632 4714 639 4728 .
657 4694 672 4722 c
687 4671 774 4742 Super
784 4670 866 4737 banc,
922 4669 1124 4734 auctoritatem,
1141 4664 1261 4721 Henrieo
1271 4661 1352 4733 Regi,
1363 4659 1421 4714 lilio
1436 4653 1548 4757 Henrici
1565 4655 1717 4752 imperato-

62 4768 288 4842 issqssllsiiemm
303 4766 445 4823 aediflctbo
462 4765 613 4822 Ecclesium
628 4770 868 4835 meamzetpcrtae
922 4763 970 4831 ria,
994 4762 1041 4833 qui
1055 4767 1153 4817 eontra
1171 4767 1247 4814 tuam
1276 4751 1426 4809 Ecclesiam
1451 4747 1575 4805 inaudita
1593 4742 1719 4849 superbia

63 4861 146 4919 interi
172 4876 231 4916 ⁰⁰¹¹
245 4860 433 4932 lfaeV³¹⁰b¹¹¹¹l
460 4858 590 4916 idlfflffl
606 4874 669 4914 eam
684 4858 780 4926 (Mate.
795 4870 867 4923 axvi,
924 4854 1079 4922 insurrexit,
1098 4852 1183 4908 totius
1195 4849 1284 4921 Regni
1299 4844 1514 4903 Teutonicorum
1529 4849 1558 4897 et
1573 4838 1658 4894 ltalvae
1671 4853 1719 4939 gu-

65 4961 175 5019 ¹V¹¹¹)·
195 4979 208 5003 ⁸
224 4954 537 5027 Nlfflildl'lUDFffllreS·
552 4953 680 5009 convenit
694 4950 817 5024 gladium
832 4949 870 5004 ul·
926 4950 1070 5007 bernaeula
1093 4943 1263 5011 contradico,
1285 4950 1313 4998 et
1336 4954 1435 4996 omnes
1449 4934 1620 4993 Christianus
1636 4944 1720 4985 avin-

65 5051 149 5108 ¹l⁰¹²i³
166 5064 290 5116 emere,
308 5055 336 5104 θῑ
346 5047 491 5104 inimicum
503 5047 554 5103 Dei
568 5056 597 5104 el
609 5045 739 5104 Ecclesiae
754 5043 869 5116 alligan-
924 5044 985 5101 culo
999 5041 1157 5117 juramenti,
1172 5037 1246 5112 quod
1259 5035 1309 5092 sibi
1332 5032 1418 5090 iecere
1431 5030 1474 5087 vei
1489 5027 1607 5094 sacient,
1628 5022 1721 5126 absol-

67 5143 107 5203 do
122 5152 279 5218 percutere,
298 5149 331 5199 ut
342 5156 504 5216 percussum
524 5149 616 5215 caput,
632 5137 709 5213 quod
735 5136 771 5194 ad
794 5135 869 5193 bidei
924 5154 973 5206 νος
991 5145 1028 5205 et,
1053 5143 1084 5191 ut
1102 5133 1196 5191 nullus
1221 5131 1245 5187 ei
1264 5130 1335 5187 sicut
1357 5127 1426 5198 Regi
1446 5122 1555 5186 serviat,
1577 5117 1719 5219 interdico.

68 5238 289 5296 fundamentum
322 5244 351 5293 et
374 5235 500 5293 omnium
537 5235 727 5292 Ecclesiarum
748 5241 870 5288 ereetum
925 5232 1048 5303 Dignum
1061 5227 1197 5294 estcnim,
1220 5222 1312 5296 utqui
1326 5219 1419 5278 studet
1436 5217 1571 5273 bonorem
1592 5211 1722 5316 Ecclesiae

69 5348 134 5390 ὄπ
154 5330 333 5406 ffissnwitur·
363 5337 475 5386 eomuat
495 5349 503 5386 ι
522 5336 564 5397 ul,
589 5325 824 5401 quemadmodum
841 5324 869 5380 in
926 5333 983 5382 tuae
995 5322 1168 5390 imminuere,
1181 5320 1240 5392 ipse
1252 5317 1388 5374 bonorem
1399 5314 1507 5368 amittat
1520 5322 1602 5412 quern
1612 5303 1724 5407 videtur

69 5424 310 5501 primumperbite
324 5423 513 5495 maetimpore
527 5422 551 5478 ci
567 5422 674 5479 dietum
696 5426 870 5492 est,pectore
925 5417 1036 5474 babere.
1048 5409 1407 5488 thuiasicuthristianus
1418 5408 1583 5474 contempsit
1598 5396 1721 5503 obedire,

68 5530 97 5578 ct
110 5529 207 5577 venue
228 5526 316 5593 repat.
338 5541 352 5568 ι
375 5517 467 5576 Nolite
487 5517 596 5580 umere,
616 5523 648 5572 ut
666 5513 707 5571 ait
722 5511 870 5580 Dominus,
926 5527 978 5567 nec
992 5509 1027 5568 ad
1040 5508 1193 5566 Dominum
1204 5504 1295 5572 rediit,
1313 5517 1395 5575 quem
1409 5497 1525 5561 dimisit,
1538 5486 1724 5595 participando

69 5614 190 5689 pusillus
213 5627 294 5685 grets
322 5611 385 5686 quis
406 5609 574 5683 complacuit
596 5607 669 5664 Patri
692 5616 784 5665 vestro
806 5605 871 5663 dare
929 5602 1184 5672 excommunicatis,
1216 5608 1245 5656 et
1275 5597 1377 5654 multas
1403 5591 1570 5693 iniquitates¹
1589 5580 1722 5689 iaciendo,

70 5707 151 5767 vobis
162 5720 284 5781 regnum
295 5706 368 5774 (buc.
384 5720 442 5774 xit,
458 5709 513 5773 82).
531 5726 544 5752 ι
560 5701 632 5759 Satis
645 5709 694 5767 est,
708 5698 785 5774 qucd
804 5699 871 5756 buc·
929 5713 1047 5772 meaque
1067 5697 1183 5763 monita,
1199 5708 1262 5767 quae
1277 5707 1327 5768 pro
1341 5704 1390 5746 sua
1415 5687 1504 5743 salute
1521 5682 1572 5741 sva
1593 5681 1677 5740 mxsvt,
1699 5679 1726 5727 te

71 5816 163 5879 mue
195 5798 378 5893 respuistis,
409 5796 478 5858 bene
510 5795 758 5869 convenienterque
792 5791 873 5850 illum
928 5797 1008 5864 teste,
1033 5789 1211 5869 spernendo;
1233 5782 1367 5862 sequoub
1393 5776 1512 5838 Ecclesia
1531 5783 1595 5921 ἑιι,
1617 5772 1727 5824 tentans

218 5890 337 5947 Pareat.
355 5887 481 5953 milit.

408 6106 438 6133 Π
