3870 6164
632 292 678 347 Ab
697 290 811 347 OPERA
829 290 857 347 S.
877 288 1040 348 GREGORH
1056 283 1274 345 bremblens.

133 437 1774 489 W

321 557 606 770 'lecfelt
649 646 1182 766 APOLOGETICUS
1223 639 1582 759 BERNALDI

705 895 900 988 suren
931 890 1213 985 nuceum

177 1094 253 1165 Quae
268 1085 455 1153 venerabilis
475 1104 558 1168 papa
577 1083 745 1166 Gregorius
771 1083 913 1164 ejusdem
937 1079 1075 1146 nominis
1088 1082 1155 1157 Vll,
1170 1079 1203 1141 in
1218 1081 1360 1142 Romana
1387 1077 1511 1157 synodo
1538 1074 1747 1156 promulgavit

531 1197 639 1252 contra
652 1186 847 1250 simoniacos
862 1193 894 1248 et
908 1185 1137 1249 incontinentes
1149 1181 1255 1246 altaris
1268 1180 1439 1244 ministros.

822 1547 1107 1631 PROLOGUS.

177 1731 208 1783 ln
221 1724 406 1798 superioribus
425 1725 546 1796 epistolis
560 1723 598 1780 illi
613 1732 708 1780 nosne
721 1723 856 1795 [Alboino
876 1723 935 1778 cod.
950 1727 977 1791 Α
993 1744 1006 1773 ι
1025 1722 1102 1779 Sicut
1115 1728 1209 1778 sancta
1221 1719 1366 1792 Evangelia
1376 1719 1544 1792 quatuortt).
1560 1720 1596 1775 a.
1613 1716 1698 1773 sancti
1706 1718 1778 1772 Evas-

140 1825 232 1890 ftot.],
242 1821 312 1877 nolit
321 1823 397 1876 Deus
406 1828 437 1875 ut
450 1819 581 1891 deinceps
590 1816 678 1875 dicam
687 1818 799 1888 aemulo,
809 1817 857 1874 sed
865 1818 935 1873 ami·
989 1816 1050 1891 gelii
1075 1815 1307 1888 quotuorlibros;
1327 1817 1366 1870 sic
1388 1816 1470 1870 etiam
1491 1814 1579 1869 babet
1593 1811 1779 1879 Benedicti,

138 1916 258 1983 cissimc,
276 1914 432 1971 satisfacere
446 1913 539 1969 studui
550 1921 579 1969 et
590 1913 741 1985 capitulum
754 1911 865 1968 statutis
883 1925 936 1966 no·
990 1913 1030 1969 sic
1045 1909 1287 1983 quatuorconcifia
1302 1909 1439 1980 suscipere
1447 1915 1477 1964 et
1484 1907 1617 1963 venerari
1631 1922 1679 1963 me
1689 1904 1778 1961 fateor:

139 2011 186 2067 stri
202 2008 345 2082 apostolici
359 2008 529 2063 contrarium
542 2006 701 2062 nullatenus
720 2003 936 2073 attendendum,
991 2006 1133 2062 Nicaenum
1152 2002 1254 2059 seilicet
1268 2003 1297 2084 in
1311 2018 1365 2074 quo
1379 2016 1541 2074 perversum
1557 2001 1618 2057 Arii
1628 1999 1727 2073 dogma
1741 1997 1780 2056 de

141 2111 173 2159 ut
186 2111 251 2175 puta
264 2102 315 2157 snb
327 2100 501 2156 anathemate
515 2099 695 2172 prohibitum,
706 2098 847 2155 evidenter
856 2114 937 2154 mon·
992 2100 1122 2167 struitur3
1137 2097 1471 2170 constantinopolitanum
1485 2110 1616 2168 quoque,
1631 2094 1662 2151 in
1673 2109 1725 2167 quo
1737 2095 1782 2149 lio

143 2195 239 2262 stravi,
260 2193 330 2250 adeo
344 2192 470 2248 videlicet
490 2200 522 2248 ut
536 2192 594 2264 ipsc
608 2191 714 2248 amicus
727 2199 821 2248 noster
834 2207 863 2247 se
878 2192 939 2264 jam
992 2193 1078 2250 nomii
1099 2200 1128 2249 et
1149 2190 1301 2248 illacedouii
1322 2206 1399 2246 error
1423 2190 1618 2259 convincitur;
1634 2187 1783 2262 pres‘nun

142 2305 198 2344 non
211 2287 326 2344 ulterius
340 2285 518 2355 contentioni,
530 2285 579 2342 sed
594 2285 721 2342 amicitiae
735 2300 846 2358 operam
861 2285 938 2341 datu·
995 2287 1078 2343 etiarn
1093 2286 1227 2358 primunr,
1251 2285 1279 2340 iu
1299 2300 1354 2357 quo
1366 2283 1489 2341 Nestorii
1502 2283 1638 2356 impietas
1648 2282 1782 2355 judicatio

88 2396 90 2400 ⁴
144 2398 207 2439 rum
221 2381 291 2437 mibi
314 2379 484 2436 rescriberet.
499 2378 554 2436 Sed
567 2378 765 2451 pluresadbue
778 2387 882 2436 restant
895 2377 941 2452 qui
995 2379 1218 2438 Chalcedonense
1234 2394 1307 2442 uero,
1321 2379 1350 2433 in
1364 2395 1417 2451 quo
1431 2376 1602 2451 Eutycbetis
1617 2376 1784 2450 [flomedltt'o

145 2473 247 2532 eisdem
260 2473 369 2529 statutis
383 2473 523 2528 obstinato
533 2472 626 2529 animo
638 2472 769 2529 nimirum
779 2472 940 2544 periculose,
996 2473 1159 2547 Euthycbis]
1188 2472 1366 2545 Dioscorique
1395 2472 1514 2543 pravitas
1539 2472 1723 2545 reprobatur,
1742 2478 1785 2526 tota

143 2570 200 2625 imo
218 2567 368 2639 perniciose
384 2566 532 2635 resistunt3
554 2567 600 2638 qui
619 2574 647 2622 et
667 2566 735 2623 alios
748 2566 942 2638 simpliciores,
997 2569 1144 2626 devotione
1154 2567 1332 2638 complector,
1345 2566 1522 2638 integerrima
1535 2565 1734 2638 approbatione
1746 2579 1787 2620 cu·

145 2663 245 2735 quippe
257 2678 314 2718 non
328 2662 448 2717 multum
463 2659 602 2718 studiosos
616 2659 650 2717 ad
666 2659 881 2717 considerandos
897 2676 944 2716 ca·
998 2662 1100 2732 stodio,
1114 2662 1176 2735 quia
1188 2662 1217 2717 in
1233 2660 1287 2731 bis,
1302 2660 1417 2717 velutin
1432 2659 1572 2734 quadrato
1590 2660 1688 2733 lapide,
1699 2666 1788 2716 sam

144 2771 244 2826 nones,
254 2755 476 2822 adeoseducunt,
487 2762 555 2810 utet
563 2754 613 2827 ipsi
621 2753 763 2826 praedictas
774 2754 944 2811 authenticas
998 2757 1062 2815 fidei
1083 2764 1221 2813 enumera
1244 2755 1387 2828 consurgit
1409 2761 1436 2812 et
1460 2754 1612 2826 cujuslibet
1635 2754 1698 2811 sitae
1717 2761 1787 2826 atqua

147 2849 305 2906 sanctiones
323 2857 503 2905 contemnant
516 2855 544 2905 et
565 2863 644 2905 suam
658 2845 888 2904 consuetudinem
899 2847 944 2919 ju·
998 2850 1115 2908 aetionis
1128 2865 1226 2907 norma
1244 2848 1384 2918 consistit3
1407 2847 1534 2921 quisquis
1556 2864 1659 2906 eomm
1678 2845 1787 2905 solidita

147 2943 345 3001 cundissimam
371 2941 496 3015 quidem,
525 2941 573 2999 sed
595 2941 854 3014 perniciosissimam
879 2940 944 2996 reti·
999 2953 1057 3002 tern
1071 2961 1127 3001 uon
1149 2951 1234 3013 tenet,
1249 2943 1331 3000 etiarn
1345 2943 1370 3000 si
1393 2941 1462 3015 lapis
1483 2957 1548 3000 esse
1567 2942 1695 3001 videatur
1708 2943 1787 3013 litora.

74 3112 79 3121 1
149 3053 215 3094 nere
228 3035 407 3096 contendant.
424 3034 506 3107 Quod
518 3049 575 3091 non
586 3035 677 3107 piures
691 3049 788 3090 eorum
800 3033 944 3101 fecissent,
999 3041 1093 3108 estne,
1107 3036 1257 3112 cernitur],
1271 3046 1364 3094 tamen
1383 3044 1459 3094 extra
1478 3036 1635 3094 aedificium
1644 3036 1728 3110 juset,
1739 3043 1786 3092 etc.

147 3140 179 3187 ut
189 3131 257 3188 mibi
272 3130 388 3199 videtur,
401 3129 423 3186 si
431 3129 498 3202 ipsis
509 3130 579 3184 bene
589 3136 762 3200 compertum
778 3134 850 3184 esset
863 3142 946 3199 quarn
959 3115 984 3180 B
1000 3134 1116 3190 canens
1127 3147 1202 3198 vero,
1223 3148 1291 3203 quas
1310 3130 1421 3203 praefata
1439 3130 1601 3188 veneranda
1614 3131 1729 3188 condia
1739 3144 1788 3202 ps·

150 3224 411 3298 parum,velpotius
425 3238 509 3296 quam
522 3238 578 3280 nou
593 3223 664 3292 (eod.
680 3225 744 3280 lint.
759 3220 948 3288 nibillnoster
1001 3241 1082 3282 sonas
1103 3232 1247 3297 respuunt,
1267 3240 1382 3297 respuo,
1404 3240 1471 3297 quas
1493 3233 1670 3293 venerantur,
1695 3221 1790 3295 ample·

151 3319 317 3393 apostolicus
330 3318 359 3375 in
374 3316 514 3390 praedictis
527 3316 640 3374 statutis
654 3314 745 3373 deviet
758 3331 773 3371 a
787 3314 889 3372 sanctis
903 3316 949 3371 Pa·
1002 3327 1073 3388 otor,
1082 3319 1158 3392 quia,
1169 3319 1238 3377 dum
1252 3319 1397 3376 universali
1411 3327 1478 3376 sunt
1489 3334 1631 3377 eonem
1642 3317 1790 3382 eonstintta,

148 3413 246 3470 tribus.
263 3414 438 3484 Quapropter
459 3410 528 3467 mibi
550 3409 658 3483 meique
671 3407 806 3466 similibus
820 3423 949 3465 commo-
1002 3429 1032 3471 se
1046 3422 1073 3470 et
1086 3429 1144 3470 non
1163 3413 1209 3469 illa
1224 3413 1352 3482 destruit,
1376 3413 1502 3485 quisquis
1518 3414 1668 3485 praesumit
1687 3418 1734 3469 aut
1745 3409 1790 3467 sol·

148 3507 217 3565 dum
230 3507 287 3563 fore
307 3506 414 3574 censui,
436 3504 459 3562 si
474 3504 572 3563 eadem
586 3510 698 3572 statuta,
719 3501 857 3559 canonicis
877 3500 950 3560 Scri·
1003 3523 1067 3566 vere
1080 3523 1151 3581 quos
1172 3506 1289 3581 religant
1303 3507 1349 3581 [0.
1370 3510 1405 3565 tt,
1426 3511 1452 3563 et
1474 3511 1555 3565 Rom,
1577 3508 1676 3576 atrio,
1689 3503 1788 3579 ligasti,

149 3602 238 3674 pturis
259 3601 423 3667 conferrem,
447 3606 475 3653 et
499 3606 624 3654 mutuam
648 3612 746 3653 eorum
772 3594 950 3653 concordiam
1004 3610 1052 3659 aut
1065 3602 1178 3675 religare
1192 3616 1261 3674 quos
1273 3602 1392 3658 solvunt.
1409 3601 1543 3674 Quisquis
1553 3617 1623 3675 ergo
1637 3599 1711 3659 aliud
1722 3597 1788 3672 sapit,

151 3692 346 3765 qualiscunque
367 3690 430 3764 styli
442 3689 534 3746 ofllcio
552 3690 670 3745 breviter
688 3705 720 3746 ac
741 3688 857 3747 fideliter
876 3704 951 3746 com·
1004 3695 1149 3752 anathema
1163 3695 1207 3756 sit.
1224 3718 1237 3746 ι
1254 3696 1403 3768 Hucusque
1415 3695 1581 3767 Gregorius.

152 3783 326 3843 mandarem.
342 3786 378 3840 Et
392 3785 445 3840 boc
457 3798 488 3839 ea
503 3783 657 3839 intentione
668 3791 709 3851 ut,
722 3782 744 3840 si
760 3784 823 3856 quis
835 3782 952 3839 forsitan
1040 3793 1119 3847 Hanc
1135 3797 1228 3846 autem
1249 3789 1410 3862 synodalem
1433 3789 1584 3862 epistolam
1605 3789 1684 3847 idem
1699 3793 1789 3861 w

153 3894 187 3934 ex
212 3875 303 3934 idiotis
334 3876 396 3933 baec
421 3874 556 3948 inspicere
575 3875 704 3948 dignetur
729 3882 807 3933 tanto
833 3875 953 3932 vivacius
1007 3884 1075 3940 licus
1092 3883 1185 3941 statim
1204 3890 1265 3957 post
1283 3883 1483 3940 ordinationem
1495 3898 1578 3940 suam
1596 3881 1789 3958 composuitet

153 3974 188 4031 ad
224 3971 411 4030 obediendum
444 3970 602 4044 apostolicis
641 3970 773 4027 institutis
801 3971 952 4043 resipiscat,
1007 3977 1119 4050 reliquis
1147 3975 1324 4050 patriarchis,
1356 3977 1456 4050 quippe
1482 3977 1789 4051 comnntinopobeuo,

154 4075 257 4139 quanto
271 4064 421 4123 evidentius
435 4064 530 4122 videat
543 4064 603 4121 baec
616 4062 715 4121 eadem
726 4063 880 4122 nullatenus
889 4081 905 4121 a
914 4080 954 4123 sa·
1009 4071 1203 4138 Alexandrino,
1228 4053 1413 4139 Antiocheno,
1437 4072 1699 4144 Hierosolymitano
1714 4078 1789 4127 trans

155 4160 313 4218 eratissimis
335 4157 486 4216 canonibus
506 4158 625 4227 deviare,
646 4158 695 4216 sed
716 4173 782 4216 cum
805 4157 907 4217 eisdem
922 4175 962 4217 ex,
1007 4167 1094 4225 miste
1108 4165 1284 4224 eomuetudo
1297 4166 1373 4224 enim
1396 4172 1501 4223 stateo
1524 4173 1664 4240 tempore,
1677 4160 1793 4235 arquili-

156 4255 216 4326 ipsa
230 4269 307 4310 sacra
320 4253 462 4326 Scriptura
480 4253 651 4326 processisse·
1007 4261 1054 4319 bet
1070 4261 1101 4319 io
1120 4261 1206 4333 aliqua
1230 4258 1452 4333 patriarchalium
1471 4259 1585 4317 sedium
1607 4259 1710 4318 noviter
1729 4254 1793 4313 ordi·

192 4349 265 4406 Car.
291 4350 314 4405 1.
340 4349 373 4405 ln
395 4347 490 4420 primis
508 4346 591 4420 igitur
614 4345 780 4405 decretalem
810 4347 953 4422 epistolam
1007 4364 1099 4423 natus,
1120 4370 1149 4412 se
1169 4353 1313 4428 pradictus
1334 4368 1368 4412 ιν
1391 4352 1513 4428 synodos
1534 4353 1682 4413 custodire
1698 4348 1795 4424 reliquie

156 4441 245 4500 nostri
258 4440 402 4514 apostolici
416 4439 572 4499 describere
583 4441 672 4513 juvat,
686 4449 718 4499 ut
736 4449 815 4501 taum
834 4441 953 4515 apertius
1008 4447 1117 4505 sedibus
1136 4448 1299 4507 transmissa
1320 4448 1433 4520 epistola
1452 4446 1646 4520 profiteretur,
1667 4454 1796 4518 authm

157 4535 299 4623 sequentia!
316 4536 469 4594 elucescere
482 4535 601 4593 valeam.
972 4503 1112 4599 cnomen
1133 4542 1193 4615 eius
1212 4541 1285 4615 apud
1311 4541 1428 4614 reliquas
1446 4539 1528 4599 sedes
1549 4542 1581 4598 in
1602 4539 1740 4616 diptydin
1756 4535 1795 4594 dr

198 4629 569 4702 «Gmoonrusepiscopus,
582 4644 829 4689 servasservorum
839 4629 901 4701 Dei,
914 4629 957 4688 di·
1009 4635 1092 4694 scribi
1122 4644 1284 4693 mereretur.
1306 4638 1415 4693 Nomen
1438 4633 1568 4691 videlicet
1601 4630 1796 4708 praedecenotit

159 4723 229 4779 lecto
254 4722 282 4779 in
303 4722 412 4780 Christo
430 4721 508 4780 fratri
532 4726 656 4783 Oauont
677 4723 877 4783 Constantiensi
901 4725 956 4797 epi·
1009 4729 1077 4802 eJus,
1093 4729 1156 4788 licet
1170 4730 1291 4787 defuncti
1302 4729 1413 4802 reliquae
1427 4727 1504 4785 sedes
1524 4727 1796 4802 computabautiater

160 4830 255 4889 scopo,
270 4815 389 4873 salutem
402 4824 431 4873 et
444 4817 623 4889 apostolicam
637 4816 865 4876 benedictionem.
1011 4823 1143 4894 viventes,
1163 4824 1251 4880 donec
1270 4823 1356 4895 ipsius
1370 4821 1479 4879 noviter
1491 4820 1679 4881 inthronizati
1691 4817 1798 4897 pruciis

199 4933 212 4958 v
234 4911 363 4967 instantia
376 4909 537 4968 nuntiorum
550 4919 682 4981 tuorum,
694 4935 708 4963 ι
720 4920 771 4970 etc.
787 4914 901 4985 Reliqua
912 4929 958 4971 ec·
1009 4918 1169 4990 synodicam
1180 4917 1332 4992 reciperent
1346 4916 1506 4988 epistolam
1520 4930 1596 4988 quaa,
1607 4918 1677 4991 qnia
1689 4913 1798 4974 sumu

164 5007 237 5060 stant
248 5005 278 5059 in
292 5005 402 5060 counito
414 5007 533 5063 llomooo
546 5008 571 5070 l,
583 5020 679 5077 supro
1011 5011 1172 5084 episcopum
1183 5019 1301 5084 matuor
1312 5008 1433 5084 synodos
1445 5010 1583 5082 recepisse
1589 5009 1746 5078 denomrit,
1757 5007 1798 5064 boe

197 5099 269 5155 Car.
285 5100 322 5154 11.
347 5098 400 5155 Sed
422 5099 582 5172 priusquam
604 5097 664 5156 baec
688 5105 789 5156 statuta
802 5098 958 5172 singulatim
1011 5103 1062 5162 sibi
1081 5120 1194 5174 nomen,
1219 5103 1246 5161 id
1268 5112 1319 5172 est,
1339 5101 1498 5176 synodicam
1514 5101 1550 5159 ab
1570 5103 1685 5162 eisdem
1705 5096 1799 5178 symb

162 5191 377 5260 consideremus,
390 5190 524 5264 quiddam
531 5192 568 5250 de
577 5192 700 5267 ipsorum
711 5208 852 5250 canonum
864 5201 958 5250 aucto-
1012 5213 1070 5256 non
1084 5197 1232 5271 incongrue
1256 5197 1365 5254 videtur
1378 5205 1528 5253 mutuasse.

160 5286 244 5345 ritate
256 5301 313 5344 non
325 5285 534 5345 incommodum
548 5287 656 5346 mame
671 5287 824 5361 praetibare,
839 5295 871 5345 ut
883 5295 960 5346 tanto
1047 5293 1126 5349 Hanc
1139 5298 1231 5347 autem
1250 5290 1477 5349 comuetudinem
1489 5288 1563 5348 illius
1578 5292 1719 5366 tempor-‘a
1730 5289 1799 5350 (Β

162 5379 270 5437 firmius
291 5388 417 5439 coeatur
441 5380 558 5455 quiquid
581 5396 615 5439 er
637 5382 677 5439 eis
699 5381 734 5439 ad
756 5382 960 5441 observandum
1011 5383 1086 5441 idem
1112 5384 1303 5443 sanctissimus
1326 5400 1394 5459 papa
1407 5391 1526 5440 testatur
1539 5387 1569 5440 ln
1583 5383 1799 5458 epistolaadsr·

162 5472 243 5530 nobis
277 5472 466 5533 denuntiatur.
492 5475 689 5535 sanctissimus
710 5492 778 5551 papa
811 5477 961 5552 Gregorius
1013 5476 1165 5537 cundinum
1176 5494 1287 5536 servum
1300 5478 1352 5536 Dei
1367 5477 1504 5536 inclusum
1520 5477 1588 5551 (lib.
1610 5494 1679 5552 vu,
1692 5496 1733 5554 sp.
1748 5478 1800 5542 sos

160 5566 259 5636 (libr,
280 5583 321 5638 ep.
335 5573 380 5633 24,
394 5583 478 5643 quem
492 5577 588 5628 noster
604 5572 775 5646 apostolicus
791 5573 916 5642 nomine,
931 5578 960 5630 et
1013 5588 1099 5646 quam
1118 5582 1148 5630 ct
1166 5589 1254 5647 usqua
1277 5571 1313 5630 ad
1332 5581 1459 5646 tempora
1479 5570 1555 5630 beati
1578 5588 1664 5648 pepo
1688 5567 1800 5635 Adrisit

161 5660 270 5718 actione
283 5661 387 5720 nostris
400 5672 580 5736 representat
593 5667 630 5735 [c
655 5710 661 5725 .
685 5670 720 5725 ll.
736 5668 959 5740 representavit]
1013 5668 1113 5741 quippe
1124 5666 1159 5726 ad
1172 5667 1302 5726 Carolum
1314 5681 1417 5741 regam,
1440 5663 1608 5738 pmdurasse
1622 5669 1744 5727 domae·
1753 5667 1800 5722 ft*

162 5753 345 5829 temporibus,
371 5755 402 5812 in
415 5771 465 5813 sua
485 5758 624 5832 synodica,
648 5758 743 5831 idest,
758 5760 883 5834 synodali
901 5760 958 5837 epi·
1012 5777 1103 5821 manae
1116 5763 1248 5821 Ecclesia
1261 5761 1394 5820 dbconm
1412 5759 1522 5834 asserit,
1537 5761 1588 5836 qui
1603 5762 1695 5822 vitam
1704 5764 1732 5822 S.
1744 5759 1801 5819 lite·

159 5849 240 5921 stola,
262 5848 436 5913 sauctimima
454 5861 573 5931 quatuor
596 5852 714 5912 concilia
740 5852 869 5924 ‚cofirmat
895 5856 958 5918 ita:
1013 5850 1800 5934 gorii,erpraeeptos.tosnnispupae,odeltoerdrrrris‡
