3884 6158
72 240 121 294 rea
468 239 730 301 eamuaouauo.
752 269 785 282 —
805 243 975 303 aroucam
993 245 1061 302 eso
1081 247 1254 304 annoanlo
1272 250 1327 306 ua
1405 220 1406 225 '
1669 255 1719 310 na

68 380 170 433 maprm
183 378 243 418 cam
259 366 435 431 smtlrualebne
447 371 547 437 sepem
566 382 652 422 meaos
671 368 910 439 scripturaruum
959 371 1031 441 Quid
1050 370 1141 429 dicam
1162 372 1197 429 de
1220 376 1375 429 Parsianali
1396 374 1518 444 Lutheri,
1534 375 1607 448 quod
1621 385 1718 443 exstat,

63 458 171 528 plenus,
188 457 316 528 plumbeo
329 459 420 527 srqillo
440 462 560 529 siqnatos
583 461 621 515 ad
635 461 803 518 calamonem
827 465 870 519 illi
922 472 992 521 tom.
1018 467 1030 520 l
1056 480 1190 522 novarum
1214 482 1329 538 operum
1350 469 1484 525 German.
1510 469 1633 538 Lutheri,
1657 485 1719 543 quas

64 553 252 622 propinquum
274 553 358 607 lomna
377 555 582 618 comederint,
605 556 758 611 occultandi
776 572 867 612 consa
922 555 1069 615 Auriiaber
1089 558 1217 631 collegit?
1237 560 1368 634 Ejusdem
1388 561 1481 619 iariuae
1496 571 1538 620 est
1553 566 1646 621 Passio
1670 565 1719 619 illu

68 646 144 714 Quoad
169 662 228 702 crem
252 647 353 713 famuli
367 649 507 718 prepositi
526 649 703 712 aldintonam
725 650 761 704 ab
779 665 868 706 mrum
922 652 1031 715 Christi,
1043 652 1088 708 ubi
1105 651 1241 722 Pontifex,
1253 654 1415 725 cardinales,
1430 656 1562 729 episcopi,
1587 657 1717 714 monachi

67 741 194 796 matribus
219 742 280 796 illos
302 741 484 810 adsedissent,
502 742 540 797 ad
557 745 747 812 imperatorem
768 744 867 798 attule-
921 743 1045 817 Caiphae,
1069 748 1167 814 Annae,
1189 746 1278 811 Pilati,
1304 747 1433 817 Herodis,
1446 748 1573 806 lictorum
1587 758 1615 806 et
1634 750 1718 806 carni-

66 838 140 887 runl.
164 834 268 901 Quibm
284 837 396 905 operib,
414 838 553 890 inuentum
570 837 636 891 duos
660 837 744 892 libros
759 852 827 892 auro
842 842 868 893 et
920 835 1005 894 licum
1016 837 1259 910 Christiiperscuas
1271 849 1381 912 gerunt.

66 932 182 997 mocrito
212 929 314 995 deseris
341 929 487 984 bracteatas
512 933 539 984 et
563 932 647 985 serico
672 934 762 994 nens,
792 933 867 986 intres
956 936 1037 987 Anno
1059 936 1127 988 tbtt
1148 932 1285 1005 evulgavit
1304 933 1406 1006 impius
1429 936 1585 993 Pareaelsus
1605 936 1717 1009 triginta

66 1037 130 1077 uero
142 1022 240 1077 litteris
249 1022 329 1077 calm
334 1023 458 1093 pulchris
472 1028 498 1078 et
507 1026 611 1079 ornatis
624 1024 787 1094 descriptam
798 1040 866 1095 qno·
920 1022 1051 1096 imagines
1060 1023 1204 1082 dedecoris
1214 1034 1242 1081 et
1251 1026 1345 1098 probri
1356 1027 1386 1083 in
1397 1028 1552 1100 pontificem
1557 1033 1718 1087 Romanum
1819 1076 1828 1103 ,

66 1131 128 1169 rum
142 1116 214 1170 alter
227 1116 381 1172 matinebat
399 1121 499 1187 septem
512 1119 630 1174 actiones
644 1118 866 1187 romuleaeque
920 1117 1103 1189 plenissimas.
1127 1122 1244 1175 Exstant
1266 1120 1296 1176 in
1318 1119 1476 1192 Appendice
1499 1122 1533 1179 ad
1560 1130 1669 1180 tomum
1687 1125 1717 1180 X

66 1225 207 1279 nimquam
219 1212 379 1265 eashtmmt
398 1225 446 1266 nec
465 1215 533 1265 actae
546 1215 619 1273 sora,
641 1211 771 1267 adamans
784 1215 865 1281 lpaa-
918 1211 1040 1282 0pcrum
1049 1213 1197 1270 Paracelsi.
1210 1215 1334 1286 Quarum
1343 1228 1378 1270 ne
1390 1214 1450 1286 ipse
1460 1223 1556 1271 auctor
1565 1214 1716 1286 rideretur,

66 1303 153 1367 liam
166 1304 328 1358 sedtuntam
337 1303 467 1358 diobolae
477 1305 587 1359 cortsilio
595 1304 704 1370 frustra
714 1310 777 1359 surrt
785 1320 865 1359 eaeo-
917 1314 1162 1375 commentorem,
1182 1323 1210 1364 se
1242 1322 1289 1364 eas
1309 1308 1402 1364 nescio
1425 1308 1526 1380 quibus
1546 1308 1719 1379 iu²antiquie

64 1397 170 1464 qitutm
184 1401 211 1451 et
224 1397 397 1466 remunerem
406 1399 541 1452 omimium
552 1398 617 1464 baa,
633 1413 693 1468 quae
704 1403 863 1467 sequnntur,
917 1398 1106 1455 monumentis
1126 1400 1167 1457 vel
1188 1400 1338 1472 parietibus
1350 1400 1493 1470 invenisse,
1508 1416 1577 1473 quas
1591 1400 1645 1458 hoc
1657 1401 1717 1472 ipso

65 1490 144 1544 mitio
167 1490 276 1560 depicta
298 1490 476 1554 habebantur,
497 1507 577 1561 opera
590 1491 722 1554 videlieet,
742 1493 865 1560 spraea-
916 1506 989 1548 anuo
1006 1498 1074 1549 1608
1091 1491 1225 1550 fanaticus
1239 1493 1353 1566 quidam
1363 1495 1625 1551 smmriusioannes
1640 1493 1718 1551 Rud-

64 1584 124 1638 sam'
138 1584 217 1638 rlli'ias
238 1584 363 1653 Greqorii
383 1577 775 1654 neminemneminer
793 1587 866 1640 erim
917 1582 992 1641 rsuii
1015 1586 1045 1641 in
1075 1587 1264 1644 commentitio
1293 1587 1340 1643 illo
1372 1603 1423 1644 suo
1451 1585 1488 1644 de
1516 1594 1624 1644 cometa
1654 1586 1719 1644 anni

66 1676 208 1731 boanaille
222 1678 663 1750 neperqmulporlnapntapro
677 1679 865 1733 mansuaria
919 1677 1067 1751 superioris
1086 1681 1286 1738 commentaria
1302 1685 1396 1754 (quem
1405 1680 1469 1752 jure
1489 1679 1717 1737 omnisstultitiae
1831 1746 1839 1759 ¹

63 1784 176 1824 suomm
194 1771 338 1825 maloram.
352 1774 393 1825 nt
408 1772 530 1843 depictus
549 1772 591 1826 ibi
603 1776 660 1827 erat
673 1773 807 1841 lqaatius.
880 1756 947 1827 Bet
971 1772 1087 1830 vesania
1106 1773 1327 1847 promptuarium
1354 1773 1540 1846 appellareris)
1563 1788 1658 1830 rursus
1686 1773 1716 1829 in

98 1866 130 1919 ln
146 1866 245 1935 pmma
259 1863 368 1934 quidem
388 1867 491 1920 actione
504 1867 642 1935 lpnatiurn
664 1865 798 1936 depinait,
819 1868 868 1935 qni
919 1866 1008 1922 lucem
1018 1867 1158 1938 protuluit,
1170 1876 1199 1925 et
1214 1866 1365 1925 vanissimis
1377 1867 1536 1940 exegesibus
1547 1866 1716 1924 illustratum

63 1958 223 2027 habebatur
243 1962 269 2012 et
286 1957 443 2028 vapulabat.
459 1959 550 2028 Supra
563 1974 624 2014 uero
635 1958 710 2015 illiue
728 1963 808 2029 capnt
825 1962 865 2013 ita
919 1958 1021 2016 scilicet
1035 1960 1093 2017 ivit.

62 2054 172 2123 erepsit
195 2069 205 2105 :
230 2052 428 2109 DlABOLUS.
454 2054 513 2109 lion
536 2052 669 2107 bermuti
695 2052 865 2123 blasphemia
954 2053 1059 2110 Retulit
1088 2054 1197 2112 easdem
1229 2070 1294 2121 cum
1319 2053 1452 2112 Parccehi
1480 2050 1714 2120 adnotationibus,

63 2149 223 2201 monem?
233 2146 266 2202 sl
279 2148 352 2201 enim
363 2150 471 2216 patrem
489 2144 613 2215 familias
632 2147 776 2204 Beelzebub
788 2162 866 2201 coca·
919 2145 1044 2218 uotisque
1063 2147 1259 2222 marginalibus
1275 2146 1534 2212 Adamiilurischii,
1556 2153 1585 2202 et
1597 2144 1728 2219 exegesi-2

62 2242 109 2303 rit,
128 2239 200 2310 qnid
219 2221 311 2308 faeere
327 2239 439 2295 debebat
457 2240 642 2308 familiaribus
660 2239 736 2310 eins?
756 2241 861 2312 [dietih.
919 2238 969 2296 bus
981 2241 1095 2297 loannis
1106 2240 1267 2308 Adrasderi‚
1284 2249 1365 2298 terrac
1379 2239 1438 2308 tilii,
1453 2239 1582 2313 ignobilis
1593 2236 1712 2305 manat,

60 2347 90 2399 ι,
107 2332 166 2403 25.)
917 2333 944 2389 in
960 2349 1043 2390 suum
1069 2332 1265 2391 duodecimum
1284 2333 1618 2396 Centenariumj'lcannes
1638 2333 1717 2388 Wol-

95 2429 127 2483 ln
151 2427 274 2482 secunda
295 2429 394 2482 iterarm
416 2430 519 2484 noticiae
543 2431 684 2498 lunatiom
703 2428 865 2500 depinxerat
917 2427 978 2495 ilus,
996 2426 1083 2500 quiid
1098 2428 1212 2485 unicum
1225 2425 1457 2497 curmstudioque
1478 2424 1620 2483 habuitut
1633 2422 1713 2496 quid·

60 2521 147 2590 spatis
169 2524 388 2591 comportatum,
410 2537 511 2591 maana
527 2524 557 2576 oi
577 2527 702 2590 tractum,
721 2522 797 2592 cique
819 2525 863 2576 in-
916 2519 981 2592 quid
1006 2537 1123 2593 usquam
1145 2522 1174 2578 ia
1198 2522 1353 2592 pontifices,
1376 2520 1529 2593 episcopus,
1554 2517 1715 2584 monachus,

61 2615 172 2684 scriptio
190 2614 354 2668 ulcerat:
373 2614 549 2671 Putucnrs
567 2615 725 2672 raccant.
916 2612 1213 2686 moniales,totumquo
1224 2613 1473 2671 ecclesiasticomm
1483 2620 1511 2669 et
1525 2611 1716 2685 religiosorum

93 2709 128 2762 ln
156 2709 241 2763 teriia
268 2723 331 2762 cero
359 2710 463 2763 actione
493 2710 632 2778 tenatiam
659 2714 864 2765 annumeratum
915 2713 1020 2763 statum
1043 2714 1071 2764 et
1092 2706 1218 2763 ordinem
1241 2707 1406 2780 probrosum
1431 2721 1463 2761 ac
1482 2704 1714 2762 contumeliosum
1777 2698 1780 2703 ’

60 2803 206 2871 patrarat,
219 2805 245 2856 et
261 2801 319 2870 cita
331 2802 474 2872 inaniptio
493 2802 548 2857 trac
564 2807 622 2857 erat
643 2802 788 2858 :FILIUS
801 2804 864 2858 llll·
917 2799 1028 2872 legerat,
1042 2800 1164 2857 audierat
1179 2801 1219 2856 vel
1240 2799 1276 2856 ab
1292 2799 1352 2855 aliis
1369 2807 1524 2872 acceperat,
1540 2797 1568 2854 id
1582 2798 1612 2855 in
1627 2811 1714 2856 unum

62 2893 248 2966 Qlll'flt'l’ls.
915 2890 1017 2949 fascem
1032 2901 1219 2964 comportaret
1237 2908 1270 2948 ac
1283 2891 1434 2965 colligaret,
1448 2899 1480 2948 ut
1494 2890 1595 2948 scurris
1609 2897 1636 2946 et
1649 2904 1713 2946 san-

95 2989 129 3042 ln
146 2987 361 3057 quartaitidem
379 2989 492 3057 actione,
508 2988 775 3058 maanalpmttnm
792 3005 863 3044 arta·
916 2986 1046 3044 nionibus
1058 3002 1166 3059 semper
1177 2993 1252 3043 esset
1265 2985 1292 3042 in
1311 2993 1442 3058 promptu
1456 2984 1567 3056 copiosa
1589 2981 1713 3051 materia,

63 3080 179 3136 themate
190 3084 274 3151 atque
291 3081 387 3137 eatilio
396 3081 556 3137 damnatum
568 3085 671 3153 poenit,
686 3086 712 3138 et
724 3084 863 3152 inscriptio
917 3079 1133 3153 quotiescunque
1154 3078 1275 3153 linguam
1294 3078 1336 3136 rel
1349 3076 1451 3152 stylum
1471 3077 1498 3133 in
1513 3075 1672 3149 pontiliccm
1687 3082 1715 3131 ct

64 3179 119 3230 erat
137 3195 145 3231 :
160 3174 277 3230 simon
293 3174 434 3232 MAGUS.
916 3174 985 3231 alias
997 3172 1132 3247 stringere
1147 3172 1236 3243 lubet3
1251 3170 1364 3245 quando
1377 3180 1471 3229 autem
1482 3185 1539 3227 uon
1552 3169 1645 3227 lubet?
1658 3171 1716 3225 Nec

97 3271 128 3324 la
145 3270 285 3339 principio
297 3268 395 3324 deiude
406 3272 510 3340 quinta
525 3273 639 3326 actionis
650 3272 764 3327 oincalr's
780 3273 863 3342 lqna-
916 3267 1002 3325 refert
1022 3266 1096 3339 quod
1111 3265 1281 3332 Paracelsus,
1297 3264 1414 3322 Wolfius
1433 3273 1463 3322 et
1474 3263 1554 3336 hujus
1569 3262 1661 3320 trihus
1671 3260 1715 3321 alii

65 3365 129 3416 marr
149 3361 350 3417 eircremdatum
364 3365 499 3434 pincerni
517 3369 542 3420 et
561 3367 689 3428 tinctum,
712 3365 787 3435 eujus
805 3370 864 3421 erat
916 3377 1019 3418 nomen
1042 3359 1176 3417 Jaacbimi
1201 3356 1308 3416 abbatis
1328 3364 1524 3431 prutenorum,
1545 3356 1608 3428 quia
1631 3370 1713 3412 nemo

63 3456 206 3526 inscriptio
216 3473 225 3510 τ
235 3455 453 3513 EXTOLLENS
465 3457 508 3512 Sli
514 3458 633 3515 SUPER
644 3459 750 3515 OMNE
760 3458 864 3528 QUOD
917 3455 1026 3528 ignorat
1039 3455 1105 3510 istos
1119 3453 1159 3509 sic
1171 3467 1231 3508 esse
1242 3452 1320 3508 batos
1340 3460 1368 3506 et
1386 3451 1472 3506 iactos
1489 3458 1520 3506 ut
1534 3449 1584 3505 sub
1598 3448 1714 3504 aliorum

64 3548 339 3606 necinventus
915 3546 1087 3611 nominibus,
1111 3545 1190 3618 quasi
1217 3544 1386 3613 velamentis,
1407 3558 1486 3600 suern
1511 3541 1661 3614 nequitiam
1687 3549 1716 3596 et

96 3644 127 3697 ln
145 3646 304 3698 amtorem
322 3644 425 3699 aeliane
441 3645 568 3716 depirtait
585 3647 725 3717 lanaeum
748 3647 863 3702 damna·
916 3640 1137 3715 improbitatem,
1150 3646 1283 3712 quantum
1307 3637 1366 3694 heri
1382 3644 1483 3710 potest,
1504 3634 1636 3708 aperimt
1657 3637 1716 3691 Nec

66 3734 133 3790 tiam
149 3735 300 3804 traditum
319 3737 379 3807 ejus
396 3741 436 3793 est
449 3740 591 3810 irueriptio
610 3759 618 3793 ι
634 3740 864 3797 ΑΒΟΜΙΝΑΤΙΟ
916 3734 1049 3794 dissident
1070 3732 1105 3790 ah
1119 3732 1162 3790 his
1175 3730 1306 3788 vaticinia
1325 3730 1432 3803 triginta
1446 3726 1580 3787 Jaacbimi
1599 3727 1715 3796 abbatis,

65 3827 343 3886 nnsonsmottls.
917 3838 949 3886 ut
965 3835 1045 3886 vocat
1062 3826 1191 3892 waldus,
1205 3824 1366 3883 centenaria
1383 3822 1592 3881 mendaciorum
1609 3820 1714 3879 duode-
1790 3862 1793 3867 -
1891 3878 1897 3885 ,

50 3924 56 3933 ’
98 3923 132 3976 ln
155 3925 270 3994 septim
293 3923 403 3979 modam
424 3929 449 3980 et
472 3930 594 3982 eatrerna
615 3929 719 3983 catinae
740 3929 865 3998 depinxit
916 3922 999 3991 eima,
1021 3919 1228 3978 contumeliosis
1240 3917 1418 3992 imaginibus,
1440 3915 1635 3974 hereticorum
1655 3921 1728 3972 stu·x

64 4015 201 4083 lunatam
216 4021 393 4086 prohmtitm
414 4022 444 4074 ut
458 4019 501 4073 illi
516 4023 598 4090 capnt
615 4025 820 4090 amputaretur,·
840 4024 865 4076 et
917 4013 972 4084 dio,
992 4029 1130 4086 expressa.

63 4109 205 4179 lumpero
219 4109 283 4166 talr’e
295 4116 355 4167 erat
367 4129 376 4166 :
389 4112 680 4171 nuntcfluts‘tus,
954 4107 1081 4180 Ejusdem
1095 4106 1200 4181 generis
1213 4115 1255 4163 est
1272 4103 1393 4178 eJusdem
1407 4103 1540 4161 Paracelsi
1559 4104 1714 4172 Proqnosti·

95 4206 142 4258 An
159 4217 219 4258 nan
232 4201 319 4272 udos,
334 4203 422 4261 amice
435 4204 533 4273 lector,
555 4205 720 4278 prodromos
733 4206 862 4263 sectario-
915 4204 985 4257 catio
997 4199 1107 4275 triginta
1118 4200 1224 4257 duabus
1238 4196 1563 4272 figurisscuimaginibus
1573 4205 1713 4263 constans,
1766 4249 1769 4257 ,

63 4307 122 4351 rum
141 4302 319 4365 naemcmm,
341 4296 399 4355 imo
421 4297 549 4355 doctores
575 4306 604 4354 et
629 4299 791 4373 magistros?
816 4288 862 4355 An
915 4310 999 4368 quam
1019 4311 1034 4351 a
1052 4293 1195 4356 Schramc.
1211 4292 1373 4365 predicante
1394 4291 1578 4364 Neohurgico,
1601 4305 1633 4346 ex
1648 4289 1716 4346 Ger·

61 4402 116 4444 non
130 4387 206 4445 aaut
215 4388 253 4445 illi
268 4390 335 4447 olim
346 4391 500 4464 ignatium,
512 4392 551 4448 ita
560 4391 686 4449 hodierni
697 4400 860 4461 novatorem
914 4388 1021 4444 manico
1033 4386 1061 4442 in
1070 4386 1201 4443 latinum
1211 4399 1368 4442 sermonem
1378 4385 1538 4439 manslatam
1548 4382 1622 4440 idem
1634 4381 1714 4438 Wol-

60 4481 194 4538 Eccleeies
214 4481 356 4541 catholice
379 4485 521 4557 presules,
545 4486 696 4557 prasertim
717 4501 860 4543 summum
916 4481 969 4538 tias
980 4480 1087 4538 decimo
1098 4488 1176 4538 sexto
1186 4477 1392 4536 mendaciorum
1404 4474 1641 4533 etcalumniarum
1655 4489 1715 4530 sua·

60 4574 234 4645 munemne,
259 4575 443 4650 ignominiose
468 4586 497 4634 et
526 4579 658 4646 probrose
687 4579 861 4654 depingunt?
916 4590 979 4632 rum
999 4573 1156 4633 cenmnaria
1172 4572 1298 4638 intexuit,
1318 4577 1349 4625 ut
1362 4577 1391 4625 et
1411 4569 1556 4625 antitheses
1578 4569 1680 4626 christi
1690 4571 1716 4623 et

59 4666 236 4740 Picmrisquc
247 4669 456 4740 probrosissima
475 4687 591 4745 quaeque
602 4681 752 4730 scommata
764 4673 862 4746 adJun·
915 4661 1715 4736 distrahentianescicqucsectario,SimoneRosarioma·

60 4768 140 4832 gant.
168 4759 288 4830 videsis,
315 4779 376 4832 cro,
402 4764 552 4839 imaginem
579 4765 654 4823 illam
682 4782 770 4839 papae,
800 4783 860 4839 quae
916 4759 1137 4818 lediceutissimis
1150 4756 1275 4814 versibus
1288 4756 1467 4829 compositas,
1487 4754 1587 4813 additis
1605 4752 1717 4812 nefariis

62 4851 237 4926 irontispicic
261 4854 323 4928 ejus
348 4856 427 4927 libri,
452 4858 499 4930 qui
523 4861 671 4931 apiarium
690 4859 859 4930 inscribitur,
916 4861 944 4910 ct
956 4851 1100 4926 flagitiosis
1119 4849 1272 4918 iconismis,
1284 4848 1421 4908 utodium
1437 4863 1525 4922 papae,
1539 4863 1621 4922 quem
1635 4846 1714 4904 iana-

62 4945 175 5017 azau
195 4955 249 5004 est.
272 4948 343 5007 Vide
354 4949 442 5018 illam,
457 4967 542 5025 quam
561 4952 710 5024 praeposuit
722 4954 861 5026 Spannen-
916 4945 987 5003 ticus
1010 4952 1148 5018 poetaster
1174 4958 1282 5017 semper
1303 4944 1505 5000 antichristum
1527 4948 1554 4999 et
1576 4942 1715 4998 Plutonem

61 5038 203 5112 merus,
232 5040 387 5114 pradinas
418 5044 593 5102 Lutheranue
621 5044 728 5102 famoso
757 5045 860 5115 itherio,
916 5038 1065 5112 appellitat,
1089 5053 1138 5110 per
1151 5036 1225 5109 ipsos
1240 5036 1335 5094 oculos
1357 5034 1522 5109 profundius
1535 5034 1714 5092 inlectarum

62 5132 297 5192 cuititulumiccit
307 5155 315 5191 ι
327 5136 421 5194 Wider
432 5137 477 5193 die
488 5139 566 5195 boam
577 5141 716 5196 Sitteains
733 5140 860 5209 Teuffels·
915 5141 944 5189 et
960 5140 1145 5206 spectatorum
1160 5137 1268 5188 mentes
1281 5128 1433 5188 delabetur.
1453 5129 1515 5200 Quo
1533 5128 1714 5200 etiam'pcrti·

63 5226 304 5299 Kchnmffelspiltl.
314 5230 387 5285 item
397 5228 484 5298 illam,
496 5231 712 5304 quaespparetin
726 5231 861 5289 vestibulo
915 5233 962 5282 net
976 5226 1083 5297 gemina
1098 5223 1202 5297 effigies
1220 5223 1285 5280 tutti
1301 5225 1326 5279 ll
1341 5223 1495 5296 pontilicis,
1513 5238 1584 5280 anno
1605 5225 1674 5278 ¹512
1689 5227 1717 5276 et

62 5317 194 5387 bbri,cui
210 5323 384 5391 comendae
400 5323 593 5398 Wolffqesanq.
611 5327 642 5380 ln
657 5324 742 5382 tomis
757 5325 862 5381 Latinis
917 5324 998 5388 ¹513,
1019 5327 1047 5375 et
1066 5316 1167 5390 duplex
1191 5318 1346 5390 illaquam
1369 5315 1489 5374 Woltius
1510 5314 1624 5372 exhibet
1642 5309 1730 5373 anuo*

62 5419 89 5467 ct
109 5412 419 5474 Germanicis'lutheri
443 5415 565 5475 invenies
577 5420 759 5490 Papasellnm,
782 5434 860 5476 eom·
916 5411 1018 5469 Christi
1034 5418 1114 5477 1580,
1128 5410 1272 5475 nimirum.
1286 5410 1315 5466 in
1325 5409 1434 5467 decimo
1448 5416 1527 5466 sexto
1537 5407 1716 5480 impudentiae

63 5506 204 5563 menradi:
222 5507 345 5583 Philippi
363 5497 543 5578 illustratum,
555 5527 639 5585 quam
654 5513 776 5586 myrteus
796 5528 860 5586 1²¹⁰·
917 5503 1053 5561 haereticae
1068 5503 1235 5574 centenario,
1249 5511 1395 5574 utramque
1415 5502 1519 5560 eiiinxit
1531 5501 1661 5569 Woltius,
1682 5518 1716 5558 ex

62 5598 224 5672 metiens
236 5608 266 5659 ct
277 5600 413 5662 uiduitate
429 5619 479 5662 sua
495 5619 560 5662 cum
574 5605 633 5673 itta,
645 5603 738 5664 denuo
751 5621 860 5679 separa.
915 5597 1035 5670 epistolis
1051 5599 1142 5668 Bazae,
1155 5596 1234 5654 testis
1250 5596 1304 5655 lide
1318 5595 1481 5671 dignissimi,
1494 5595 1597 5653 scilicet
1612 5595 1671 5667 qui,
1686 5601 1716 5649 ut

63 5691 111 5750 t'm
140 5692 337 5768 crmgcudum,
371 5705 402 5755 et
433 5698 513 5756 noris
545 5697 654 5772 glossis,
691 5699 733 5757 rel
769 5699 860 5773 potius
915 5706 1027 5748 omnem
1046 5691 1230 5764 suspicionem
1242 5688 1304 5746 ucri
1314 5690 1455 5763 plasmatis
1471 5688 1581 5758 devitet,
1600 5686 1714 5757 unuqui-

63 5786 208 5847 atomum
220 5797 250 5848 et
269 5786 625 5850 medicibillustrandum
644 5794 763 5852 censuit.
915 5802 1000 5852 tatem
1022 5792 1241 5851 comminiscitur
1262 5807 1326 5866 quae
1348 5791 1440 5848 tarsen
1462 5797 1571 5847 atatem
1591 5794 1715 5846 nostram
