3870 6164
151 252 199 307 ttt
487 246 523 303 Se
536 245 698 317 sausoith
716 247 761 302 Vll
780 247 878 303 PAPAE
896 243 1034 305 opsubll
1052 240 1138 299 altas
1157 240 1179 297 1.
1199 264 1237 282 -ο
1254 238 1456 297 hudtsattttll.
1748 240 1803 293 stt

149 380 223 431 stunt
242 387 302 429 esse
314 387 397 445 super
412 370 532 444 quodam
546 370 664 437 nefario,
679 387 764 444 quem
780 386 831 427 nos
849 385 883 427 ex
902 384 950 425 ore
963 374 991 437 Α
1005 366 1174 440 acquiescere
1196 373 1224 421 et
1235 364 1347 421 sinceris
1361 362 1545 419 intellectibus
1563 360 1628 418 fidei
1645 360 1805 418 wnsentirc

149 482 200 524 suo
221 466 375 523 convictum
394 463 552 520 haereticum
571 464 805 534 adjudicavimus,
824 461 900 537 quod
923 462 946 519 is
999 460 1127 527 noluerit,
1146 474 1181 516 ne
1193 457 1283 516 rabies
1306 457 1380 514 illios
1404 456 1515 530 ignaros
1533 455 1629 524 latero,
1648 461 1679 511 et
1699 454 1741 512 sic
1760 454 1804 511 in·

150 559 186 616 ob
207 557 276 614 hanc
296 556 463 629 impietatem
477 555 513 612 de
531 557 662 614 Armenia
683 556 814 629 expulsus
835 571 945 629 gravem
999 562 1094 613 cautos
1108 553 1196 611 valeat
1210 552 1324 620 laedere,
1336 551 1470 624 jubemus
1489 557 1520 606 ut
1534 564 1599 607 eum
1617 546 1703 606 iacias
1716 546 1798 620 perd·

150 660 244 708 contra
267 650 428 706 Armeniam
445 649 570 724 ejusdem
593 651 706 708 haeresis
725 651 817 724 gignat
838 649 946 706 Latinae
997 648 1049 706 dias
1069 655 1137 704 nota
1160 647 1189 703 in
1210 653 1305 718 aperto
1328 645 1444 719 signari,
1466 659 1498 701 ac
1511 641 1613 700 deinde
1632 657 1669 699 et
1682 649 1745 698 toto
1758 656 1804 699 ar·

150 744 305 818 apostolicae
321 742 515 816 catholiceque
527 744 658 800 Ecclesiae
670 744 867 817 suspicionem,
888 742 946 799 imo
997 739 1205 813 chlepiscopatu
1226 746 1276 796 tuo
1296 739 1389 810 ipsum
1409 737 1566 809 expulsum,
1589 735 1724 794 haeresim
1745 735 1804 810 ajars

149 830 360 911 r'erojudicium.
373 837 456 895 Unde
468 853 520 893 nos
529 837 601 893 illius
613 837 737 894 ecclesiae
748 836 945 894 Armeniorum
999 834 1107 892 cunctis
1124 831 1281 906 detegendo
1294 830 1408 904 ubique,
1421 837 1557 904 quantum
1570 838 1667 903 potes,
1686 837 1722 886 ut
1734 844 1801 902 apo·

147 930 248 989 scilicet
258 930 342 987 fidem
356 930 437 997 (sicut
449 945 483 986 ex
501 929 584 1001 huius
593 930 684 986 verbis
695 928 854 999 didicimus)
866 945 946 986 com·
997 936 1100 986 emtam
1118 936 1146 984 et
1158 927 1322 984 Christianae
1335 925 1447 983 unitatis
1460 924 1603 982 inimicum
1614 939 1675 982 non
1688 922 1803 981 desinas
1827 961 1837 977 .

149 1023 306 1097 probantes,
321 1022 459 1079 dilectioni
479 1030 535 1079 tuae
547 1022 686 1079 monendo
706 1023 895 1095 praecipimus,
916 1029 947 1078 ut
999 1021 1136 1096 persequi.
1149 1023 1191 1079 Ut
1202 1028 1296 1077 autem
1314 1034 1379 1077 eum
1392 1019 1525 1089 invenire,
1539 1026 1739 1091 repertumque
1760 1015 1837 1073 ci·-

149 1116 294 1189 praetatum
308 1115 481 1183 haereticum,
496 1115 544 1188 qui
560 1131 659 1172 manus
678 1125 799 1185 nostras,
810 1116 945 1189 judicium
998 1115 1052 1172 tius
1066 1114 1154 1188 possis
1170 1129 1327 1187 agnoscere,
1341 1127 1442 1170 nomen
1456 1111 1542 1184 ipsius
1553 1110 1718 1168 llacbsrnm
1736 1113 1837 1179 [atc-

148 1226 207 1268 suae
225 1208 346 1282 perlldiae
365 1207 531 1276 formidans,
549 1207 677 1282 suffugit,
692 1209 836 1283 diligenter
849 1209 945 1283 exqui-
999 1211 1128 1277 charmel,
1144 1208 1230 1265 etloci
1244 1208 1271 1264 iu
1283 1223 1339 1279 quo
1352 1213 1478 1262 morahtr
1488 1204 1673 1279 Frigentiutn,
1687 1203 1837 1276 subjun-

148 1318 206 1373 ras‚
224 1311 252 1360 et
265 1302 381 1358 solerter
400 1302 547 1360 examines.
564 1303 593 1360 si
611 1303 693 1376 igitur
706 1304 783 1360 illum
802 1305 946 1377 resipuisse
998 1303 1096 1375 gimus.
1112 1303 1172 1358 Hoc
1186 1300 1270 1359 etiam
1287 1300 1339 1357 tibi
1360 1297 1536 1373 praecipimus
1551 1305 1583 1354 ut
1601 1297 1721 1372 junctus
1740 1296 1837 1354 reli·-

72 1384 83 1399 ‘
148 1403 177 1453 et
193 1395 228 1453 ad
247 1395 410 1452 catholicam
432 1395 515 1452 tidem
537 1396 651 1454 rediisse
675 1397 863 1470 intelligentiae
888 1406 944 1456 tuas
998 1396 1076 1470 gioso
1096 1395 1189 1452 abbati
1212 1394 1316 1451 montis
1335 1392 1442 1450 Cossini
1455 1393 1616 1465 cunctisque
1630 1391 1694 1463 ,tuis
1709 1390 1837 1464 coqui·-

149 1489 318 1562 oonstitcrit,
328 1504 394 1546 sane
408 1488 537 1546 edoctum
550 1497 578 1546 et
591 1490 785 1548 confirmatum
801 1507 833 1549 ac
846 1492 875 1548 in
890 1492 946 1549 nul·
999 1489 1087 1562 scopis
1104 1487 1216 1561 [praefati
1243 1487 1366 1544 haretici
1387 1502 1501 1544 causam
1519 1485 1671 1552 discutias,
1697 1484 1837 1542 dim-

150 1583 287 1640 tolosum
304 1581 429 1639 dimittas
442 1583 621 1641 incolumem.
641 1583 668 1640 Si
686 1600 750 1641 vero
765 1584 889 1641 nondum
909 1583 944 1642 ad
999 1597 1114 1655 samque
1138 1581 1262 1638 definias.
1285 1585 1403 1652 insuper
1424 1580 1546 1649 semum,
1572 1578 1649 1653 quod
1672 1594 1730 1636 nos
1756 1578 1837 1637 sit?

148 1677 246 1734 matris
258 1676 388 1733 Ecclesiae
397 1677 535 1749 gremium
545 1685 573 1734 et
583 1685 685 1734 rectam
700 1676 785 1735 iidem
800 1677 834 1736 de
849 1677 891 1735 sui
905 1695 946 1736 er·
999 1685 1108 1750 portare
1121 1675 1347 1745 contradiximus,
1363 1673 1478 1731 ulterius
1492 1673 1564 1730 terre
1577 1672 1756 1742 interdicito,
1769 1688 1837 1731 ne·

147 1770 218 1827 roris
233 1771 362 1842 gravitate
382 1785 531 1827 conversus
545 1770 638 1840 tuerit,
658 1771 694 1828 ad
717 1787 791 1829 sanae
811 1768 983 1832 doctrinatB
1000 1771 1052 1828 hac
1073 1768 1210 1844 hypocrisi
1238 1769 1360 1826 incautas
1387 1776 1494 1825 mentes
1522 1766 1642 1839 amplius
1669 1766 1837 1840 decipiat.

146 1863 289 1920 consilium
309 1878 357 1936 per
381 1864 551 1937 poenitentiae
569 1865 710 1922 tramitem
733 1881 797 1921 eum
816 1866 947 1924 reducere
1001 1864 1150 1921 Pecuniam
1164 1878 1241 1932 vero,
1263 1877 1348 1935 quam
1368 1869 1446 1919 mata
1458 1859 1555 1918 fraude
1570 1859 1737 1933 acquisivit,
1758 1876 1837 1917 no-

147 1957 351 2014 commonendo
365 1973 506 2030 procures.
518 1958 599 2028 Quod
613 1959 636 2015 si
651 1959 723 2015 reris
735 1959 889 2016 rationibus
902 1975 946 2016 sa·
1000 1967 1058 2015 stro
1081 1965 1220 2030 praecepto
1241 1956 1292 2014 sibi
1316 1955 1425 2014 auferas
1453 1953 1681 2029 pauperibusque
1712 1952 1796 2011 distri

146 2049 304 2106 laberrimis
318 2051 430 2107 monitis
453 2051 507 2107 tuis
530 2051 666 2109 diabolico
688 2052 787 2124 spiritu
805 2053 947 2110 induratus
1000 2051 1078 2109 buas.

147 2169 1795 2199 —-----—-—.---....-......-....-.--.-----.

563 2260 741 2359 LIBER
776 2267 1047 2363 OCTAVUS
1081 2266 1386 2360 REGISTRI.

151 2408 238 2470 Anao
268 2411 433 2472 Dominicrc
467 2413 690 2475 incarnationis
722 2414 883 2474 millesimo
915 2417 1133 2494 oduopestmo,
1167 2411 1365 2494 pontificatus
1405 2428 1473 2472 vero
1510 2409 1630 2471 domini
1663 2407 1808 2489 Gregorii

705 2511 786 2555 auno
804 2499 940 2574 septimo,
956 2496 1121 2557 indictione
1135 2499 1235 2555 tertio.

383 2619 558 2675 EPISTOLA
582 2619 711 2675 PlllrllA.
1000 2627 1074 2675 ctum
1087 2618 1222 2686 chrisma,
1233 2615 1281 2673 scd
1294 2631 1328 2672 ex
1341 2616 1442 2688 butyro
1453 2612 1633 2682 scructator
1645 2614 1725 2689 quod
1733 2615 1800 2673 Dio-

249 2730 291 2773 tn
309 2731 533 2776 svuusnsrvssss
557 2734 842 2778 sncnrsprscopqn.
1000 2728 1111 2770 ecorum
1134 2709 1350 2768 Alexandrinum
1370 2708 1599 2776 haeresiarcham,
1614 2709 1652 2765 ob
1675 2708 1797 2782 perfidis

146 2811 223 2867 Dolet
237 2811 309 2881 quod
325 2812 446 2867 audierit
460 2814 641 2869 Armenomm
654 2816 821 2870 ecclestcma
838 2816 946 2870 rectilis
1000 2822 1057 2864 suae
1073 2804 1204 2862 duritiam
1221 2804 1250 2860 in
1264 2802 1382 2860 concilio
1406 2801 1623 2859 chalcedonensi
1640 2802 1798 2876 depositum

183 2881 246 2937 ‘lint
267 2883 403 2937 wlhllt'lffl
422 2884 487 2952 fidei
504 2887 534 2939 io
548 2885 708 2954 quibusdum
722 2886 851 2940 deuc'osse.
869 2887 946 2953 Quod
999 2905 1081 2972 atque
1101 2898 1274 2963 damnatum,
1295 2904 1440 2953 veneretur
1458 2903 1486 2951 et
1498 2894 1646 2967 approbet.
1662 2898 1735 2954 llaec
1751 2912 1800 2953 su·

182 2954 946 3098 certassemusitatissimam
961 3033 983 3096 ρ
1353 2989 1545 3063 »οω
1559 2989 1668 3061 ωοο
1743 3004 1800 3048 οο

182 3096 288 3150 litteras
308 3100 456 3152 stauratius
472 3100 532 3152 uolt
548 3100 714 3167 significari,
734 3103 759 3152 et
773 3114 809 3151 on
829 3103 946 3168 quotuor
1001 3101 1096 3142 ⁰⁰¹³m
1116 3085 1195 3141 ¹¹⁰bi⁸
1218 3084 1370 3157 flebam>
1396 3090 1490 3138 tamen
1505 3098 1536 3138 ⁰¹
1559 3081 1735 3140 mmm
1752 3078 1812 3142 Μ’

181 3168 293 3221 emila
311 3169 448 3236 emmila
471 3171 592 3239 ’'etlpfal·
609 3171 699 3224 M⁰nel
719 3173 750 3223 ut
764 3169 855 3223 credot
875 3171 946 3239 qood
998 3180 1067 3238 scire
1084 3179 1190 3235 firmius
1203 3177 1355 3249 cupientes,
1374 3177 1502 3234 volumus
1524 3184 1556 3232 ut
1567 3191 1615 3249 per
1628 3175 1708 3234 bunc
1719 3192 1798 3235 mam·

182 3238 319 3364 {mirmah
330 3240 651 3381 θὲθέἶὲεἱξΰῇἲῖἶὲνᾝ
661 3240 829 3369 &mama
841 3244 945 3366 zm]
997 3273 1062 3328 dem
1080 3275 1217 3328 loannem
1238 3271 1439 3343 presbiterum,
1454 3269 1529 3326 etde
1547 3269 1608 3326 istis
1625 3269 1712 3326 rebus
1732 3269 1798 3343 qnid

181 3382 243 3435 oties
259 3382 403 3451 significat,
426 3383 524 3452 quibas
536 3385 618 3437 etiam
638 3385 760 3452 qrqoiorc
773 3382 879 3452 injussa
896 3387 945 3440 ηρ.
997 3365 1109 3434 sentias,
1124 3374 1151 3421 et
1164 3365 1199 3422 de
1215 3364 1324 3422 caeteris
1337 3363 1426 3420 sicubi
1444 3362 1566 3432 haesitas,
1583 3363 1619 3420 ad
1632 3379 1685 3420 nos
1697 3379 1798 3436 prous-

181 3466 291 3506 monam
302 3454 446 3508 Ecclesiam
460 3456 489 3508 to
502 3455 548 3509 ltoc
556 3452 833 3524 persequuotoroihit
843 3457 945 3521 socien-
997 3474 1042 3516 res
1054 3475 1118 3515 cum
1129 3457 1218 3532 sigillo
1226 3466 1275 3514 tuo
1286 3456 1447 3525 rescribere,
1457 3472 1490 3512 ac
1501 3455 1632 3528 deinceps
1640 3456 1799 3514 dilectionis

181 3528 257 3647 mn
273 3539 386 3593 mmmm
400 3528 491 3627 mmm}
504 3527 668 3609 smmum
679 3542 727 3607 ⁷3⁶⁰
737 3527 873 3610 ffflbffl
897 3541 945 3582 ⁷²⁰⁶
995 3550 1054 3610 'tuae
1069 3552 1174 3608 litteras
1192 3551 1227 3609 ad
1244 3550 1424 3625 apostolicam
1439 3549 1534 3606 sedem
1556 3549 1718 3622 frequenter
1730 3549 1799 3607 diri·

223 3599 330 3663 uperot.
353 3597 480 3650 Hortatur
509 3601 538 3651 ut
552 3601 667 3652 extrema
676 3597 778 3666 pudens
796 3597 868 3652 daem
885 3612 945 3669 prta

182 3666 264 3719 ,cup-3
283 3664 388 3728 gagga„
410 3669 544 3736 Deumque
562 3673 689 3737 precam,
712 3674 743 3723 ω
760 3684 820 3724 eum
837 3670 868 3723 g,
887 3685 944 3725 con,
996 3662 1069 3718 gere.
1085 3645 1219 3702 Volumus
1239 3644 1323 3701 etiam
1343 3643 1504 3700 charitatem
1520 3651 1598 3699 tuam
1621 3643 1723 3701 litteris
1741 3643 1800 3701 vnis

183 3735 257 3789 cordi
265 3734 386 3803 fidelium
400 3740 505 3792 audate
515 3738 657 3792 custodiat.
996 3739 1148 3812 significare
1158 3749 1251 3796 utrum
1259 3747 1376 3794 vestram
1386 3737 1499 3810 recipiat
1510 3736 1584 3811 quod
1600 3737 1725 3795 Ecclesia
1733 3736 1796 3795 uni·

147 3828 166 3875 ’ἰ
181 3827 364 3883 Gnrconrns
373 3826 777 3901 episcopus,servusservorum
784 3830 885 3900 Dei,G
888 3872 942 3888 .....
997 3833 1107 3890 versalis
1120 3832 1306 3905 amplectitur,
1319 3830 1403 3888 fldem
1417 3831 1522 3887 scilicet
1533 3838 1653 3904 quatuor
1664 3830 1796 3888 concillo·

146 3919 247 3977 dilecto
267 3919 294 3974 in
315 3918 424 3976 Christo
440 3919 514 3977 tratri
537 3920 705 3993 synnadensi
725 3922 942 3997 archiepiscopo,
995 3941 1070 3993 rtrm,
1086 3941 1176 3998 quasa
1196 3925 1298 3982 sanctis
1311 3924 1438 3981 Patribus
1452 3924 1641 3996 comprobata,
1657 3926 1797 3983 altoma-

146 4012 263 4069 salutem
279 4019 307 4067 et
320 4012 498 4084 apostolicam
517 4012 745 4070 benedictionem.
997 4019 1038 4076 nis
1051 4019 1226 4092 pontificibus
1241 4019 1383 4087 Silvestro,
1398 4019 1493 4074 Leone
1505 4017 1621 4090 aliisque
1638 4018 1794 4090 apostolica

182 4107 306 4162 Summae
318 4104 393 4162 sedis
406 4106 524 4178 specula,
538 4106 591 4175 cui,
607 4109 669 4165 Deo
683 4115 807 4178 auctore,
823 4107 885 4165 licet
897 4110 942 4167 iu·
995 4122 1062 4170 sunt
1085 4111 1248 4170 auctoritate
1275 4110 1396 4168 llrmata.
1422 4114 1496 4168 luter
1519 4126 1588 4182 quos
1613 4112 1797 4170 nibilominus

146 4198 232 4270 digni,
249 4197 435 4271 praesidemus,
457 4215 489 4255 ac
511 4199 673 4256 universalis
694 4188 942 4261 Ecctestas‘sctlici-
995 4206 1169 4263 beatissimus
1189 4204 1337 4278 Gregorius
1360 4219 1428 4277 papa
1450 4205 1548 4261 doctor
1561 4204 1689 4278 egregins
1708 4205 1796 4279 majo·

146 4292 224 4359 tudo,
240 4305 324 4365 quam
345 4290 429 4363 ipsius
442 4291 603 4365 disponente
619 4294 789 4366 providentia
812 4296 941 4368 gerimus,
995 4298 1071 4356 ribus
1087 4299 1214 4356 Ecclesiae
1228 4301 1308 4367 [sorte
1324 4298 1453 4355 molestis.
1471 4299 1574 4355 fleon.
1588 4301 1629 4354 stc
1648 4303 1676 4355 et
1691 4302 1725 4355 io
1736 4299 1794 4356 cod.

146 4385 287 4457 compellit
301 4401 352 4441 nos
372 4384 443 4442 deut
456 4385 490 4442 de
503 4386 614 4444 illorum
627 4388 673 4461 qui
686 4403 716 4444 se
732 4404 747 4444 a
763 4389 866 4446 Christi
881 4407 942 4451 cor·
955 4405 980 4468 1)
995 4395 1106 4460 distin.)
1122 4392 1320 4460 Alexandrina,
1336 4391 1527 4460 Antiocheae,
1547 4392 1679 4465 aliisque,
1695 4392 1727 4449 in
1739 4392 1797 4465 epi·

146 4494 211 4552 porc
233 4487 362 4551 separant
386 4478 541 4552 perditione
566 4480 746 4566 vehementer
770 4482 877 4553 dolere,
904 4484 942 4541 ita
995 4484 1065 4542 stola
1078 4500 1129 4542 sua
1154 4486 1230 4557 (libro
1252 4501 1279 4556 r,
1300 4485 1381 4557 epist.
1397 4488 1443 4551 24)
1467 4499 1526 4540 sese
1540 4499 1602 4540 eam
1629 4491 1729 4541 tencre
1751 4485 1797 4542 his

145 4588 255 4646 quoque
275 4572 310 4628 de
335 4587 432 4629 eortrm
454 4573 501 4646 qui
522 4582 596 4631 recta
610 4573 732 4631 sentiunt
756 4583 785 4632 et
808 4577 941 4635 unitatem
995 4578 1211 4635 verbistestatus
1227 4587 1269 4635 est
1282 4599 1288 4634 :
1303 4578 1460 4648 Quiacorde
1472 4578 1592 4634 creditur
1602 4577 1797 4648 odjmmtcn,

146 4664 209 4722 fidei
224 4680 330 4722 servare
344 4674 496 4723 noscuntur
512 4667 624 4724 salutari
639 4676 791 4738 consensu,
806 4668 941 4729 ineflabili
995 4677 1140 4730 menatem
1160 4674 1289 4740 confessio
1307 4676 1339 4744 tlt
1360 4672 1397 4727 od
1414 4674 1530 4728 salutem
1546 4674 1635 4740 (Rom.
1656 4677 1705 4742 x),
1726 4672 1798 4730 sicut

146 4758 241 4814 laetitia
255 4758 450 4830 congratulari.
465 4759 584 4817 Proinde
594 4761 727 4834 qnoniam
742 4771 872 4834 vestram,
888 4765 941 4822 sci·
995 4768 1082 4824 sancti
1104 4766 1245 4840 Evangelii
1256 4774 1379 4837 quatuor
1392 4765 1487 4830 libros,
1505 4765 1545 4822 sic
1558 4773 1680 4839 quatuor
1698 4766 1799 4823 conci·

146 4848 414 4916 licethrmenorum,
424 4849 942 4928 Ecclesiamarectitudineildei,quam
995 4860 1031 4917 lia
1046 4860 1183 4931 suscipere
1201 4868 1230 4916 et
1248 4858 1370 4915 venerari
1387 4874 1433 4916 me
1447 4858 1546 4925 fateor,
1562 4858 1707 4916 Nicenum
1722 4858 1797 4917 scili-

145 4941 181 4998 ad
195 4940 328 5013 apostolis
341 4949 369 4997 et
382 4941 482 4998 sanctis
496 4943 623 5001 Patribus
636 4944 766 5002 traditam
782 4949 942 5006 universalis
994 4960 1046 5024 cet,
1062 4954 1160 5026 inquo
1176 4968 1333 5025 perversum
1349 4953 1406 5009 Arii
1423 4953 1524 5025 dogma
1536 4951 1707 5022 destnvitur3
1722 4955 1796 5010 Con·

145 5034 267 5092 Ecclesia
286 5042 375 5102 tenet,
390 5034 418 5090 in
431 5034 565 5107 quasdam
579 5053 676 5110 pravas
696 5040 864 5097 exorbitasse
878 5058 942 5099 scn-
993 5047 1272 5119 stantinopolitanum
1294 5060 1416 5120 quoque,
1431 5045 1459 5102 in
1473 5061 1528 5119 quo
1542 5045 1674 5103 Eunomii
1693 5053 1724 5103 et
1739 5047 1798 5103 bla-

145 5128 245 5183 tentias
258 5126 340 5183 nobis
356 5127 473 5184 relatum
488 5137 539 5196 est,
559 5127 681 5201 protecto
704 5132 821 5190 nimium
836 5136 941 5207 paterni
992 5140 1099 5197 cedonii
1118 5156 1196 5197 error
1221 5139 1409 5208 conducitur3
1433 5138 1604 5212 Ephesinnm
1629 5137 1716 5196 etiam
1735 5139 1796 5212 pri·

145 5219 261 5277 allectus
280 5221 470 5293 compassione
488 5221 636 5282 doluimus.
652 5227 842 5298 Quorumdam
859 5228 943 5301 siqui·
995 5250 1084 5302 mum,
1105 5234 1135 5290 in
1154 5249 1210 5307 quo
1224 5233 1342 5291 Nestorii
1363 5232 1491 5305 impietas
1503 5231 1798 5305 judicatura-Chalco-

146 5313 210 5371 dem
222 5314 354 5371 relatione
369 5313 516 5372 didicimus
525 5316 555 5373 in
567 5317 734 5377 celebrandis
747 5320 941 5379 sacrificiorum
994 5326 1115 5384 donense
1127 5342 1203 5395 voro,
1223 5327 1251 5383 in
1266 5341 1321 5399 quo
1340 5326 1471 5399 Eutychis
1490 5325 1798 5399 Dioscoriquepravitas

145 5406 291 5464 salutiferis
302 5410 476 5465 sacramentis
488 5425 588 5483 aquam
599 5412 663 5469 vino
676 5413 785 5486 penitus
798 5414 873 5487 apud
892 5433 943 5476 ros
993 5419 1167 5492 reprobatur,
1181 5428 1238 5477 tota
1260 5420 1404 5478 devotione
1418 5419 1600 5491 complector,
1615 5418 1797 5494 integerrima

144 5515 203 5558 non
216 5501 370 5572 admisceri,
383 5518 448 5560 cum
459 5519 542 5561 nemo
552 5505 732 5574 Christianus,
748 5508 794 5581 qui
807 5525 885 5568 sacra
894 5526 943 5569 no·
994 5513 1192 5586 approbatione
1210 5514 1351 5583 custodio,
1374 5514 1437 5585 quia
1459 5513 1488 5570 in
1511 5511 1554 5569 his
1576 5513 1652 5570 velut
1675 5514 1707 5570 in
1725 5528 1798 5587 qua-

146 5596 184 5651 vit
198 5596 354 5668 Evangelia,
373 5596 481 5654 dubitet
499 5614 514 5655 e
529 5599 612 5657 latere
630 5600 744 5658 Domini
764 5617 864 5675 aquam
878 5620 942 5662 curn
993 5605 1074 5663 drato
1094 5605 1184 5680 lapide
1197 5616 1299 5665 sanctas
1313 5607 1374 5664 lidai
1386 5614 1524 5664 structura
1535 5606 1691 5680 consurgit,
1707 5614 1736 5665 et
1747 5622 1798 5664 cn·

146 5688 280 5761 sanguine
297 5706 452 5748 emanasse.
471 5693 636 5752 Audivimus
650 5695 734 5753 etiam
750 5697 826 5771 quod
846 5707 942 5757 conas
991 5700 1106 5775 juslibet
1122 5701 1184 5758 vitae
1202 5709 1286 5774 atque
1304 5702 1421 5759 ardonis
1436 5715 1535 5758 norma
1558 5700 1696 5758 constitit
1712 5701 1799 5773 Quis-

148 5797 255 5839 morem
267 5794 369 5842 sanctae
379 5787 507 5845 Ecclesia
522 5796 620 5845 vestrae
633 5804 690 5846 non
700 5804 734 5846 ex
746 5791 870 5849 balsamo
879 5807 942 5850 san·
993 5795 1056 5869 quis
1068 5810 1165 5854 corum
1184 5795 1351 5853 soliditatem
1364 5810 1421 5853 non
1433 5802 1523 5865 tenet,
1536 5793 1644 5852 &amsi
1660 5793 1732 5868 laps
1749 5808 1798 5853 ss-
