3884 6158
160 254 212 312 res
499 257 527 312 s.
547 253 707 313 caecoau
726 228 771 309 ur
790 250 888 310 rurs
907 250 1044 310 ourauu
1063 252 1149 317 ruas
1168 253 1190 310 ι.
1209 278 1246 294 -
1264 251 1464 310 erasmus.
1754 254 1805 308 rue

159 383 317 438 nosaaium
331 380 506 455 praefigimus.
529 378 574 448 Et,
594 379 658 454 quia
676 379 711 438 de
728 377 889 453 objiciendis
902 377 955 437 tibi
967 381 998 451 Α
1009 379 1242 452 deeoroeynarum
1255 377 1387 438 subsidiis
1397 384 1426 436 et
1438 375 1627 437 Ecclesiamm
1637 374 1808 435 orationibus

159 482 309 533 mutumts
321 481 404 546 atque
415 472 562 547 providum
576 472 691 531 reddere
705 472 887 543 volumnum
901 472 953 532 tibi
1006 473 1158 533 horumur.
1173 475 1259 531 Decet
1277 472 1352 530 enim
1371 479 1403 529 ut
1423 471 1471 547 qui
1493 479 1522 530 te
1543 472 1587 529 sui
1605 468 1757 545 corporalis
1778 477 1808 528 et

159 576 222 624 ente
233 567 476 641 pertractationem
487 566 590 642 negotii
604 565 785 626 insinuamus.
797 566 905 626 Diceris
918 566 954 626 si·
1008 567 1144 628 smmlaris
1156 565 1234 640 regni
1245 581 1295 625 seu
1305 565 1421 624 honoris
1435 563 1574 625 haeredem
1583 572 1615 624 ut
1625 564 1716 623 bonus
1729 570 1809 638 pater

159 657 428 732 quidemlegitimam
436 658 955 730 autemnonhabens,rontradecrete
1008 661 1127 735 reliquit,
1141 659 1326 735 spiritualibus
1336 659 1454 729 auxiliis,
1463 657 1737 733 proutessepoterit,
1746 672 1808 717 nou

159 760 317 809 mortorum
334 754 457 825 Patrum,
478 754 537 812 sine
560 754 659 812 idonea
671 754 736 813 cleri
748 762 776 813 et
789 754 884 828 populi
897 755 953 814 eie·
1007 755 1134 814 rideatur
1155 753 1293 825 fraudari3
1316 761 1452 827 qnatenus
1475 768 1537 823 res,
1558 767 1622 827 qua
1645 751 1699 811 tibi
1719 750 1807 810 deors

158 843 249 902 ctione
262 853 289 902 tc
309 847 350 905 eis
363 848 499 921 injecisse.
514 848 621 907 Diceris
640 848 716 906 enim
732 847 798 906 huic
816 846 954 922 iniquitati
1008 849 1114 923 paterni
1128 848 1284 905 ministrant
1296 846 1383 921 regni,
1395 845 1523 904 manibus
1532 860 1686 920 pauperum
1696 843 1807 918 delatam

159 937 225 995 illud
235 937 381 1009 addidisse,
395 949 425 998 ut
441 942 470 998 in
480 941 668 1015 promotiones
678 941 855 1012 elericorum,
865 941 954 1000 archi·
1009 941 1036 1000 iu
1046 943 1116 1003 eoelo
1126 939 1487 1015 patriconferantaurilium
1501 938 1617 1013 requiei.
1630 941 1806 1010 Nuncrero,

157 1030 326 1104 diaconatus,
340 1043 368 1092 ct
377 1035 499 1093 abbatias
510 1051 559 1110 per
570 1036 787 1110 negotiationem
797 1035 952 1105 vendende,
1008 1036 1048 1097 lili
1067 1035 1241 1105 charissime,
1258 1034 1405 1109 apostolica
1426 1042 1455 1091 te
1473 1032 1632 1091 inritatione
1653 1047 1807 1112 monimum

158 1125 263 1184 nullam
277 1129 449 1186 honestatem
465 1130 626 1204 nullumque
646 1130 697 1188 Dei
716 1130 846 1188 timorem
860 1144 954 1188 serra·
1008 1138 1039 1187 ut
1053 1130 1138 1205 patris
1160 1129 1201 1188 tui
1222 1128 1307 1188 tidem
1320 1136 1348 1186 et
1360 1127 1548 1197 dilecuonem,
1562 1142 1646 1200 quarn
1657 1142 1722 1200 erga
1739 1141 1809 1200 apo-

111 1296 114 1303 ,
159 1220 241 1277 reris.
261 1223 348 1295 Super
360 1221 413 1280 hoc
425 1223 521 1294 eham,
535 1233 566 1281 ut
586 1224 668 1282 nobis
680 1224 800 1292 ridetur,
815 1224 859 1282 bis
872 1231 900 1281 et
913 1231 955 1283 ter
1007 1222 1134 1282 etollcam
1146 1222 1231 1297 gessit
1242 1222 1402 1291 Ecclesiam,
1417 1219 1502 1280 eorde
1513 1220 1671 1294 prospicies,
1691 1218 1746 1279 lide
1759 1219 1808 1279 iu·

159 1311 282 1371 murno
293 1313 448 1374 charitates
460 1317 542 1375 uobis
551 1326 674 1387 uocatus,
686 1334 742 1376 non
753 1317 846 1375 solum
857 1317 893 1376 ad
902 1333 956 1375 nos
1008 1318 1113 1387 tendas,
1126 1325 1220 1376 mente
1238 1316 1375 1387 moerus,
1389 1324 1415 1373 et
1434 1313 1474 1374 sic
1493 1322 1520 1372 te
1533 1313 1623 1373 lilium
1640 1313 1714 1373 besu
1728 1313 1806 1373 Petri

160 1421 217 1463 non
238 1407 345 1477 venisti,
368 1409 417 1469 sed
433 1411 518 1468 etiam
532 1411 652 1485 aliquem
666 1412 715 1486 qui
737 1419 765 1469 te
786 1410 821 1470 de
842 1410 956 1485 obiectis
1007 1411 1122 1486 apostoli
1141 1411 1279 1482 exhibeas,
1291 1417 1429 1485 quotenne
1448 1423 1548 1468 sereno
1562 1416 1591 1467 to
1604 1407 1681 1466 vultu
1692 1407 1806 1483 conspi-

156 1498 229 1572 juste
259 1512 401 1561 excusaret
425 1504 535 1563 mittere
562 1505 763 1578 contempsisti.
799 1507 956 1579 Suspensus
1009 1502 1083 1559 meos
1101 1501 1129 1558 in
1149 1498 1339 1559 haereditatem
1359 1497 1470 1573 superui
1490 1497 1580 1572 regui,
1596 1496 1624 1554 in
1638 1498 1731 1556 locum
1751 1496 1807 1572 piu

160 1594 244 1652 etiam
257 1595 292 1653 ab
303 1597 447 1670 episcopali
457 1598 562 1670 officio,
575 1607 631 1656 eta
646 1599 842 1658 communione
856 1615 954 1673 corpo·
1010 1594 1206 1665 retributionis,
1219 1594 1371 1668 utdiqnam
1382 1592 1507 1652 sobolom
1517 1590 1682 1650 introducat.
1696 1591 1723 1649 Si
1738 1607 1806 1650 rere

159 1688 198 1745 ris
221 1696 250 1745 et
263 1690 401 1764 sanguinis
415 1692 540 1762 Domini,
563 1692 686 1766 publicas
701 1693 801 1751 mbms
814 1693 955 1752 celebrare
1009 1697 1037 1748 te
1049 1688 1181 1748 devotum
1197 1688 1378 1763 prospexerit,
1392 1682 1516 1761 profecto
1530 1702 1625 1744 vocem
1636 1685 1671 1759 pii
1685 1685 1729 1744 sui
1740 1701 1806 1744 ma-

157 1796 216 1840 nen
237 1781 363 1842 timuisti.
390 1785 527 1844 Clerionm
547 1786 631 1843 etiam
654 1784 822 1847 deferentem
850 1787 956 1846 litteras
972 1776 1087 1858 beista·
1100 1799 1253 1852 assumens,
1264 1783 1337 1842 dicet
1353 1803 1361 1839 ι
1377 1783 1442 1840 Volo
1453 1782 1539 1838 utubi
1550 1797 1599 1855 epo
1613 1781 1807 1839 eructuat

57 1868 60 1873 ’
157 1882 267 1933 nostras
290 1877 338 1935 diu
360 1878 390 1935 in
409 1880 539 1953 captione
564 1888 679 1939 tuorum
698 1879 734 1938 ad
755 1889 951 1954 contemptum
1010 1897 1111 1938 meeum
1127 1880 1212 1952 (ioca.
1223 1882 1352 1945 xrrvu).
1371 1875 1416 1934 Sic
1427 1876 1501 1933 euim
1513 1892 1528 1932 a
1540 1875 1662 1933 Domino
1680 1882 1805 1948 potesta-

68 1996 71 2002 ,
159 1970 317 2040 apostolica
327 1971 397 2030 sedis
406 1970 453 2029 diu
467 1971 543 2030 aiuci
556 1973 714 2046 permisisti
735 1976 917 2048 Quapropter,
932 1973 955 2032 si
1008 1983 1067 2031 tem
1088 1974 1223 2047 accepisse
1242 1970 1391 2041 credimus,
1405 1978 1437 2028 ut
1456 1984 1539 2044 quem
1562 1969 1667 2044 ligaret,
1690 1967 1803 2042 ligatus,

158 2063 305 2135 cognoscis
325 2071 352 2121 te
374 2080 457 2140 super
474 2066 516 2124 his
539 2067 670 2126 omnibus
694 2069 898 2142 inculpabilem,
919 2068 954 2126 ad
1009 2077 1037 2124 et
1051 2083 1134 2141 quem
1149 2068 1278 2137 solueret,
1292 2065 1322 2123 in
1334 2064 1410 2124 ooelis
1428 2072 1499 2122 meet
1512 2060 1629 2122 solutus.
1650 2064 1687 2119 Et
1700 2061 1806 2120 idcirco

155 2156 954 2235 conuentumconfratrumnostrorumadireatquerespon·
1008 2162 1107 2220 iterum
1121 2163 1277 2234 iterumque
1301 2175 1446 2218 monemus
1465 2166 1497 2216 ut
1516 2166 1544 2215 te
1569 2157 1606 2216 ita
1626 2156 1744 2231 dignum
1757 2171 1804 2215 ae·

156 2249 222 2307 dore
234 2249 312 2307 nulla
324 2251 429 2310 radone
442 2254 644 2326 praetermittas.
658 2253 740 2325 Quod
752 2255 775 2312 si
787 2255 815 2311 in
826 2255 953 2330 superbie
1008 2255 1235 2329 ceptabilemque,
1254 2261 1336 2327 prout
1348 2250 1481 2326 fragilitas
1495 2250 1615 2310 humana
1635 2251 1803 2324 permiserit,

156 2351 203 2400 tua
219 2358 382 2417 permanens
400 2354 450 2402 aut
474 2346 538 2404 illuc
562 2348 656 2405 venire
674 2348 882 2422 eonmmpeeris,
906 2357 954 2406 aut
1007 2348 1130 2408 Domino
1147 2346 1322 2418 muoedente,
1339 2346 1415 2404 omni
1428 2346 1524 2404 annisu
1536 2345 1664 2419 perlicere
1682 2353 1804 2420 satam,

156 2437 268 2494 veniens
282 2435 317 2494 de
329 2437 371 2496 his
383 2440 514 2499 omnibus
528 2442 661 2500 canonice
676 2449 703 2500 te
715 2458 772 2499 non
784 2457 952 2517 expurgare·
1007 2451 1107 2502 uttam
1121 2441 1265 2517 presentis
1280 2456 1364 2516 quam
1378 2441 1463 2498 etiam
1483 2439 1568 2497 loturi
1587 2439 1664 2514 regni
1678 2438 1803 2497 sublimi

155 2528 317 2602 ris,judicio
331 2531 421 2589 saneti
435 2533 564 2606 Spiritus,
578 2542 607 2592 et
619 2536 784 2593 auctoritate
794 2534 953 2609 apostoliea
1007 2544 1093 2595 tetam
1116 2536 1242 2594 obtinere
1264 2536 1363 2595 valeas.
1379 2534 1496 2609 Quodsi
1518 2531 1591 2592 forte
1613 2538 1693 2607 pater
1713 2532 1803 2592 etiam

153 2621 238 2691 sedis,
250 2624 413 2683 septemium
425 2624 609 2686 damnationis
621 2628 680 2686 sine
695 2627 773 2686 omni
791 2628 850 2702 ipse
868 2627 952 2687 resti·
1006 2639 1080 2701 tuus,
1090 2629 1201 2689 diabolo
1210 2629 1351 2699 suadente,
1366 2628 1457 2702 aliqua
1473 2627 1704 2687 incursitandum
1714 2625 1802 2687 deui-

155 2714 271 2775 tutionis
284 2716 313 2774 in
326 2725 354 2775 te
371 2720 592 2795 promulgamus.
1005 2734 1107 2791 meum,
1122 2725 1225 2785 coelurn
1236 2724 1339 2795 potius,
1354 2722 1411 2782 ime
1420 2721 1481 2781 caeli
1494 2721 1645 2780 Dominum
1654 2720 1803 2781 houamur

37 2818 41 2825 ·
113 2886 121 2899 ι
188 2810 261 2869 Data
271 2812 499 2872 Romasecundo
510 2818 605 2874 Nonae
615 2815 752 2888 Octobris,
766 2815 917 2879 indictione
926 2833 949 2879 1.
1006 2818 1130 2878 attendas
1150 2834 1234 2893 quem
1251 2827 1369 2886 urram,
1390 2825 1419 2874 ot
1440 2823 1534 2874 contra
1554 2832 1586 2874 ea
1606 2816 1646 2874 tui
1664 2816 1803 2875 creatoris

433 2914 610 2972 EPISTOLA
630 2917 671 2974 Χ.
1007 2912 1172 2971 invincibilia
1191 2928 1270 2971 arma
1295 2911 1378 2971 eorde
1399 2908 1524 2985 quotidie
1550 2926 1620 2984 puro
1647 2925 1799 2984 exponente

153 3013 177 3077 *z'I
196 3012 259 3063 Ἥ
289 3049 291 3053 -
395 3028 436 3070 tu
459 3027 565 3072 neusse
579 3030 684 3073 usura
1006 3016 1140 3080 quatenus
1152 3014 1179 3064 et
1194 3005 1318 3079 profectu
1329 3004 1470 3079 apostolici
1481 3004 1535 3077 ¹lilii
1549 3004 1687 3073 laetemur,
1703 3011 1732 3062 et
1745 3003 1804 3063 mis

431 3110 524 3174 (huno
550 3113 640 3176 1⁰77).
968 3136 991 3204 c
1004 3101 1180 3175 comparibus
1193 3100 1304 3173 regibus
1318 3099 1493 3157 incitamenta
1511 3098 1600 3156 valeas
1613 3097 1736 3171 praebere
1748 3096 1802 3156 rir-

152 3200 347 3261 commeudars
361 3204 418 3274 ajars
430 3209 517 3276 pausa
531 3207 655 3275 defuncte
664 3206 865 3264 observantiam
882 3222 946 3279 ema
1005 3203 1105 3253 tutum.
1126 3195 1274 3252 bionernus
1284 3193 1406 3267 insuper,
1419 3192 1589 3260 charissime,
1609 3200 1640 3249 ut
1652 3190 1704 3249 tibi
1719 3207 1800 3250 eom·

150 3276 342 3359 ldstimmm,
354 3277 510 3358 fictitium,
532 3279 657 3334 hosteim·
677 3285 713 3360 ui,
730 3280 899 3364 cretionibus
920 3285 947 3337 ei
999 3288 1078 3346 missi
1092 3304 1108 3346 a
1120 3289 1176 3347 lieo
1192 3286 1268 3362 regui
1280 3286 1414 3346 honorem
1427 3286 1504 3345 omni
1520 3285 1668 3355 industria,
1683 3281 1797 3343 solerm

186 3345 946 3422 eleemosquesrllrsuffroqetur,atqueoptutuRumonem
1049 3382 1077 3395 ··
1248 3379 1274 3438 di
1362 3380 1367 3392 ·
1420 3379 1426 3390 ·
1544 3378 1572 3437 d·
1713 3379 1719 3390 ·
1771 3375 1777 3389 ·

185 3419 330 3474 Ecclesiam
344 3419 499 3489 obsequium
516 3422 649 3489 imitetur,
671 3426 696 3477 et
710 3424 739 3477 iu
763 3425 842 3491 requi
855 3422 944 3478 admi·
999 3392 1149 3488 “¹¹¹¹an
1170 3387 1247 3487 Q
1275 3395 1324 3487 ω’,
1340 3382 1382 3486 ⁸¹3
1402 3388 1456 3486 Ψ
1478 3387 1525 3439 tua
1565 3395 1639 3484 'pm’
1661 3384 1800 3453 mmmm

183 3490 351 3556 patratione,
360 3492 496 3560 proecrpup
508 3493 539 3547 p,
563 3493 665 3549 wuda
676 3493 804 3564 Mem,
823 3496 897 3566 cppp
911 3499 944 3550 ug
998 3475 1110 3546 referta,
1118 3485 1234 3549 Justrtrae
1247 3484 1275 3532 et
1286 3471 1482 3533 museucordrae
1495 3472 1672 3532 condimento
1684 3473 1800 3547 saleque

187 3560 289 3629 leqetos
301 3561 339 3616 cd
351 3576 378 3616 se
393 3565 494 3619 mittet.
999 3570 1119 3641 condita,
1133 3578 1165 3628 ut
1178 3567 1251 3629 dete
1264 3585 1326 3628 uera
1343 3568 1566 3643 sapientiaque
1587 3569 1663 3626 Deus
1683 3572 1738 3639 est,
1751 3566 1796 3625 di·

185 3658 366 3718 Gasoourus
379 3661 533 3735 episcopus,
551 3677 646 3722 servus
659 3680 802 3723 servorum
813 3664 874 3733 Dei,
889 3665 946 3741 regi
997 3680 1059 3722 cero
1076 3673 1157 3739 queat
1173 3683 1180 3721 :
1194 3669 1246 3724 Per
1258 3682 1299 3722 me
1319 3680 1368 3722 rec
1384 3665 1436 3722 iste
1446 3668 1543 3735 requei
1556 3662 1695 3731 (Prouerb.
1710 3665 1796 3730 vus).

148 3753 292 3811 Danorum
313 3755 431 3813 salutem
457 3766 486 3815 et
507 3757 687 3832 apostolicam
710 3759 944 3820 benedictionem.
997 3761 1154 3833 Pauperum
1167 3766 1195 3816 ct
1211 3759 1424 3834 pupillorumac
1437 3757 1579 3816 viduarum
1596 3753 1801 3830 adiutorinde·

183 3847 284 3905 Sancta
303 3855 331 3905 et
348 3848 508 3909 universalis
527 3860 618 3910 mater
630 3860 737 3924 nosue,
752 3856 879 3912 Ronrana
894 3856 945 3912 Eo·
997 3850 1091 3911 ficiens
1100 3860 1158 3911 esto
1173 3871 1180 3909 :
1196 3852 1286 3911 sciens
1298 3867 1347 3927 pro
1358 3860 1434 3911 certo
1446 3849 1577 3926 quoniam
1591 3865 1623 3908 ex
1644 3845 1689 3908 his
1702 3849 1797 3925 operi-

147 3941 228 3999 clesia
242 3941 353 4015 seilicet,
370 3953 472 4018 quanta
485 3943 642 4004 dilectionis
656 3954 685 4004 et
697 3947 801 4006 amoris
815 3947 945 4007 instantia
997 3946 1050 4005 bru
1063 3954 1091 4004 et
1103 3945 1287 4006 condimentis
1298 3961 1378 4004 amor
1391 3945 1440 4004 tibi
1453 3943 1644 4004 reconciliatur
1654 3944 1720 4002 Dei.
1737 3947 1797 4005 Διι·

147 4049 211 4110 erga
227 4037 312 4110 patris
325 4035 365 4095 tui
385 4054 481 4097 curam
496 4047 524 4096 et
544 4038 657 4099 honoris
676 4040 717 4098 tui
731 4040 945 4101 sollicitudinem
997 4039 1115 4102 dirimm
1127 4041 1247 4116 insuper,
1260 4056 1312 4100 nec
1321 4039 1491 4111 dubitamus,
1504 4037 1580 4115 quod
1592 4038 1645 4097 Dei
1659 4038 1796 4114 wlede,

147 4127 334 4203 invigilaverit,
350 4140 379 4189 te
391 4131 468 4205 plene
484 4147 577 4203 nosse,
591 4134 695 4191 neotui
715 4134 850 4192 memoria
869 4136 943 4194 exci·
998 4150 1059 4210 qua
1073 4143 1162 4195 mater
1182 4133 1338 4194 etdomina
1360 4142 1455 4193 noema
1478 4141 1532 4205 est,
1554 4131 1627 4191 sicut
1647 4130 1676 4190 iu
1697 4131 1798 4193 multis

146 4222 220 4280 disse
231 4223 396 4296 dubitamus,
411 4226 535 4285 videlicet
548 4227 683 4300 cumipse
692 4228 828 4287 reminisci
841 4230 944 4304 peteris
997 4229 1057 4288 aliis
1069 4236 1205 4288 terrarum
1221 4229 1352 4302 partilem,
1364 4228 1401 4286 ita
1423 4228 1452 4285 in
1464 4227 1562 4287 restris
1574 4226 1610 4285 ab
1625 4226 1729 4301 iniquis
1743 4226 1797 4286 ho·

146 4331 230 4389 quam
251 4334 348 4392 puram
370 4336 489 4394 semper,
511 4330 540 4379 et
556 4321 585 4379 in
605 4319 733 4381 omnibus
755 4322 894 4383 servitutis
916 4333 944 4383 et
996 4322 1116 4382 minibus
1129 4321 1412 4382 etdiabolimembris
1426 4322 1635 4397 comprimatur,
1649 4329 1798 4380 etnonut

146 4409 246 4470 debitae
276 4411 439 4472 obedientias
468 4415 648 4474 reverentiam
672 4415 746 4474 cirea
763 4416 836 4475 beati
868 4418 942 4477 Petri
996 4414 1073 4475 decet
1097 4424 1205 4476 tueatur
1224 4424 1253 4474 et
1271 4424 1424 4475 veneretur.
1449 4414 1495 4475 ud
1517 4415 1596 4490 eujm
1608 4414 1742 4474 auxilium
1767 4423 1798 4473 et

145 4505 260 4577 apostoli
274 4505 409 4564 honorem
422 4507 583 4566 exhibuerit.
598 4508 661 4567 suis
678 4525 798 4585 namque
811 4513 942 4591 tempori·
959 4518 984 4582 Ι)
999 4510 1143 4571 tuitionem
1164 4511 1194 4568 io
1208 4510 1338 4570 omnibus
1355 4519 1383 4569 et
1396 4526 1479 4585 super
1499 4509 1593 4568 omnia
1606 4515 1634 4567 te
1647 4508 1797 4584 invigilare

144 4595 207 4667 bus,
226 4606 257 4655 ut
269 4599 419 4672 apostolica
437 4607 556 4659 testatur
573 4601 707 4673 Ecclesia,
722 4611 780 4661 tam
795 4605 939 4679 devotum,
996 4606 1136 4677 totamm,
1161 4614 1189 4665 et
1208 4614 1320 4680 paterne
1341 4619 1501 4673 monemus,
1525 4619 1590 4662 nam
1608 4601 1711 4664 talibus
1735 4618 1796 4665 uos

144 4694 202 4745 tarn
221 4688 324 4762 lidum,
344 4701 455 4767 tamque
475 4694 590 4752 unicum
608 4695 636 4754 iu
657 4697 761 4756 amoris
781 4700 825 4759 sui
845 4700 939 4760 studio
997 4700 1141 4774 resistere,
1168 4697 1235 4775 quid
1264 4697 1338 4759 aliud
1368 4708 1410 4759 est
1444 4713 1530 4774 quam
1558 4695 1644 4757 fldem
1673 4698 1797 4773 negare?

145 4778 228 4840 fuisse
242 4782 329 4842 hlium
347 4786 486 4859 norimus,
501 4797 532 4846 ut
549 4804 619 4864 pene
633 4790 662 4850 in
674 4793 785 4868 regibus
796 4793 886 4854 nullus
899 4796 942 4853 in·
997 4793 1169 4868 Quapropter
1196 4808 1341 4853 monemus
1354 4802 1384 4853 et
1403 4793 1583 4851 obsecramus
1605 4800 1650 4863 ut,
1676 4790 1795 4866 methe-

144 4874 284 4936 reniretur
297 4879 446 4952 secundus,
461 4891 489 4940 et
501 4882 531 4941 ni
546 4883 681 4945 diabolico
693 4887 827 4947 instinctu
845 4889 940 4948 ineen-
995 4886 1055 4946 bito
1073 4888 1151 4945 omni
1167 4886 1291 4945 humano
1307 4886 1381 4957 odio,
1402 4885 1503 4946 invidie
1515 4886 1676 4961 potiemini
1689 4885 1794 4946 Μ·

142 4965 213 5028 tiras
225 4970 357 5031 vitiemur
376 4972 519 5035 illecebras
534 4976 647 5038 imitans
659 4982 785 5055 eorporis
802 4983 844 5041 sui
860 4982 939 5043 irena
995 4979 1019 5038 si
1044 4980 1199 5040 incubuerit
1221 4990 1320 5050 morte.
1347 4995 1410 5038 eam
1430 4996 1540 5052 muare,
1562 4989 1722 5055 Ρῐθῑθὸθῐθι
1745 4979 1795 5041 [0-

142 5061 272 5134 larasset,
294 5066 365 5125 inter
387 5069 493 5142 optime
517 5074 578 5130 Deo
601 5073 741 5147 placentes
762 5090 841 5149 reges
861 5075 938 5135 illum
994 5091 1069 5146 rere,
1092 5075 1173 5146 tueri,
1195 5083 1224 5135 et
1245 5074 1281 5133 ab
1303 5073 1490 5134 insidiantium
1514 5073 1642 5134 faucibus
1659 5073 1793 5149 luporum

142 5153 252 5216 eoellms
269 5156 348 5219 sedes
370 5162 526 5222 inhabitare
545 5181 720 5240 nequaquam
740 5167 936 5230 dubitaremus.
994 5169 1101 5245 eripere
1123 5186 1174 5245 pro
1193 5184 1274 5245 posse
1296 5168 1418 5243 laborem
1442 5170 1530 5229 eciem
1552 5184 1602 5244 pro
1625 5177 1702 5229 uerte
1714 5167 1793 5245 quud

142 5244 197 5308 Sed
222 5251 354 5325 quoniam
382 5256 538 5328 credimus,
566 5258 699 5333 apostolis
722 5260 824 5334 quibus
851 5262 939 5325 ildelis
994 5265 1098 5324 nullam
1111 5264 1276 5334 orationem,
1287 5264 1448 5339 nullumque
1466 5262 1571 5338 gratius
1582 5260 1791 5323 ambuans·

140 5341 248 5402 omitit
258 5343 471 5421 opitulantibus,
486 5350 598 5409 Domini
612 5350 692 5411 iilum
710 5353 899 5416 misericordia
910 5366 940 5417 et
993 5358 1115 5432 supremi
1131 5357 1236 5417 Arbitri
1253 5357 1339 5418 ouilia
1350 5359 1454 5432 poteris
1465 5356 1576 5418 odorra
1591 5359 1695 5419 votum
1707 5357 1790 5418 insu·

140 5436 259 5509 gratuita
277 5439 377 5513 pietate
391 5442 514 5501 lamenta
530 5445 703 5518 poeniunua
717 5455 781 5507 ante
798 5449 863 5511 ritae
880 5466 938 5513 suas
992 5468 1042 5529 per
1054 5460 1182 5510 nostrum
1195 5453 1335 5523 calanco
1347 5460 1427 5524 teste,
1439 5460 1491 5524 est,
1502 5452 1577 5528 quod
1590 5450 1790 5526 aperuimus

140 5525 227 5592 duem
240 5533 361 5594 contrito
374 5535 458 5629 eorde
472 5537 630 5612 arripuisse,
649 5540 760 5601 reniam
774 5560 854 5618 posse
873 5562 937 5606 con·
992 5546 1291 5618 nuntiostuosridere,
1302 5562 1432 5624 perquer
1445 5562 1593 5622 pomumuts
1602 5545 1643 5606 tui
1653 5544 1788 5617 mulene.

140 5624 218 5698 sequi
229 5642 285 5685 non
299 5627 478 5700 dubitamus,
495 5631 552 5689 imo
562 5632 603 5692 sui
615 5650 753 5697 memores
764 5637 792 5695 iu
806 5639 938 5700 orationi·
992 5641 1095 5700 animm
1109 5640 1234 5701 uidelicet
1245 5649 1273 5700 et
1282 5641 1417 5716 eorporis,
1432 5641 1537 5717 ptmim
1547 5656 1706 5718 amorre,
1718 5647 1749 5700 et
1759 5647 1790 5701 ts

139 5717 376 5789 bmuostrissihi
394 5720 507 5785 mueedi
522 5720 777 5792 charitatisailectu
794 5749 937 5809 rogemus,
991 5746 1090 5796 mutua
1116 5736 1189 5805 viee,
1219 5745 1303 5812 prout
1325 5737 1401 5795 Deru
1426 5734 1605 5810 macedan.
1625 5732 1790 5811 wll&

140 5814 168 5865 at
180 5815 220 5882 te,
238 5822 268 5875 ut
280 5813 418 5891 optimum
431 5815 625 5897 decetdlium,
639 5821 663 5882 ei
678 5828 947 5904 sucurrerelmq‘m
990 5829 1212 5891 institutionibus
1232 5829 1359 5890 mutare
1383 5829 1566 5905 omipotente
1586 5830 1679 5901 nm,
1698 5836 1789 5905 equs
