3870 6164
270 320 413 379 arpenn.
433 323 466 377 ll.
488 351 519 363 -
538 318 684 379 mathil
701 320 882 383 ammana
899 325 1071 385 aristote
1088 324 1132 381 ΕΤ
1150 322 1352 382 animarem.
1579 331 1633 385 88⁰

130 445 196 517 sint,
210 455 243 504 ut
254 461 285 503 ea
299 460 362 519 quae
375 454 440 503 sunt
456 456 632 505 evacuentur.
649 452 690 505 De
710 450 781 507 mul·
797 456 822 519 Α
836 450 939 524 placuit
958 450 1063 509 nothis
1085 448 1184 507 litteris
1198 448 1363 521 apostolicis·
1375 450 1511 524 adnomri,
1526 458 1554 510 et
1572 460 1631 509 tam

116 555 127 596 a
145 555 207 612 qum
224 540 253 595 in
265 541 327 611 ipso
338 540 426 597 nostri
441 540 616 613 pontilicatus
629 542 795 615 primordio·
836 545 1019 618 prmsendbua
1027 559 1111 617 quam
1123 542 1224 600 luteris
1235 543 1370 612 intimari,
1386 552 1417 602 ut
1433 552 1512 603 tanto
1525 546 1633 603 llrmius

116 642 126 690 t
149 634 176 691 iu
189 633 314 706 {synodm
329 649 413 709 quam
436 650 485 708 pro
508 636 651 692 communi
667 636 782 694 utilitate
836 640 944 696 valeant
957 637 1044 707 credi,
1056 645 1161 710 quanto
1181 644 1291 694 consur
1303 634 1339 693 de
1352 645 1449 695 nostro
1467 654 1516 696 ore
1529 639 1632 698 audiri.

116 726 195 797 imus,
214 742 276 785 eam
291 728 363 784 circa
382 731 476 786 Nonas
492 730 614 786 Ianuarii
638 729 782 787 celebran-
836 736 939 790 Verum
953 747 988 791 nc
1007 730 1120 805 posthac
1133 731 1234 787 iterum
1249 731 1290 788 rel
1302 730 1509 806 archiepiscopo
1520 731 1632 791 lledio·

116 837 153 890 m,
175 821 339 894 propitiante
353 824 487 891 Domino,
511 822 592 880 uobis
620 837 781 882 conoessum
836 826 952 898 lanensi,
978 826 1020 884 rel
1048 826 1209 898 patriarcha
1231 824 1417 899 aquilegiensi
1452 812 1631 885 decessione

116 914 325 984 determinare,
339 915 424 987 quod,
439 916 581 973 multoties
593 917 782 975 renhlatuma
835 918 923 977 dextri
939 920 1031 977 lateris
1055 918 1142 977 nostri
1155 918 1236 976 liceat
1260 934 1371 975 exerere
1394 920 1546 992 quemlihet
1566 926 1633 987 oon}

116 1008 257 1066 utilicibus
272 1009 518 1080 praedecessoribus
531 1010 644 1079 uostris,
668 1019 716 1067 aut
735 1010 782 1069 rix
836 1012 1012 1084 troversiam,
1026 1011 1219 1071 interdicimus
1233 1020 1328 1069 nemra
1345 1014 1497 1086 apostolica
1510 1016 1631 1072 eumeri-

116 1119 123 1157 r
137 1101 192 1159 line
199 1102 320 1174 sopitum
335 1109 376 1159 est
389 1123 398 1158 r
411 1102 486 1159 istud
499 1101 624 1161 videlicet
636 1103 782 1176 iusynodo
836 1116 892 1165 tate
914 1106 968 1164 hoc
985 1108 1027 1165 eis
1039 1105 1075 1163 de
1088 1114 1187 1164 cratero
1211 1106 1301 1163 licere.
1323 1106 1441 1178 Quodsi
1461 1107 1535 1166 forte
1548 1108 1629 1166 luerit

116 1196 229 1266 iurgium
248 1195 323 1267 quod
338 1205 489 1252 emerserat
500 1197 580 1267 [inter
595 1200 781 1254 Ravennatem
837 1208 1001 1275 perruptum
1016 1216 1066 1273 per
1081 1200 1291 1257 temerationem
1303 1199 1480 1258 interdIctum
1490 1209 1631 1271 nocuum,

116 1290 267 1346 tianensem
292 1289 526 1361 archiepiscopos,
550 1288 623 1348 raude
647 1291 734 1348 etiam
754 1290 782 1348 in
835 1310 891 1351 uon
905 1294 990 1351 modo
1008 1292 1093 1350 saucii
1107 1293 1181 1350 Petri
1196 1302 1355 1367 nasumque
1372 1293 1446 1351 sedis
1465 1294 1630 1368 indignatio·

116 1391 155 1439 tra
172 1382 281 1456 synodo
299 1383 499 1455 Aprilegiensis
513 1383 666 1456 patriarcha
678 1385 781 1442 mussi·
835 1404 915 1457 nem,
935 1402 1030 1445 aarum
1044 1395 1148 1443 nostrae
1167 1402 1277 1460 quoque
1296 1387 1587 1445 excommunicationis
1602 1394 1632 1445 et

119 1477 217 1548 uisque
230 1478 306 1533 enim
322 1476 400 1550 juxta
415 1492 467 1534 nos
480 1477 569 1535 dextri
583 1478 780 1535 latericiorum
836 1482 1022 1540 anathematis
1036 1481 1150 1553 laqrrecs
1163 1480 1298 1538 incurrat.
1312 1480 1412 1538 mern
1426 1483 1501 1538 anim
1521 1485 1632 1540 Raven-

116 1579 153 1641 ut,
175 1580 202 1628 ct
218 1572 261 1628 cui
281 1572 345 1644 jure
359 1571 516 1637 deberetur,
538 1573 620 1630 nobis
645 1574 780 1630 incertum
835 1576 909 1632 natis
927 1573 1122 1647 archiepiscopi
1139 1573 1269 1645 jubemus
1282 1588 1391 1646 semper
1414 1588 1507 1631 esse-a
1526 1575 1632 1632 destris

116 1666 187 1738 rtigit
200 1674 293 1721 autem
314 1665 455 1737 primodie
474 1666 570 1739 synodi
585 1681 641 1723 non
656 1666 784 1725 interesse
836 1668 938 1726 nosue
951 1675 1167 1739 nostrorumque
1187 1682 1377 1724 successorum
1398 1666 1550 1724 meandum
1564 1668 1634 1724 anti·

116 1775 216 1816 rcusem
226 1759 464 1832 archiepiscopum
474 1775 488 1816 a
499 1759 660 1832 primordio,
668 1759 717 1817 sed
723 1760 782 1834 jam
837 1776 900 1836 quer
912 1760 1121 1818 constitutionis
1135 1760 1340 1827 auctoritatam,
1355 1759 1408 1816 uisi
1428 1758 1500 1818 lorte
1515 1760 1632 1831 impera-

116 1861 177 1910 nata
198 1868 263 1909 cum
285 1852 438 1925 patriarcha
461 1869 477 1909 a
498 1853 601 1910 dextris
613 1854 715 1910 nostris
736 1870 782 1912 sa-
798 1830 1022 1924 Btoradluerlt;
1034 1862 1063 1911 et
1073 1855 1234 1911 runcaliam
1248 1854 1339 1925 ipsum
1352 1853 1492 1911 sinistram
1506 1860 1632 1910 nostram

116 1946 248 2018 iterpoaita
264 1954 358 2002 tamen
371 1945 436 2003 sella
456 1946 608 2004 charissimi
623 1946 671 2003 lilii
691 1949 779 2005 nostri
833 1958 926 2006 tenere
942 1946 1075 2021 perhanc
1089 1955 1191 2004 nostrie
1208 1948 1381 2003 auctoritatis
1392 1945 1552 2003 firmitatem
1566 1944 1631 2003 huie

116 2041 157 2098 ris
176 2040 300 2107 ilenrici,
323 2041 369 2112 qui
389 2040 449 2112 jam
469 2040 599 2098 adraniae
622 2040 778 2113 putabatur,
834 2052 937 2100 nostra
964 2040 1113 2099 narrationi
1136 2039 1287 2113 subjectam
1307 2054 1355 2112 per
1378 2053 1494 2096 manum
1516 2039 1632 2096 loannis

116 2134 164 2191 loci
182 2142 241 2191 erat
254 2135 352 2203 elatus,
368 2135 444 2207 quasi
459 2134 630 2191 Ravennatis
650 2136 781 2194 Ecclesiae
834 2133 969 2192 scriniarii
992 2140 1021 2190 at
1037 2133 1139 2191 notarii
1158 2133 1228 2190 sacri
1249 2132 1336 2189 nostri
1358 2131 1463 2203 palatii.
1488 2133 1561 2188 liene
1585 2145 1631 2187 ra·
1658 2158 1662 2167 ·

116 2228 245 2285 anostris
258 2227 401 2284 assideret.
412 2227 474 2298 Quo
488 2227 592 2285 Medici
613 2244 715 2286 anensa
735 2244 781 2285 ar·
835 2231 897 2287 lete.

116 2320 476 2395 »poiumediumveuientc
491 2320 674 2395 dextrumque
687 2322 781 2380 locum
871 2326 930 2397 Ego
957 2320 1083 2381 ebaldus
1121 2323 1267 2378 Ravennae
1299 2318 1419 2387 tabellio,
1450 2327 1478 2375 et
1502 2319 1627 2377 notarius

121 2415 194 2472 hunc
207 2415 390 2472 acclamatum
405 2423 447 2472 est
465 2415 499 2471 ab
519 2415 608 2472 electo
621 2418 782 2473 Rauennate
835 2426 936 2475 mnam
954 2416 1121 2473 Ravennatis
1140 2414 1279 2483 Fccleslm,
1302 2421 1334 2470 ut
1355 2412 1385 2470 in
1399 2411 1557 2470 authentico
1571 2412 1625 2491 ridi

116 2510 160 2566 eri.
181 2508 260 2565 illinc
272 2509 357 2565 simili
372 2509 457 2565 medo
472 2525 487 2564 a
503 2508 657 2580 patriarcha
671 2510 782 2582 Aquile-
834 2511 932 2581 etlepi,
947 2509 986 2566 ita
1000 2509 1109 2581 scripsi.

118 2611 146 2659 et
169 2602 207 2659 ita
221 2603 303 2659 unius
315 2602 353 2658 rei
371 2602 508 2658 altercatio
530 2603 669 2658 interires
686 2610 781 2659 enema
869 2607 929 2676 ligo
941 2600 1097 2671 Artudnus,
1118 2608 1146 2657 et
1156 2599 1328 2669 Bartoliuus,
1344 2608 1371 2658 et
1382 2601 1513 2659 maulim
1526 2600 1562 2658 de
1577 2605 1631 2659 Ar·

116 2695 259 2753 citantem
277 2696 413 2753 universa
433 2694 541 2768 synodo
555 2696 640 2751 trium
662 2696 780 2767 partium
835 2697 934 2754 tusinis
952 2694 1071 2753 vidimus
1082 2688 1270 2751 authenticum
1294 2693 1467 2767 privilegium
1490 2694 1629 2752 bullarum

116 2804 186 2845 inem
203 2804 297 2845 coram
312 2789 422 2845 delerri.
439 2789 590 2861 Statimque
604 2789 728 2860 prolatus
741 2798 783 2847 est
835 2806 899 2848 cum
913 2789 987 2846 bulla
1000 2787 1105 2845 domini
1126 2787 1278 2844 Clementis
1295 2801 1381 2860 papea.

116 2883 258 2955 catalogus
276 2883 420 2939 nominum
438 2897 538 2939 corum
560 2881 783 2955 archiepiscopo·
872 2887 906 2940 Et
924 2898 975 2956 ego
995 2881 1096 2938 Paulus
1110 2879 1225 2936 scordili
1246 2877 1399 2936 docendis
1424 2878 1522 2937 doctor
1540 2879 1634 2937 decre·

116 2977 241 3048 ipsorum
254 2976 300 3049 qui
313 2973 782 3049 interfueruntsynodosymmschi
835 2987 937 3045 torum,
962 2974 1126 3047 praepositos
1147 2982 1176 3030 et
1195 2972 1346 3029 canonicus
1362 2970 1509 3029 cardinalis
1528 2980 1630 3030 muctar
1722 3036 1730 3047 ¹,
1760 2976 1767 2983 '

116 3070 135 3125 si
157 3069 331 3142 praescriptus
351 3077 411 3125 erat
426 3067 636 3126 llediolenensis
647 3069 782 3142 archiepi·
836 3070 1001 3129 Ravennatis
1010 3068 1149 3135 Ecclesia,
1167 3065 1235 3123 illud
1248 3065 1419 3139 privilegium
1429 3065 1459 3121 in
1470 3064 1630 3123 authentico

114 3162 176 3233 Quo
202 3170 297 3218 contra
312 3171 454 3218 ostensum
475 3171 518 3218 est
539 3162 712 3234 priuilegium
726 3165 782 3219 lia·
796 3188 818 3253 c
834 3165 900 3233 ridi,
912 3173 941 3220 et
953 3164 1007 3236 legi
1023 3162 1159 3220 bullatum
1174 3160 1246 3217 hulla
1264 3160 1394 3233 plumbea
1411 3159 1560 3232 apostolica
1579 3158 1630 3216 sed

124 3256 262 3323 Ecclesia,
276 3256 420 3312 continens
437 3270 491 3328 qua
505 3253 588 3312 habet
610 3256 654 3312 illa
674 3255 782 3312 inscri-
835 3275 891 3316 non
914 3273 993 3315 mora
1014 3257 1132 3312 aliarum
1153 3254 1366 3327 apostolicarum
1388 3253 1526 3311 bullarum
1556 3268 1630 3309 anno

116 3349 235 3415 minum,
261 3365 315 3404 uon
339 3349 430 3419 aliquo
450 3349 524 3421 jure,
551 3364 608 3404 non
628 3349 719 3422 aliqua
742 3365 785 3406 re·
838 3352 950 3410 Domini
959 3353 994 3408 ll.
1004 3353 1032 3407 J.
1043 3351 1073 3407 C.
1088 3355 1167 3418 1413,
1177 3348 1326 3408 indictione
1337 3362 1381 3417 ts,
1392 3346 1436 3407 aie
1445 3347 1536 3421 primo
1548 3346 1628 3415 isaii,

116 3459 133 3512 r,
160 3442 208 3499 sed
239 3442 332 3514 potius
364 3457 444 3497 causa
477 3441 639 3499 humilitatis
661 3444 784 3499 evenerit
838 3452 935 3503 Amen.

116 3536 192 3592 ilicet
221 3535 445 3607 archiepiscopos
465 3537 608 3592 Ravennae
631 3536 785 3608 permiserit
1213 3562 1262 3616 ΠΙ·

117 3629 204 3687 isibi
229 3630 276 3685 illo
303 3630 423 3686 termino
449 3644 516 3685 casu
545 3627 783 3702 archiepiscopum
912 3653 917 3665 ·
1090 3689 1096 3700 .
1347 3686 1353 3699 ‚
1487 3686 1493 3699 ‚
1633 3683 1638 3695 ,
1787 3678 1797 3715 ι

837 3684 1637 3830 lmithiiitliththliih‘tltt‘el

1132 3872 1224 3936 (Anno
1249 3870 1339 3935 1080.)
1376 3876 1380 3883 “

116 3733 374 3794 censemctnapro
386 3762 541 3779 ......
551 3723 785 3794 quirisessetim-

116 3818 312 3890 agigneretur,
336 3815 470 3888 placuisse
491 3831 569 3889 papae
583 3817 698 3887 ioanni,
719 3832 784 3874 suc-

116 3909 183 3968 illius
204 3910 374 3983 Symmachi,
398 3910 489 3983 ipsum
514 3910 686 3984 privilegium
711 3909 781 3968 llari.

116 4020 159 4061 em
173 4005 324 4078 proposito,
339 4012 369 4060 ut
381 4005 443 4074 quis
460 4019 558 4060 eorum
571 4003 709 4063 videratur
723 4020 783 4061 csse
1015 3989 1139 4056 [MANSB
1163 3985 1261 4040 ⁶⁰²202'1·
1284 3984 1353 4052 XX,
1377 3983 1453 4057 ⁶¹⁵]

116 4099 238 4172 manetis
252 4113 317 4154 vero
341 4097 438 4154 dextra
453 4112 530 4170 papae
544 4097 661 4153 Romani
676 4113 785 4170 semper
872 4103 1013 4160 Crassus
1034 4102 1179 4174 episcopus
1201 4115 1297 4157 servus
1315 4114 1460 4156 servorum
1483 4098 1547 4170 Dei,
1571 4113 1632 4155 san·

116 4201 209 4249 emtor
222 4191 426 4264 archiepiscopo
443 4193 611 4260 Ravennati,
624 4189 784 4248 addendum
837 4204 889 4254 ctae
903 4196 1057 4252 Rauennati
1074 4195 1214 4260 Ecclesiae,
1229 4192 1413 4265 omnibusque
1425 4190 1524 4250 lotuds
1537 4192 1568 4249 in
1582 4190 1629 4248 illa

116 4285 186 4342 isoli
204 4284 378 4358 imperatori,
393 4286 415 4340 si
434 4300 552 4356 praeseus
567 4283 685 4352 adesset,
700 4293 731 4340 ut
744 4285 785 4342 sic
837 4287 1046 4360 archiepiscopis
1055 4303 1104 4359 per
1114 4302 1175 4343 eam
1187 4288 1216 4342 in
1227 4294 1401 4358 perpetuum.

116 4394 177 4435 ram
193 4379 461 4455 cumtransmigrare
474 4378 582 4436 debere.
598 4377 705 4448 Quibus
714 4379 783 4435 duo·
873 4383 942 4438 Cum
952 4380 987 4437 ad
1002 4378 1251 4437 nosEcclcsiarum
1265 4394 1330 4435 cura
1345 4378 1481 4451 respiciat,
1496 4377 1566 4435 etde
1573 4378 1635 4436 slu-

116 4481 264 4529 erectorum
292 4473 421 4539 ostensis,
456 4472 531 4528 tertii
554 4488 618 4529 uero
639 4473 784 4529 altercato-
838 4475 907 4549 gulis
917 4475 1038 4548 cogitare
1054 4472 1209 4540 macenias,
1223 4481 1251 4528 et
1268 4487 1302 4528 ex
1315 4469 1410 4528 debito
1422 4471 1540 4543 suscepti
1554 4473 1632 4544 regi-

118 4575 161 4623 cst
175 4565 348 4639 patriarchae,
363 4574 504 4622 ostensum
519 4575 562 4622 est
575 4566 752 4639 privilegium
766 4582 781 4622 a
797 4541 823 4606 Ῑ)
839 4569 922 4626 minis
935 4567 1065 4624 omnibus
1082 4582 1133 4624 nos
1149 4564 1292 4640 providere
1305 4571 1432 4637 oporteat
1452 4582 1461 4621 a
1476 4564 1630 4637 specialiter

116 4675 181 4717 tono
201 4659 309 4717 decimo
324 4676 391 4732 papa
413 4658 516 4716 lactum
537 4660 661 4715 similiter
678 4659 712 4716 de
725 4675 783 4716 scs·
836 4671 932 4719 tamen
951 4669 980 4718 et
997 4661 1118 4719 maxime
1140 4658 1296 4717 Ravennati
1316 4658 1473 4731 prospicere
1498 4656 1632 4715 dehemus

126 4753 266 4811 dexteram
281 4761 396 4825 partem.
416 4756 465 4808 liis
482 4753 581 4808 auditis
598 4752 724 4808 universa
737 4769 781 4826 sy·
837 4756 975 4824 Ecclesiae,
986 4756 1030 4813 cui
1044 4768 1208 4827 presumus,
1224 4757 1283 4811 Deo
1297 4752 1424 4825 propitio,
1438 4759 1470 4808 ot
1480 4766 1590 4825 sponsas
1604 4760 1634 4808 et

116 4855 267 4919 stenogata
286 4855 358 4903 esta
378 4846 458 4902 nohis
474 4864 481 4901 :
498 4846 585 4918 primo
607 4854 700 4902 autem
722 4861 782 4903 om·
836 4849 906 4907 lilia.
920 4848 1012 4921 Hujus
1030 4848 1115 4921 igitur
1131 4845 1257 4904 miserias
1272 4844 1633 4918 praeeminentiores,

116 4942 204 4997 omani
216 4941 338 5012 episcopi
353 4939 497 5013 clerusque
510 4941 663 5009 Romanus,
683 4940 783 5013 quibus
836 4951 972 5016 quantum
982 4942 1011 5000 in
1021 4941 1101 4998 nobis
1118 4948 1169 5005 est,
1180 4949 1326 5012 amputare
1335 4939 1467 5010 volentes,
1477 4938 1532 4996 hoc
1541 4953 1631 4996 reme-

116 5035 186 5091 »ritas
207 5042 248 5090 cst
270 5034 367 5106 major,
394 5041 422 5090 et
441 5034 498 5106 ipsa
521 5049 567 5090 res
589 5042 649 5089 crat
672 5034 781 5103 notior3
836 5035 875 5092 dii
895 5051 1005 5109 genere,
1029 5036 1083 5092 hoc
1096 5034 1202 5091 concilii
1215 5032 1339 5090 antidoto
1361 5032 1473 5090 tandem
1485 5031 1631 5090 subvenire

116 5128 198 5185 aeteri
220 5142 326 5184 omnes.
351 5129 474 5200 Cumque
498 5144 530 5184 cx
550 5126 645 5183 ordine
664 5129 783 5185 ioannes
835 5131 1001 5198 curavimus,
1028 5136 1069 5198 ut,
1091 5127 1271 5186 consideratis
1289 5126 1437 5201 privilegiis
1454 5124 1633 5183 deessmrum

117 5223 327 5290 sPortuensis,
351 5228 379 5277 et
398 5226 496 5279 Petrus
520 5221 652 5278 diaconus
679 5229 783 5279 nostres
836 5232 996 5281 nostrorum
1024 5226 1217 5280 Romanorum
1246 5220 1406 5293 pontificum
1434 5227 1463 5276 et
1491 5217 1635 5291 praeceptis

116 5330 143 5372 m
163 5314 238 5373 sedis
258 5314 451 5384 cancellarius,
476 5315 648 5387 privilegium
673 5319 781 5374 lieven·
837 5320 1035 5393 imperatorum
1056 5331 1118 5390 quoe
1144 5317 1173 5374 in
1202 5314 1314 5373 archivo
1337 5323 1443 5372 nostrae
1464 5311 1634 5369 Ravennatis

116 5410 207 5466 clesiae
229 5408 286 5466 rice
304 5424 353 5466 sua
368 5408 502 5465 universae
523 5419 613 5481 partes
629 5410 781 5478 laudarent,
835 5413 965 5469 Ecclesia
983 5411 1175 5478 continentur,
1196 5424 1365 5482 numenque
1385 5407 1413 5463 iu
1437 5406 1492 5463 illis
1506 5405 1635 5479 legusmr

116 5518 209 5576 pioque
224 5502 391 5576 Brisegcnsis
404 5503 545 5575 episcopus
566 5503 621 5561 hoc
643 5503 718 5560 idem
738 5503 781 5561 le·
835 5504 966 5577 privilegii
1009 5504 1204 5577 astipulatione
1234 5503 1393 5567 lirmentur,
1439 5506 1481 5569 ut,
1516 5498 1634 5557 sublatis

116 5612 159 5669 pus
168 5611 263 5654 rocem
278 5604 335 5653 tota
347 5595 469 5669 synodus
486 5606 634 5653 consecuta
648 5606 698 5654 cst.
719 5598 781 5668 Quo
823 5598 870 5655 de
888 5605 988 5655 cetero
1009 5598 1163 5655 seminariis
1181 5597 1282 5663 litium,
1303 5610 1355 5652 nee
1370 5597 1497 5651 Romana
1512 5591 1633 5650 Eoslada

116 5704 222 5747 aunum
240 5690 371 5763 placitum
394 5689 585 5747 aesomnium
604 5700 780 5760 convenerat,
835 5686 1527 5760 RavennatiEcclesiae,materllliarsuae,in1uriem
1539 5682 1633 5753 treas.

116 5798 210 5857 noque
232 5798 358 5841 emensus
387 5782 448 5855 pari
472 5783 575 5840 ratione
592 5785 781 5842 accommoda·
835 5800 885 5842 nec
909 5785 990 5843 matri
1009 5784 1067 5845 lilia
1096 5782 1275 5851 contradicat,
1301 5781 1350 5839 sed
1371 5778 1532 5853 oraturam
1553 5778 1643 5837 msul-

116 5878 151 5935 lit
162 5892 228 5935 raro
237 5876 311 5950 qood
322 5883 468 5934 aammsst
479 5876 609 5935 omnibus
616 5877 779 5946 innotescat,
835 5887 952 5956 utraque
966 5879 1118 5953 possideat.
1132 5872 1360 5947 sedandarum
1369 5867 1651 5945 mellmfflffi
