3870 6164
202 307 252 360 {79
812 301 841 356 S.
862 301 1055 359 GREGORIUS
1073 303 1119 359 Vll
1136 302 1235 359 ΡΑΡΑ.
1802 307 1853 360 leli

199 426 336 485 nomaeho
350 425 594 496 circumferuntur,
615 424 685 483 nihii
705 440 802 482 meror
820 426 905 498 (280).
921 426 1002 484 Unde
1016 432 1041 495 Α
1052 429 1113 499 jam
1121 444 1176 484 noa
1186 428 1380 497 seamdrrsille,
1390 428 1594 497 ecdcullusasl,
1610 434 1661 484 etc.
1673 427 1750 485 Idem
1766 436 1795 485 et
1815 427 1853 485 llll

202 521 277 579 Otho
300 521 492 594 Frisingeusis‚
519 519 620 577 horum
645 528 801 591 temporum
837 520 954 593 scriptor
988 538 996 576 ε
1051 521 1130 578 multi
1148 521 1294 595 scriptores
1307 520 1459 594 prodidere.

200 620 281 686 hepo,
299 615 396 689 inquit,
413 620 439 671 et
451 616 538 685 relego
550 618 732 672 Roraaaeram
743 618 899 685 pontificum
913 620 997 684 peste,
1087 617 1236 686 Caeterum,
1258 626 1290 673 ut
1304 617 1374 673 banc
1387 631 1447 672 rem
1465 616 1550 673 semel
1564 615 1675 685 tiniam,
1692 614 1854 689 hujusmodi

201 716 374 781 etacsqaum
383 711 487 766 moereb
500 711 619 780 aliquem
637 724 728 764 maram
745 714 807 764 carle
820 711 891 765 hrcac
905 712 1000 766 Heau-
1052 726 1147 769 rerum
1169 711 1311 768 occasione
1325 710 1555 784 perniciosissima
1569 710 1678 779 seditio,
1691 717 1720 766 et
1741 709 1857 767 haeresis

201 821 292 860 como
310 808 428 863 Roumm
443 807 570 876 pontifice
583 804 841 860 excommunicatura
862 806 999 875 celrrano
1052 805 1178 864 omnium
1199 804 1422 878 pestilentissima
1442 803 1626 862 Christimum
1644 803 1777 879 populum
1802 802 1856 860 hoc

198 901 357 972 privatum,
376 905 429 954 etc.
1052 908 1177 972 tempore
1198 898 1318 956 maxime
1331 907 1473 973 pervagata
1493 906 1550 968 cst,
1564 907 1593 955 et
1607 897 1684 955 orbis
1697 906 1855 965 terrarum,

236 992 413 1049 Ceterumee
424 1005 485 1063 puae
496 988 598 1047 horum
616 997 775 1063 temporum
787 991 933 1049 cardinalis
944 992 1001 1067 qui·
1052 994 1076 1051 si
1086 1008 1223 1068 uuquam,
1242 992 1295 1050 hac
1307 1001 1468 1067 tempestate
1482 1008 1496 1049 a
1512 990 1622 1050 cardine
1636 990 1776 1050 bellorum
1790 1006 1854 1065 pro·

201 1087 378 1153 damBenno,
386 1085 550 1153 Germanus,
558 1084 588 1140 in
597 1086 715 1157 gratiam
724 1085 1001 1158 imperatoriscoutra
1058 1087 1134 1144 cellis'
1159 1087 1281 1160 jactatus
1302 1096 1358 1153 est,
1381 1093 1410 1144 et
1439 1102 1525 1160 genus
1552 1084 1706 1143 humanum
1734 1084 1857 1159 undique

201 1178 1000 1255 Gregoriumtlilscripsit,animusucnestmadcrcisllere,
1054 1197 1195 1240 armorum
1218 1181 1328 1239 turbine
1356 1182 1510 1238 involutum
1533 1179 1600 1250 fuit,
1626 1181 1666 1237 ita
1699 1189 1730 1236 ut
1753 1177 1857 1238 nullius

201 1289 318 1332 cumree
330 1274 471 1345 ipsaepuus
482 1271 674 1346 huicpontiiici
684 1271 791 1346 objicit,
802 1275 904 1349 partim
914 1275 1000 1347 iales,
1053 1275 1209 1333 schismatis
1226 1283 1352 1349 tempore
1371 1275 1494 1351 gravime
1507 1273 1659 1331 Ecclesiam
1680 1272 1802 1347 pericula
1827 1280 1855 1331 et

200 1368 302 1441 pertita
315 1365 437 1425 ridiculae
450 1366 515 1432 sint,
533 1375 562 1423 et
573 1366 675 1424 nullius
689 1369 825 1425 momenti
841 1387 848 1427 :
861 1371 906 1427 cui
923 1379 999 1440 tum,
1055 1370 1221 1427 calamitates
1239 1385 1349 1443 passam
1371 1368 1455 1426 fuisse
1473 1369 1608 1442 legamus.

200 1460 276 1536 quod
289 1460 375 1519 hostis
387 1460 538 1518 acerrimus
555 1461 682 1533 Gregorii
699 1477 778 1536 pepae
790 1462 883 1535 inerit,
894 1473 953 1523 tum
968 1479 1002 1523 ex
1091 1464 1226 1538 Gregorio
1237 1466 1288 1522 vil
1303 1463 1440 1537 expedito,
1454 1477 1528 1520 nune
1541 1461 1603 1536 quis
1616 1461 1743 1519 Clemens
1757 1462 1798 1519 Ill
1812 1476 1859 1518 aa·

200 1555 243 1612 bis
263 1568 324 1629 quae
336 1554 395 1612 dixi
408 1555 564 1612 nuliatenus
584 1554 670 1613 tidem
691 1555 874 1616 adhibendam
888 1573 999 1616 censeo.
1055 1557 1144 1631 tipapa
1165 1556 1256 1628 iuerit,
1277 1566 1306 1615 et
1318 1573 1362 1614 res
1383 1556 1418 1613 ab
1431 1571 1464 1614 eo
1479 1562 1567 1630 gestas
1580 1553 1711 1627 aperiam.

199 1651 293 1708 Meam
311 1648 383 1706 hanc
398 1650 564 1706 sententiam
581 1649 748 1708 confirmare
765 1661 883 1724 possunt
901 1653 1000 1710 horum
1146 1655 1351 1712 CLEhlEliTlS
1368 1658 1407 1712 111
1426 1655 1617 1711 ANTIPAPAE
1636 1653 1802 1711 ELECTIO.

201 1753 359 1817 temporum
370 1744 532 1816 scriptores,
543 1752 600 1801 mm
618 1745 751 1801 Germani
764 1760 850 1818 quam
863 1746 939 1812 itali,
951 1747 999 1820 qui
1092 1745 1219 1802 Clemens
1241 1747 1298 1813 lll,
1313 1745 1359 1817 qui
1374 1745 1402 1801 in
1421 1744 1569 1801 schismate
1587 1749 1681 1800 centra
1693 1743 1859 1817 Gregorium

200 1836 406 1911 debujusmodi
426 1838 576 1911 perniciosa
595 1837 730 1896 discordia
745 1846 806 1895 tum
818 1854 852 1896 ex
863 1840 1000 1911 instituto,
1016 1813 1040 1876 Β
1056 1855 1153 1912 papam
1175 1842 1225 1895 Vll
1248 1837 1283 1896 ab
1302 1839 1464 1911 imperatore
1479 1836 1597 1893 llcrrrico
1619 1838 1653 1894 lv
1673 1845 1702 1894 ut
1718 1840 1791 1904 (288)
1805 1836 1857 1893 im·

201 1940 263 1989 tum
278 1932 366 1989 obiter
377 1930 461 1989 libros
479 1932 684 2004 conscripsere;
698 1932 770 1990 iuter
783 1949 855 2005 qtros
873 1934 1002 2007 praecipui
1056 1933 1124 2007 perii
1131 1933 1195 2006 jura
1205 1941 1339 2001 tueretur,
1353 1932 1482 2005 antipapa
1492 1938 1600 2016 creatus
1610 1938 1662 1987 est.
1672 1931 1736 1988 Fuit
1747 1932 1859 1987 nahonc

201 2026 280 2084 fuere
294 2025 397 2084 Paulus
411 2025 618 2083 Bernriedensis
628 2030 718 2096 (281),
731 2026 872 2101 presbyter
880 2029 1002 2101 Regino·
1056 2028 1157 2097 Italus,
1173 2028 1263 2100 patria
1278 2027 1446 2095 Parmensis,
1462 2041 1573 2083 summo
1585 2024 1648 2082 loco
1662 2033 1755 2094 uatus,
1770 2040 1803 2081 cx
1818 2022 1860 2081 ia·

201 2120 298 2193 burgi;
313 2119 457 2178 Gerochus
473 2120 742 2194 Reicherspergeneis
755 2121 898 2194 episcopus
915 2126 1001 2192 (282),
1058 2120 1132 2178 milia
1144 2121 1276 2194 corrigia,
1287 2136 1349 2194 quae
1361 2122 1420 2194 ejus
1429 2119 1505 2176 urbis
1514 2118 1663 2192 aliquando
1674 2118 1859 2191 principatum

86 2276 93 2291 „
201 2214 369 2273 lambertus
395 2212 666 2288 Sohafinaburgensis
686 2214 921 2273 liirsenieldensis
941 2232 1001 2273 mo·
1056 2216 1153 2284 tenuit,
1180 2215 1329 2273 Guibcrtus
1355 2221 1433 2270 antca
1457 2221 1580 2270 vocatus.
1609 2213 1661 2270 ilic
1687 2211 1721 2268 ab
1749 2213 1860 2270 ineunte

200 2309 321 2377 neehue,
344 2307 506 2366 chunradus
532 2307 567 2366 de
597 2308 784 2377 Liechtenaw,
815 2326 912 2367 omnes
935 2311 1003 2368 Ger·
1057 2317 1137 2367 aetate
1160 2307 1196 2365 ad
1220 2309 1323 2365 curiam
1346 2308 1518 2381 imperatoris
1539 2312 1614 2379 (rpuae
1630 2302 1858 2382 sacerdotiorum

202 2404 286 2460 mani.
318 2405 357 2460 Ex
380 2402 455 2459 italis
476 2391 543 2459 it'em
562 2403 621 2459 Lea
648 2403 831 2472 Marsicanus,
857 2404 1003 2477 episcopus
1057 2401 1315 2476 consequendorum
1335 2416 1416 2457 causa
1448 2404 1533 2471 (284),
1558 2410 1588 2456 ut
1610 2407 1708 2456 nostro
1733 2407 1860 2472 tempore

198 2497 350 2564 Ostiensis3
365 2496 484 2553 incertus
498 2505 593 2553 auctor
607 2495 783 2555 Bibliothecae
798 2496 939 2564 Palatinae,
953 2497 998 2571 qui
1058 2500 1156 2554 Romae
1166 2511 1228 2552 mos
1238 2504 1292 2565 est,
1307 2503 1373 2553 tunc
1385 2511 1417 2552 cx
1432 2503 1489 2552 toto
1502 2494 1568 2552 orbe
1579 2502 1714 2551 terrarum
1728 2492 1859 2567 frequen

201 2591 282 2665 hujus
297 2589 435 2663 pontificis
448 2590 540 2647 Vitam
552 2591 723 2663 conscripsit,
739 2600 766 2647 ct
779 2591 927 2649 novissime
946 2596 1002 2650 hrt·
1058 2590 1198 2659 tabutur),
1215 2596 1245 2647 ut
1265 2589 1402 2647 iomrrnam
1426 2604 1504 2645 suam
1525 2587 1706 2661 experiretur,
1730 2580 1857 2655 abcessit,

201 2686 303 2743 seimus
323 2685 469 2757 episcopus
487 2685 633 2754 Lucensis,
653 2686 780 2758 Gregorii
804 2685 887 2760 ipsius
906 2701 1006 2760 coope-
1058 2683 1208 2743 Chunrado
1227 2684 1340 2741 hienrici
1361 2685 1400 2740 lli
1423 2691 1500 2756 patre
1520 2698 1614 2739 rerum
1633 2681 1765 2754 potiente.
1782 2682 1853 2738 Cum

200 2788 276 2838 rator
296 2779 461 2848 indefessus,
477 2779 523 2852 qui
539 2778 659 2852 hymnos
677 2787 706 2836 et
719 2780 769 2838 alia
789 2796 850 2853 quae
862 2780 896 2838 de
910 2781 1006 2838 Salva·
1059 2788 1152 2836 atatem
1182 2778 1342 2836 adolescens
1371 2777 1501 2834 evasisset
1524 2774 1643 2848 ingenia,
1672 2773 1801 2832 iacuudia
1826 2783 1857 2832 et

201 2873 369 2932 tonsurari
383 2871 550 2930 cruciatibus
564 2872 714 2946 perscripta
730 2883 808 2945 sunt,
824 2872 859 2932 de
871 2874 1005 2947 Gregorio
1059 2871 1201 2946 prudentia
1215 2874 1303 2930 clarus
1322 2880 1350 2929 et
1368 2871 1510 2929 nobilitate
1529 2869 1684 2943 praecipuus
1701 2868 1858 2936 haberetur,

202 2968 260 3041 ipso
281 2966 479 3040 interpretatus
499 2974 554 3036 est,
579 2968 693 3040 ejusque
718 2967 873 3025 doctrinam
888 2968 1006 3041 eleganti
1060 2966 1189 3039 paulatim
1209 2969 1236 3023 in
1259 2967 1374 3041 gratiam
1402 2965 1513 3023 Haurici
1542 2967 1583 3021 ill
1601 2964 1738 3036 pervenit,
1764 2979 1778 3020 a
1805 2978 1860 3036 quo

199 3062 269 3118 libro
290 3061 422 3133 scriptam
449 3059 653 3117 confirmarit:
680 3061 721 3117 rir
741 3060 843 3118 litteris
865 3061 1003 3126 eruditus,
1060 3060 1253 3134 permagnifice
1276 3075 1386 3134 semper
1411 3067 1542 3117 tractatus
1565 3066 1617 3116 est.
1637 3056 1719 3131 Apud
1738 3072 1858 3115 uxorem

201 3155 310 3227 ingenio
333 3153 525 3219 acutissimus,
540 3150 665 3209 facundia
685 3154 854 3227 praecipuus,
878 3161 905 3209 et
929 3155 1003 3227 quod
1021 3170 1044 3233 c
1061 3170 1125 3210 vero
1138 3154 1197 3228 ejus
1209 3156 1346 3225 agnetem
1366 3162 1473 3209 tantiam
1495 3152 1580 3226 gralia
1593 3159 1620 3208 ct
1640 3152 1801 3209 auctoritate
1814 3167 1863 3208 va·

201 3247 330 3303 omnibus
342 3245 430 3316 majus
443 3253 502 3313 est,
519 3245 546 3300 in
560 3245 609 3301 Dei
627 3245 728 3302 timore
742 3254 770 3304 et
785 3256 878 3304 sancta
890 3263 1004 3305 conrcr·
1060 3249 1119 3319 luit,
1134 3249 1265 3321 utipsum
1281 3247 1365 3304 italici
1384 3248 1461 3320 regni
1482 3246 1674 3304 cancellarium
1692 3245 1776 3302 creari
1792 3260 1860 3317 pro·

200 3339 305 3398 satione
324 3338 520 3396 celeberrimus
539 3339 577 3397 ita
592 3348 622 3396 ut
639 3347 697 3396 tam
715 3340 743 3396 in
764 3341 817 3397 vita
835 3357 919 3415 quam
945 3351 1005 3414 post
1059 3343 1171 3401 curarit.
1186 3345 1258 3399 Eum
1277 3342 1351 3399 euim
1366 3341 1679 3416 providum,strenuum
1692 3347 1721 3396 et
1738 3338 1860 3412 pruden-

202 3442 321 3493 mortem
337 3432 479 3491 miraculis
493 3432 625 3491 claruisse
644 3442 825 3493 memoretur.
1058 3446 1115 3495 tem
1138 3438 1226 3493 virum
1248 3437 1274 3493 in
1290 3436 1382 3494 multis
1394 3435 1487 3493 arduis
1504 3434 1621 3510 negotiis
1634 3440 1746 3507 experta
1761 3432 1859 3491 iuerat.

236 3532 266 3587 ls
277 3528 397 3588 scribens
417 3525 452 3584 ud
470 3527 626 3602 antipapam
642 3529 810 3587 Guibcrtum
823 3530 966 3602 epistolam
976 3530 1004 3587 in
1059 3533 1121 3605 Quo
1135 3540 1260 3605 tempore
1274 3532 1307 3588 ab
1322 3532 1381 3605 ejus
1402 3539 1512 3599 nutura,
1528 3538 1555 3586 ct
1578 3529 1748 3586 voluntatem
1770 3534 1862 3584 totum

201 3639 255 3698 qua
272 3624 351 3680 illum
364 3621 601 3696 prevaricatorem
616 3638 647 3679 ac
661 3623 1005 3698 superbumrocat,atque
1058 3627 1164 3700 imperii
1191 3625 1297 3699 pondus
1323 3624 1493 3691 rertebatrrr;
1522 3624 1549 3679 ia
1572 3639 1628 3696 quo
1653 3634 1766 3679 munere
1789 3623 1864 3678 Hen-

202 3718 275 3775 inter
288 3716 363 3773 alia:
391 3720 426 3773 lit
447 3732 525 3788 erge,
545 3716 651 3792 iuquit,
674 3718 707 3773 de
721 3718 795 3774 beato
819 3721 901 3775 Patre
914 3723 1005 3775 ametro
1059 3721 1115 3778 rico
1131 3722 1172 3777 lll
1184 3722 1291 3778 Caesare
1304 3718 1437 3778 cadolum
1449 3718 1647 3775 Pallavicinum
1666 3716 1696 3772 iu
1714 3714 1863 3774 schismate

200 3812 326 3881 Gregorio
346 3811 452 3880 dicam,
473 3810 546 3883 qaod
570 3811 606 3866 de
629 3812 750 3867 Ccmcelr'o
774 3815 887 3883 scripsit
910 3815 1026 3869 beatus·
1058 3818 1154 3872 contra
1178 3813 1366 3871 Alexandrum
1384 3816 1411 3870 il
1425 3812 1583 3886 pontificem
1602 3818 1729 3868 creatum
1744 3809 1864 3868 maxime

200 3906 354 3977 cyprianus
375 3923 385 3960 .·
408 3909 506 3962 Factus
527 3910 565 3961 est
581 3904 731 3978 Gregorius
747 3908 888 3977 miscernus
910 3907 944 3962 dc
959 3909 1008 3962 lici
1059 3909 1136 3977 fovit,
1152 3917 1188 3974 ct,
1205 3909 1271 3966 dum
1285 3908 1381 3981 potuit,
1392 3906 1565 3980 inpontificia
1579 3905 1715 3978 dignitate
1729 3904 1860 3978 protexit.

199 4005 225 4057 et
251 4000 353 4057 chrisa
373 3998 433 4071 aias
460 4000 583 4071 judicie,
616 4001 649 4055 dc
679 4000 835 4057 clericorem
857 4016 928 4071 perte
952 4016 1006 4056 orn·
1094 4006 1231 4061 Caeterum
1252 4008 1357 4076 agnete
1370 4000 1540 4075 imperatrice
1562 4015 1686 4057 aretum
1711 4014 1779 4057 cura
1797 3999 1861 4056 sub-

204 4094 298 4158 triam,
314 4099 355 4159 el,
377 4099 409 4149 ut
428 4098 517 4150 aerias
538 4095 643 4162 dicam,
658 4096 776 4150 omnium
790 4096 957 4163 testimonie,
973 4094 1007 4151 cle
1060 4107 1145 4165 mota,
1167 4097 1264 4170 quibus
1279 4096 1325 4153 diu
1341 4104 1401 4167 post
1420 4094 1533 4151 hienrici
1550 4097 1588 4150 ill
1613 4093 1705 4150 mariti
1724 4092 1767 4149 sui
1787 4109 1863 4149 mor-

197 4188 296 4259 plebis,
306 4203 365 4258 aare
376 4193 439 4244 tuac
447 4188 554 4250 odeum.
569 4189 720 4258 austrapio,
731 4189 764 4244 de
776 4188 947 4244 sacerdotum
963 4190 1007 4244 bo·
1060 4201 1128 4262 tent,
1143 4191 1217 4266 quod
1235 4207 1303 4263 puer
1323 4198 1382 4247 erat
1398 4187 1490 4245 adhuc
1511 4188 1583 4244 filius
1602 4190 1660 4260 ejus
1678 4188 1770 4245 cesar
1788 4189 1864 4243 Hen-

202 4296 298 4339 amram
319 4283 443 4338 virorum
464 4287 492 4338 et
515 4284 690 4353 critiquomm
705 4283 829 4352 callepio,
852 4298 912 4338 mem
931 4298 1006 4338 neme
1060 4287 1143 4355 ricus,
1179 4283 1338 4359 praeiuerat;
1374 4299 1437 4340 curn
1470 4284 1647 4355 negotiorum
1677 4279 1862 4352 imperialium

203 4380 268 4434 aule
281 4393 310 4433 te
319 4379 409 4447 terim
420 4382 501 4445 csset5
516 4394 575 4434 mim
585 4375 730 4433 Alexandri
744 4379 828 4446 leeris,
843 4378 873 4432 ld
882 4383 921 4434 cst
934 4378 1007 4435 Petri
1060 4396 1166 4438 morem
1182 4377 1356 4435 tractandum
1375 4394 1423 4450 pro
1438 4392 1502 4451 rege
1516 4393 1600 4450 puero
1619 4378 1699 4432 Auno
1714 4374 1863 4432 Colonien-

203 4471 289 4536 lceus,
305 4477 331 4528 el
345 4473 446 4543 prodas
469 4472 604 4527 cathedra
622 4470 797 4527 sacedotalis
816 4477 938 4542 occuram
954 4488 1007 4543 quo
1061 4475 1099 4532 sis
1119 4472 1339 4545 archiepiscopus
1363 4487 1397 4527 ex
1424 4470 1579 4544 principum
1606 4484 1741 4526 consensu
1766 4484 1863 4526 susce·

203 4569 329 4637 occupato
352 4568 384 4619 iu
403 4567 453 4621 lici
476 4565 626 4632 voluntate,
649 4570 731 4636 atquc
753 4569 871 4621 omnium
886 4571 1007 4622 aestuem
1023 4586 1048 4649 ῃ
1062 4569 1158 4644 pisset,
1182 4567 1332 4625 Guibcrtus
1351 4563 1445 4622 cilicio
1464 4580 1513 4621 suo
1536 4563 1657 4638 privatus
1682 4571 1735 4634 est3
1751 4560 1864 4619 Vercel-

203 4674 331 4715 couseasu
352 4659 495 4726 ordinato,
518 4661 639 4731 paupe-is
655 4659 719 4729 jum
741 4662 879 4731 meropes
890 4662 1006 4716 volaait
1060 4663 1128 4725 lensi
1142 4661 1180 4720 iili
1195 4660 1325 4734 episcopo
1339 4659 1495 4734 subrogato,
1512 4673 1578 4715 cum
1589 4655 1741 4714 multorum
1755 4654 1862 4729 imperii

202 4756 273 4824 piei,
295 4754 371 4820 foras
391 4755 452 4824 diff
469 4767 570 4808 2262882
584 4758 641 4820 θδῑῐ
656 4769 709 4810 '1⁰²1
731 4755 831 4810 'tilieti
844 4754 1005 4811 eccletwiit'·
1060 4772 1206 4833 procerum
1216 4753 1348 4813 invidiam
1359 4753 1395 4811 ob
1405 4741 1533 4810 virtutem
1544 4750 1734 4808 contraxisset.
1745 4752 1863 4819 Verum,

204 4863 261 4902 arm
279 4846 488 4911 ordinat-ionem,
505 4848 554 4918 qui
567 4848 689 4904 Ecclesiae
708 4864 762 4904 aon
778 4852 848 4905 taret
862 4851 1004 4916 sadotem,
1061 4869 1125 4910 cum
1152 4849 1289 4909 Hauricus
1309 4849 1401 4904 Caeear
1424 4846 1582 4903 adolescens
1604 4861 1618 4901 e
1637 4852 1763 4902 tutorum
1785 4850 1863 4917 pote·

201 4940 495 5014 preaesumpserit,
519 4942 580 4997 licat
598 4942 715 4998 trullum
736 4942 770 4997 de
784 4958 811 4998 se
823 4943 943 5014 iactans,
955 4942 1009 4997 sibi
1061 4955 1132 5004 stara
1152 4943 1273 5008 exiisset,
1295 4940 1403 5012 cognita
1417 4938 1543 4996 Galbam
1557 4938 1688 4996 lacuaria
1702 4944 1730 4994 et
1750 4937 1862 5005 rimare,

201 5035 353 5106 plurimum
372 5035 523 5104 vindicans,
537 5036 673 5107 melanas
688 5040 743 5104 est,
759 5037 1006 5103 alianastasis
1061 5055 1124 5097 cum
1142 5038 1213 5094 iuter
1235 5035 1346 5092 intimos
1365 5034 1480 5105 amicos,
1500 5042 1527 5089 et
1544 5032 1712 5090 consiliarios
1732 5046 1798 5088 suos
1819 5045 1863 5087 ao·

204 5133 259 5196 cst,·
278 5132 374 5184 etcum
396 5133 458 5200 post
474 5114 599 5201 primam
622 5128 752 5185 secundus
765 5144 819 5185 essa
831 5145 885 5184 aaa
904 5132 1003 5200 possit,
1061 5134 1142 5202 civit,
1160 5140 1188 5188 et
1205 5146 1261 5188 uon
1281 5131 1362 5203 longe
1382 5136 1442 5200 post
1465 5127 1698 5201 archiepiscopum
1713 5126 1864 5181 Ravenna·

204 5223 327 5293 quisquis
340 5227 402 5294 post
416 5238 509 5291 anum,
523 5225 574 5294 qui
589 5224 660 5278 solare
674 5223 751 5279 debet
767 5237 836 5290 esse,
852 5225 943 5291 scotris
956 5227 1005 5289 est,
1061 5237 1118 5285 ram
1140 5223 1300 5299 designavit.
1325 5222 1437 5279 Mortuo
1461 5218 1617 5278 Alexandro
1637 5222 1663 5277 ll
1684 5235 1731 5292 per
1752 5214 1863 5292 aliquod

241 5384 313 5447 (280)
332 5380 395 5437 Non
421 5388 487 5437 sunt
513 5378 622 5436 tabula.
651 5382 723 5451 Lege
749 5379 817 5436 Bell.
844 5379 892 5436 lib.
918 5395 942 5436 rr
966 5385 1007 5438 De
1062 5372 1863 5450 bunal,insulaillegitimumprerertimcumineaomnia

242 5451 317 5517 urii„
331 5467 391 5525 cap.
413 5457 464 5521 12,
482 5460 511 5510 et
528 5451 574 5507 lib.
603 5465 644 5508 111
670 5467 731 5524 cap.
751 5451 868 5509 2.'Vide
890 5467 954 5525 quae
972 5453 1008 5511 ad
1061 5460 1152 5510 essent
1168 5450 1280 5517 venalia,
1303 5459 1458 5522 praeterque
1480 5450 1623 5507 Simonem
1635 5456 1665 5504 et
1684 5445 1763 5504 Gieai
1776 5458 1863 5503 nemo

205 5466 251 5579 ffb.
273 5537 312 5591 11,
335 5540 395 5596 cap.
419 5524 465 5592 le,
485 5522 614 5580 diximus.
1057 5526 1104 5599 jus
1121 5523 1234 5580 diceret.
1248 5524 1384 5579 Domnizo
1400 5522 1434 5577 dc
1450 5521 1583 5580 Guiberto
1599 5537 1605 5574 :
1621 5519 1709 5590 ldujor
1723 5523 1782 5573 crot
1794 5532 1862 5571 uru-

241 5598 313 5660 (281)
328 5594 482 5652 Monachus
496 5592 556 5651 ord.
573 5596 679 5651 Canon.
694 5593 794 5675 Regni.
808 5596 836 5651 S.
851 5596 1005 5669 augustini.
1061 5599 1111 5651 ctis
1126 5596 1272 5653 Guibcrtas
1287 5597 1422 5665 episcopus
1437 5594 1510 5647 arms
1528 5594 1671 5655 Rrrccaaoe,
1692 5590 1794 5655 decha,
1818 5602 1863 5642 so-

241 5668 315 5733 (282)
336 5665 564 5739 Noutpiflwlltlt,
578 5664 626 5722 ted
639 5673 810 5738 prepositus.
1058 5670 1146 5740 piem,
1162 5671 1187 5722 et
1208 5667 1306 5721 nobilis
1328 5671 1416 5728 urhe,
1440 5665 1581 5719 eustitrrat
1602 5666 1708 5718 Por-rma
1726 5661 1793 5714 ciris
1813 5673 1863 5713 seu

242 5739 315 5804 (282)
330 5739 391 5794 imo
408 5747 440 5794 ut
459 5737 597 5795 libidinem
615 5753 695 5794 suam
708 5738 839 5810 expleret,
858 5745 886 5795 et
902 5738 948 5810 Jus
967 5738 1007 5796 di·
1061 5740 1170 5795 clericas
1187 5756 1196 5790 .·
1213 5743 1275 5793 urite
1289 5739 1355 5793 dum
1371 5739 1427 5807 suit
1445 5737 1543 5792 electas
1559 5736 1707 5803 Gregorius
1724 5734 1775 5787 istc
1789 5731 1861 5789 Gai-

205 5808 300 5864 rinum
335 5816 477 5867 everteret.
1063 5813 1152 5868 bertus
1165 5811 1222 5881 ipsi
1241 5810 1359 5881 juravit.

241 5882 313 5948 (284)
329 5882 426 5956 Dispar
439 5881 520 5954 ratio,
536 5897 603 5940 uam
615 5884 715 5939 Romae
731 5880 885 5954 legitimum
898 5890 940 5938 est
959 5883 1007 5939 tri·
