3884 6158
548 52 577 107 S.
598 49 760 107 auersam}
778 51 823 107 l'll
842 50 940 109 PAPAE
958 50 1096 108 oenttmt
1116 54 1202 107 l‘uns
1222 82 1252 107 ι..

144 187 252 246 :abilam
265 183 391 240 locorum
405 178 527 251 quietem
544 175 749 247 stabiliendam,
771 184 875 235 nostre
886 181 914 247 A
927 175 1052 237 aratione
1063 176 1268 251 privilegiorum
1285 174 1441 234 Clunieusis
1454 176 1589 247 molestae,
1600 195 1724 251 epm?-

137 282 237 339 antatb
255 275 397 333 munimen
420 270 546 330 conferre
572 272 733 329 debeamus.
752 270 871 329 Proinde

130 376 243 431 ‚ibatum
264 366 461 426 momsterium
481 366 523 424 cui
544 374 576 423 tu
596 381 713 437 prracesso
732 364 872 439 dignosce·

128 469 210 541 juxta
223 462 386 537 petitionem
401 469 489 529 tuam,
503 459 555 517 snb
567 460 723 532 apostoticae
737 459 809 517 sedis
826 459 872 516 de-

117 561 191 617 sione
212 557 366 629 recipimus,
387 564 417 613 ot
437 555 582 628 praesentis
605 554 736 627 privilegii
760 552 870 609 decreto

111 662 165 709 rota
177 668 241 725 qurc
263 649 469 723 hactenusjme
489 645 627 721 possidere
650 647 739 703 risam
762 656 814 715 est,
831 648 871 703 rel

103 749 195 819 inceps
219 744 339 803 Dontiao
357 742 487 817 largiente
503 742 579 815 juste
599 742 728 814 acquiret,
744 741 871 797 concedi·

96 856 133 898 ,uc
147 848 229 913 atquc
251 838 407 903 drmamus;
433 836 544 907 insuper
569 835 661 903 ouarrr,
686 834 871 891 consentiente

93 936 170 991 bano
200 934 339 1005 episcopo,
363 914 556 988 decimationes
585 928 711 984 omnium
736 937 871 984 terrarum

81 1044 139 1101 ruas
152 1027 189 1085 ad
204 1024 404 1086 dominicatum
420 1033 540 1080 restrum
556 1023 679 1077 laborere
694 1022 813 1078 feceritis
824 1040 870 1078 an-

76 1122 181 1179 rnimus
194 1141 202 1179 ι
215 1120 376 1193 adjicientes
394 1126 425 1173 ut
439 1116 562 1175 bdelium
576 1116 728 1171 oblationes
740 1117 871 1189 accipere,

70 1225 99 1275 et
111 1230 160 1273 eos
177 1215 224 1289 qni
238 1229 267 1272 se
291 1211 451 1271 devorarint
464 1211 492 1266 iu
506 1209 667 1267 coerneterio
690 1220 780 1267 restro
800 1226 874 1283 sepe.

69 1312 123 1379 liri,
143 1326 194 1367 noc
218 1326 273 1367 non
294 1310 378 1365 etiam
393 1308 548 1379 quicunque
568 1304 669 1361 sortito
688 1306 873 1362 renuntiantes

926 272 1077 331 Albaneusi
1101 271 1267 345 legationem
1293 279 1416 328 nostram
1442 269 1540 328 lereuti
1567 270 1729 329 inobediens

926 367 1070 433 exstiterit,
1084 366 1238 439 pracsertim
1248 381 1323 435 corn,
1333 365 1444 422 etirtmsi
1455 364 1571 439 aliquid,
1585 364 1662 439 quod
1672 380 1730 423 non

926 461 1074 530 eredimus,
1094 460 1274 517 inconsultius
1288 460 1335 517 tibi
1351 460 1470 534 irrogare
1487 459 1628 529 coluisset,
1643 459 1728 531 quid-

928 556 995 628 quid
1013 564 1094 619 esset,
1119 572 1168 627 pro
1183 554 1333 611 reverentia
1343 554 1501 625 apostolica
1513 552 1587 611 sedis
1602 553 1674 610 lerre
1686 554 1728 610 de·

927 652 1034 706 ruisset.
1052 654 1157 722 ltaque,
1176 658 1287 722 propter
1301 649 1402 707 borram
1415 649 1498 706 eitam
1518 656 1547 705 et
1564 648 1729 721 pastoralem

927 744 1095 817 vigilantiam
1121 760 1173 815 qua
1202 744 1272 800 cirea
1301 743 1449 799 Ecclesiam
1476 742 1526 799 tibi
1548 742 1729 801 comminuant

930 838 1059 903 desudes,
1074 837 1145 893 banc
1155 837 1479 911 eulpamlsupportantes,
1490 834 1668 909 praeripimus
1679 834 1729 892 tibi

927 941 1060 1006 quatenns
1071 932 1170 988 vocatis
1185 931 1220 987 de
1233 931 1392 989 melioribus
1413 929 1559 987 ritortaclris
1571 928 1730 988 Cluniensis

928 1027 1060 1094 certesiae,
1076 1025 1113 1083 ad
1142 1042 1321 1083 communem
1339 1026 1430 1082 locum
1455 1024 1525 1081 inter
1548 1025 1729 1083 cladsconem

929 1131 956 1178 et
972 1122 1131 1177 Cluuianum
1151 1122 1253 1188 uenias,
1269 1129 1299 1176 nt
1314 1120 1342 1175 in
1361 1119 1503 1191 praesentia
1527 1120 1642 1175 illorum
1663 1134 1731 1192 prae-

928 1214 1034 1271 dictum
1056 1214 1226 1287 privilegium
1249 1212 1406 1281 confirmes,
1430 1220 1458 1268 et
1480 1212 1518 1269 sic
1532 1212 1561 1269 in
1581 1212 1731 1287 episcopali

929 1308 1021 1365 cilicio
1036 1308 1187 1376 restitutus,
1201 1309 1347 1380 adjurante
1359 1306 1492 1376 Domino,
1506 1305 1639 1380 populum
1652 1314 1732 1365 tunm

70 1406 104 1464 ad
118 1413 237 1462 vestram
249 1402 488 1459 conversationem
502 1400 590 1456 ventre
606 1399 753 1467 voluerint,
770 1400 873 1457 licitum
931 1404 1019 1459 taleas
1034 1403 1180 1459 consolari.
1202 1406 1245 1459 Do
1256 1411 1356 1459 caetero
1373 1400 1577 1459 fraternitatem
1590 1409 1668 1457 tuam
1682 1418 1733 1475 pn·

70 1499 106 1555 sit
118 1498 196 1553 robis
208 1498 267 1553 sinc
283 1495 399 1567 alicujus
411 1493 626 1551 contradictione
640 1492 796 1550 admittere.
807 1496 876 1565 Quae
932 1507 1007 1553 terno
1022 1496 1134 1565 aflectu,
1148 1512 1275 1569 quoram
1287 1496 1490 1569 amplectimur,
1504 1494 1690 1553 admonemus
1700 1512 1733 1552 ne

70 1592 174 1659 omnia,
187 1590 260 1647 sicut
271 1589 372 1660 scripta
386 1598 460 1654 snm,
477 1595 507 1644 ut
519 1587 872 1645 memoratumcoenobium
893 1574 916 1637 Β
931 1592 1101 1664 improbitati
1124 1592 1163 1647 rel
1185 1590 1287 1648 levitati
1308 1590 1470 1646 clericorum
1493 1597 1605 1647 tuorum
1620 1588 1734 1647 ulterius

69 1694 148 1741 tuum
169 1699 217 1757 per
231 1681 438 1739 succedentium
455 1690 615 1753 ternporum
631 1682 764 1738 curricula
779 1698 874 1738 secure
929 1685 1058 1742 credulus
1075 1686 1185 1753 cristas,
1200 1683 1248 1741 sod
1265 1683 1344 1751 tricis,
1360 1682 1408 1757 qui
1424 1691 1460 1751 te,
1482 1698 1538 1739 non
1553 1692 1611 1754 tua,
1635 1683 1731 1759 diligo,

70 1794 102 1835 ae
123 1780 181 1835 sino
196 1776 382 1851 inquietudine
400 1775 516 1832 tirmiter
529 1784 557 1832 et
571 1775 728 1832 inconvulse
742 1775 873 1842 obtineat,
929 1780 1117 1853 potiusquam
1138 1780 1246 1835 illorum
1276 1776 1396 1835 consiliis
1414 1776 1579 1849 acquiescas.
1604 1776 1687 1849 Quod
1707 1780 1731 1835 si

72 1872 222 1945 apostolica
236 1872 398 1927 auctoritate
412 1869 623 1926 corroborantes
648 1869 792 1925 statuimus
815 1869 875 1925 nul·
931 1873 1038 1941 seeeris,
1053 1874 1123 1930 setas
1137 1874 1259 1945 protecto
1275 1871 1347 1946 quod
1363 1888 1414 1928 nos
1427 1870 1579 1929 Ecclesiam
1594 1870 1644 1929 tibi
1656 1888 1733 1929 com·

71 1966 129 2023 lum
155 1981 263 2039 regum,
286 1963 327 2021 tel
351 1965 560 2035 imperatorum,
590 1963 743 2019 arrtistitum
765 1962 872 2017 nullutn
930 1969 1040 2025 missam
1057 1966 1246 2041 praeiudicare
1262 1967 1398 2035 sustinere
1410 1964 1569 2023 rutilateaus
1581 1966 1731 2039 patiemur.

70 2074 233 2134 quacunque
263 2058 426 2116 auctoritato
458 2058 613 2130 praeditum,
647 2057 686 2112 vel
717 2057 875 2129 quempiam
930 2062 1043 2117 interim
1062 2070 1153 2116 autem
1173 2061 1231 2117 sine
1246 2061 1323 2116 omui
1338 2058 1528 2132 inquietudine
1546 2066 1576 2117 et
1596 2058 1734 2117 discordia

72 2154 155 2211 olium
178 2153 279 2211 andero
298 2152 332 2211 de
351 2153 393 2209 liis
413 2168 475 2224 qnae
498 2152 587 2207 eidem
610 2150 754 2207 venerabili
778 2152 838 2208 loco
859 2168 874 2208 a
931 2171 979 2212 ros
992 2164 1019 2211 et
1032 2154 1117 2211 abbas
1130 2155 1283 2211 tiernensis
1297 2154 1407 2227 pacifice
1422 2154 1567 2223 maneatis,
1581 2153 1733 2213 doneoco·

71 2247 238 2321 quibuslibet
256 2247 416 2304 bominibus
429 2244 464 2302 de
486 2246 599 2318 proprio
614 2244 749 2317 jureium
774 2244 875 2301 dorrata
930 2267 991 2307 ram
1006 2249 1105 2305 vicario
1120 2248 1215 2305 Dieasi
1230 2249 1358 2320 episcopo
1376 2246 1534 2321 hujusmodi
1548 2246 1733 2323 berettptoss·

71 2350 146 2411 sunt,
168 2342 209 2399 rel
229 2343 257 2397 ia
271 2341 407 2409 laturum,
434 2343 494 2398 Deo
514 2340 672 2408 arberante,
687 2339 874 2409 conferentur,
931 2361 994 2400 rum
1012 2359 1191 2415 personarum
1211 2342 1327 2399 consilio
1347 2342 1520 2412 terminetur,
1534 2351 1591 2411 ant,
1615 2342 1640 2401 si
1663 2343 1734 2403 illud

70 2438 122 2492 snb
142 2434 285 2508 cuiuslibet
308 2451 375 2492 ausu
391 2435 573 2492 occasionisve
590 2434 677 2505 specie
697 2433 819 2491 minuere
834 2435 876 2489 rel
930 2454 985 2493 riou
997 2438 1118 2511 potnerit
1130 2437 1197 2503 lieri,
1207 2452 1270 2503 nos,
1285 2446 1403 2510 utraque
1414 2445 1492 2509 parte
1504 2444 1596 2495 vocata
1607 2444 1635 2493 ct
1648 2452 1732 2495 causa

72 2529 189 2597 animm,
213 2529 269 2586 sire
281 2530 339 2586 suis
352 2530 447 2585 usibus
459 2528 605 2601 applicare,
619 2528 659 2583 rel
674 2528 735 2585 aliis
748 2528 874 2600 quanrris
930 2532 1074 2603 diligenter
1088 2530 1223 2601 discussa,
1238 2531 1388 2587 auxiliante
1403 2530 1489 2603 gratia
1500 2530 1564 2603 Dei,
1573 2530 1659 2589 baem
1667 2546 1734 2590 con·

72 2623 171 2697 piisde
188 2624 277 2681 causis
291 2639 341 2697 pro
363 2639 420 2679 suae
442 2624 566 2678 erraritiae
589 2622 763 2678 excusatione
776 2638 874 2677 corice·
930 2642 1031 2699 gruum
1045 2626 1187 2697 imponere
1208 2622 1356 2682 redeamus.
1376 2624 1473 2682 Clerici
1487 2624 1656 2699 cutemqui,
1674 2627 1733 2699 spi·

71 2718 148 2776 dere.
162 2717 190 2775 Si
203 2716 265 2791 quis
288 2732 351 2773 vero
376 2732 482 2790 regum,
499 2715 685 2784 sacerdotum,
700 2715 873 2779 clericorum,
929 2720 985 2775 ritu
1006 2720 1142 2791 superbiae
1157 2718 1243 2787 ducti,
1258 2728 1355 2775 contra
1371 2719 1490 2791 legatum
1504 2728 1633 2777 noenum
1647 2718 1732 2779 Alba·

69 2811 194 2885 judicum
216 2798 436 2868 ac'saecnlarium
452 2825 632 2881 personarum
655 2808 725 2864 banc
739 2810 873 2864 eonstitu-
928 2829 1042 2869 uaricem
1061 2812 1219 2885 episcopum
1239 2813 1349 2869 turbam
1364 2812 1496 2881 leeemnt,
1511 2812 1732 2889 otarclriepisoo·

73 2907 159 2963 tionis
173 2913 275 2963 nostrae
289 2906 418 2979 pagiuam
432 2918 594 2975 agrioscens,
608 2912 702 2959 eontra
714 2918 775 2958 eam
787 2911 874 2958 teme-
928 2923 994 2979 pum
1008 2907 1192 2963 Viennensem
1204 2907 1335 2964 tlluniaco
1346 2916 1527 2965 revertentem
1535 2907 1639 2967 ablatis
1650 2910 1731 2967 rebus

74 3001 146 3057 rario
167 3014 235 3056 ausu
252 2999 344 3054 venire
365 2998 522 3063 tentaverit,
542 2996 700 3053 admonitus
724 2996 819 3062 senrel,
847 3004 875 3051 ct
890 2992 912 3051 t:
927 3002 984 3057 suis
998 3000 1196 3057 contumeliose
1211 3002 1379 3070 invaserunt,
1393 3001 1464 3074 apud
1474 3001 1641 3060 cluniacum
1653 3004 1732 3062 nudis

72 3095 172 3151 iterum
188 3108 273 3165 usqne
292 3092 372 3148 tertio
386 3107 436 3165 per
451 3092 645 3148 convenientes
667 3099 759 3158 testes,
779 3091 873 3147 sium
929 3092 1049 3167 pedibus
1074 3102 1137 3151 ante
1151 3096 1237 3151 altare
1253 3096 1343 3152 soracti
1361 3095 1435 3153 Petri
1449 3094 1631 3166 ratisbonae,
1645 3106 1675 3155 et
1696 3098 1732 3155 sie

73 3188 230 3261 resipuerit,
244 3195 327 3259 atqrre
338 3186 477 3258 praedictae
492 3186 620 3243 lle-etesia·
631 3202 686 3242 non
700 3184 873 3251 satisfecerit,

73 3282 218 3354 potestatis
231 3282 400 3353 honorisque
414 3281 459 3337 sui
472 3280 604 3353 dignitate
617 3289 719 3345 careat,
737 3295 873 3351 reumque

73 3392 102 3432 se
124 3376 215 3433 divino
243 3376 344 3445 iudicio
369 3375 484 3431 existere
504 3374 538 3429 de
562 3381 712 3446 perpetrata
728 3375 874 3447 iniquitate

72 3475 229 3537 eognoscat.
243 3472 280 3521 Αι
293 3468 346 3523 ursi
361 3484 393 3523 ea
407 3481 469 3538 qum
488 3468 523 3521 ab
544 3466 590 3522 illo
604 3476 672 3522 sarit
693 3468 765 3523 male
785 3467 874 3523 ablata

73 3558 233 3626 restituerit,
246 3559 287 3615 rel
301 3558 383 3631 digua
395 3559 559 3631 poenitentia
574 3558 668 3616 illicite
681 3568 742 3615 acta
755 3560 873 3616 debere-

74 3652 120 3717 rit,
136 3652 351 3709 asacratissimo
365 3667 480 3723 corporo
503 3659 531 3707 et
544 3653 678 3723 sauguine
690 3653 802 3708 bouriai
819 3656 872 3708 tto-

72 3744 223 3817 demptoris
236 3745 322 3802 nostri
336 3748 404 3802 Jesn
419 3744 520 3801 Christi
547 3745 650 3801 alienus
674 3745 732 3811 fiat,
749 3754 831 3815 atrpue
846 3748 873 3802 iu

929 3180 1080 3245 errrcndatis
1093 3188 1218 3246 moribus
1238 3188 1421 3247 absolvantur.
1436 3190 1547 3263 Absque
1561 3190 1642 3249 data.

1292 3302 1365 3356 Lt't

929 3395 1056 3461 tireporr'i
1072 3394 1121 3453 l'll
1132 3395 1244 3467 epistole
1258 3395 1294 3449 ed
1315 3395 1454 3477 corrour'cos
1466 3398 1494 3453 S.
1517 3396 1640 3453 Martini
1654 3400 1737 3454 Toro-

1278 3483 1378 3521 eerrsrs.

1229 3566 1322 3627 (Anao
1351 3562 1443 3633 root.)

1044 3654 1189 3723 [Manita.
1205 3654 1313 3711 elrrrrol.
1327 3657 1356 3712 S.
1371 3654 1468 3711 bened.
1483 3654 1518 3723 V,
1541 3656 1618 3723 tto]

965 3757 1309 3830 Gaeoournsepiscopus,
1319 3773 1415 3815 serras
1424 3771 1566 3813 serromm
1580 3756 1640 3825 llci,
1651 3772 1735 3815 cauo·

73 3847 198 3897 extremo
209 3838 336 3894 orarrriue
345 3837 586 3894 districtaeultioni
601 3838 749 3910 subjaceat.
762 3839 873 3895 Cunctis

72 3940 167 3990 autem
190 3932 280 3989 eidem
291 3932 352 3987 ioco
364 3932 439 4004 justa
453 3932 625 3988 screantibus
645 3931 682 3988 sit
694 3948 747 4003 pau
762 3933 873 3989 lloorini

74 4028 161 4083 nostri
177 4027 241 4083 Jesn
262 4024 372 4097 Christi,
394 4034 527 4098 quatenns
550 4032 579 4082 et
598 4025 644 4082 lric
658 4026 778 4083 fructum
794 4027 872 4084 botta·

73 4122 192 4178 actionis
219 4120 384 4193 percipiant,
411 4130 439 4177 et
466 4119 539 4193 apud
566 4120 720 4178 districtum
749 4120 872 4192 jndicem

74 4216 189 4289 praeuria
204 4224 316 4273 aeterna·
328 4216 405 4289 pacis
415 4214 569 4271 inveniant.

927 3850 995 3907 uicis
1005 3852 1097 3908 Sancti
1108 3852 1218 3908 blartini
1229 3852 1407 3909 Turonensis.

962 3944 1032 4015 Quia
1045 3946 1140 4018 legatis
1162 3946 1264 4003 nostris
1282 3955 1309 4002 et
1327 3946 1537 4019 archiepiscopo
1561 3952 1653 4003 vestm
1675 3960 1734 4003 uon

927 4037 1050 4107 obedire,
1073 4040 1121 4095 sed
1142 4040 1253 4112 insuper
1280 4055 1343 4097 eum
1362 4040 1495 4115 expulisse
1510 4038 1681 4107 audirimus,
1705 4050 1736 4097 ct

927 4133 960 4187 ab
973 4134 1013 4188 eis
1025 4148 1074 4189 ros
1089 4149 1148 4189 esse
1161 4135 1416 4192 excommunicatos
1431 4135 1467 4191 ob
1480 4134 1591 4207 culpam
1606 4144 1730 4192 vestram

929 4224 1086 4291 didicimus,
1107 4225 1210 4282 ideirco
1231 4228 1346 4284 saltitem
1371 4237 1399 4283 et
1420 4226 1601 4300 apostolicam
1616 4226 1731 4285 benedi·

111 4312 215 4368 Datum
233 4310 361 4367 Laterani
376 4324 408 4366 tv
418 4312 489 4366 Non·
506 4309 599 4365 Martii
614 4325 661 4381 pet
685 4325 784 4366 manus
800 4311 872 4367 Pelei
928 4318 1047 4375 ctionem
1061 4318 1169 4377 mittere
1188 4322 1247 4377 ausi
1264 4336 1319 4377 uon
1334 4320 1445 4389 luirnns,
1460 4319 1538 4393 cujus
1549 4319 1590 4377 rei
1603 4318 1750 4393 indignos

73 4406 100 4459 S.
112 4406 248 4460 Romanae
262 4403 389 4461 Ecclesiae
404 4404 566 4476 presbyteri,
580 4403 724 4460 cardinatis
735 4404 871 4461 aobiblio·
890 4392 976 4469 Deos
990 4414 1105 4470 existere
1126 4413 1249 4486 profecto
1265 4416 1325 4488 plus
1346 4415 1424 4472 robis
1437 4414 1486 4487 ipsi
1505 4414 1642 4471 dolemus.
1658 4416 1730 4471 Nam

74 4495 197 4565 tbccarii,
212 4510 286 4553 anno
301 4512 330 4555 rx
344 4496 518 4571 pontificatus
541 4501 577 4555 D.
603 4499 685 4571 Greg.
711 4499 760 4553 Vll
784 4514 872 4571 papae,
927 4504 949 4563 si
973 4507 1127 4565 animarum
1153 4517 1304 4565 vestrarum
1326 4524 1422 4565 curam
1446 4506 1586 4582 gererem,
1612 4508 1738 4565 omnino·

75 4590 167 4648 indict.
181 4607 225 4661 rr,
241 4597 322 4649 1081.
926 4616 977 4657 nec
999 4601 1064 4658 illud
1088 4617 1275 4675 praesumere,
1286 4618 1337 4659 nco
1357 4611 1419 4675 post
1432 4602 1567 4675 flagitium
1585 4601 1687 4660 tandin
1701 4602 1750 4659 ia.

439 4688 498 4743 LV.
925 4691 1132 4769 impoenitudiae
1157 4712 1267 4754 nraaere
1302 4696 1448 4754 consilium
1474 4694 1624 4753 haberetis.
1657 4698 1761 4769 Quor

73 4799 196 4867 Epistole
211 4800 338 4869 tirerjorrt'
356 4800 405 4853 l'll
412 4799 449 4852 ml
459 4800 634 4861 Ltrrtdrr'ctmt.
650 4803 870 4857 llrtlt'scouruseut
924 4796 1035 4863 ΡΥΟΡῑθῐ
1055 4798 1167 4863 [laterna
1182 4805 1229 4847 VOS
1242 4790 1405 4848 ⁰¹¹⁰⁰¹lfi⁰ss⁰
1427 4798 1571 4847 mmmm
1594 4806 1628 4847 ‘¹
1651 4798 1802 4864 ΜΡ

110 4872 872 4953 episeoprrrrrt,proconfirrnondispcrerrrrrprt'rt'lepir'sl'lrr-
923 4886 954 4939 Β,
972 4882 1045 4941 perri
1062 4884 1238 4957 ppaecipimug
1252 4892 1282 4941 ut
1301 4884 1335 4941 αθ
1349 4892 1426 4944 muro
1438 4884 1562 4941 facinore
1580 4882 1668 4957 digne
1683 4900 1745 4943 82·-

114 4956 244 4995 '““‘'‘·'‘'⁸‘⁸
257 4942 382 5063 ΜΨ·
923 4976 1099 5047 tisiacientes,
1119 4978 1283 5051 praedictum
1308 4977 1423 5036 tratrem
1446 4986 1572 5036 nostrum
1588 4978 1807 5052 arciricpif

365 5038 457 5153 'fimf
484 5040 571 5149 ¹9⁸⁰·
924 5086 1037 5144 scopum
1060 5074 1095 5127 ad
1116 5071 1268 5129 Ecclesiam
1289 5088 1368 5130 suam
1388 5090 1452 5131 curu
1468 5072 1574 5130 bonore
1596 5072 1729 5131 reducere
1781 5068 1809 5105 ⁴³·

258 5139 418 5207 [ffl‘m‘l‘m'l
435 5136 616 5201 ⁶²'‘'²“·¹⁴³³'l⁸'‘r
629 5142 686 5207 Ἣ
924 5166 1087 5239 procuretis
1106 5181 1139 5223 ac
1159 5163 1285 5239 deinceps
1298 5165 1323 5223 ei
1347 5167 1529 5239 paternalem,
1548 5166 1622 5224 sicut
1639 5168 1728 5231 decet,

108 5248 288 5307 Gnsoonrus
302 5250 458 5323 episcopus,
473 5265 567 5308 servus
584 5267 728 5309 serrorum
750 5254 811 5325 Dei,
826 5254 871 5312 di·
924 5258 1107 5317 obedientiam
1118 5268 1146 5315 et
1164 5261 1343 5317 reverentiam
1356 5260 1524 5330 exhibentes,
1539 5259 1655 5319 obedire
1665 5261 1726 5319 nnl-

73 5342 144 5401 lecto
158 5343 188 5400 in
199 5343 310 5403 Clrristo
322 5344 403 5402 fratri
418 5347 589 5415 Lnnnutco,
605 5347 798 5407 Matisconensi
812 5350 870 5423 epi·
924 5352 1028 5409 latenas
1051 5351 1216 5410 detrectetis.
1231 5355 1408 5429 praecipimus
1427 5354 1509 5413 etiam
1532 5354 1611 5435 robis
1630 5364 1663 5413 nt
1685 5370 1728 5413 res

72 5453 168 5511 scopo,
183 5438 300 5497 mintem
312 5446 341 5497 et
353 5438 532 5513 apostolicam
548 5439 779 5501 benedictionem.
924 5453 980 5501 tani
995 5444 1080 5517 ipsius
1094 5445 1301 5522 archiepiscopi,
1314 5464 1397 5521 quam
1418 5448 1617 5506 canonicorum
1635 5448 1728 5507 Sancti

108 5531 489 5608 ilirariraldecompellimur
502 5535 642 5608 quomodo
657 5536 869 5596 fraternitastna
925 5539 1048 5597 llarrricii
1069 5539 1097 5596 iu
1113 5541 1249 5615 integrum
1271 5542 1430 5610 restituatis
1453 5552 1534 5615 atque
1558 5542 1658 5617 legatis
1680 5559 1728 5602 uo·

187 5628 193 5639 ’
220 5644 247 5657 ·⁴
260 5628 434 5699 doricorum,
456 5630 527 5687 sicut
541 5631 704 5701 audirimus,
720 5632 749 5687 in
769 5632 869 5687 corrbr-
925 5634 989 5691 stris
1003 5634 1036 5693 de
1057 5643 1156 5694 caeru
1178 5635 1299 5695 debitam
1310 5636 1499 5695 obedientiam
1513 5636 1686 5708 exbibeatee,
1702 5646 1729 5695 et
