3870 6164
128 262 197 317 lost
635 250 681 308 hl)
699 246 812 307 OPERA
831 248 859 305 S.
880 245 1041 304 suetonii
1061 246 1280 304 aneenmctts.
1716 249 1781 304 titt

126 386 233 459 pientes
264 380 448 441 samatiasimo
486 378 584 436 canoni
621 375 812 444 adversantur,
841 389 928 447 quem
940 376 968 442 Α
983 372 1121 429 ascribant
1130 387 1176 429 eas
1190 386 1323 444 personas
1335 368 1499 428 indubitatae
1511 368 1683 439 sanctitatis,
1695 370 1782 428 utsub

127 480 224 538 beatus
246 494 314 552 papa
341 475 463 544 Siricins,
495 480 604 529 sanctus
629 486 738 543 quoqne
760 469 925 542 Gregorius,
978 482 1072 524 earum
1090 465 1237 524 sanctitate
1251 481 1348 523 eornm
1363 463 1666 538 recipianturnaeniae3
1683 465 1730 520 sed
1743 464 1780 520 in-

128 574 223 631 beatns
247 571 330 626 etiarn
355 568 558 640 Hieronymus,
587 573 614 622 et
638 564 684 621 alii
710 561 926 620 innumerabiles
979 577 1097 619 cassum.
1111 562 1224 631 Quanto
1236 559 1310 617 enim
1330 557 1470 616 minnsde
1489 574 1588 616 earum
1603 573 1781 630 personarum

128 666 215 724 sancti
243 664 360 736 probant
388 662 415 717 in
445 659 675 717 excellentissimo
702 666 836 714 statutum
867 671 926 713 esse
980 655 1123 712 sanctitate
1147 655 1317 720 dubitamus,
1341 661 1418 710 tanto
1442 653 1531 727 magis
1552 653 1665 710 nenias
1694 651 1779 709 Mem

128 758 258 824 concilio,
282 771 360 829 teque
382 764 413 811 ut
437 754 618 828 Evangelinm
640 750 808 809 venerando.
829 749 928 806 Videat
980 750 1110 822 ascriptas
1120 748 1258 806 canonicis
1280 747 1498 805 institutionibus
1515 747 1683 804 contrarias
1700 746 1781 802 medi·

127 853 208 926 igitur
235 850 355 908 charitas
384 858 431 905 tua
461 863 545 920 quam
573 844 728 919 periculoso
752 843 928 901 anathemate
982 860 1043 901 mua
1054 859 1114 901 esse
1125 843 1215 900 inissa.
1234 845 1354 899 haeses
1375 850 1469 898 autem
1481 841 1570 914 ipsius
1581 840 1711 913 epistoiae
1722 857 1780 896 con·

127 946 279 1019 plectantur
300 944 455 1016 quicunque
476 941 624 999 sozomeni
646 940 768 1012 capitulo
788 937 928 1010 astipulari
977 939 1110 1010 jacturas,
1132 937 1161 993 in
1174 936 1340 1011 quibusque
1354 936 1498 992 occasione
1520 933 1692 1007 praedictum
1711 943 1781 1007 capnt

128 1049 272 1097 conantur.
308 1042 350 1095 Da
378 1039 430 1094 hoc
460 1035 552 1108 itaque
578 1034 697 1106 ponceio
725 1032 927 1089 fraternitatem
982 1033 1017 1088 sit
1039 1030 1188 1088 confictum
1211 1032 1278 1088 satis
1297 1039 1376 1087 caute
1398 1027 1551 1098 dubitatur,
1568 1029 1703 1101 quamvis
1720 1028 1780 1084 nihii

128 1143 205 1191 mam
220 1132 368 1206 diiigenter
380 1143 554 1204 praemonerc
568 1128 678 1195 curavi,
693 1141 744 1198 pro
758 1141 813 1199 qno
825 1132 854 1182 te
872 1139 928 1182 non
983 1126 1093 1182 intersit
1117 1125 1252 1182 invenisse
1277 1140 1327 1180 cur
1346 1125 1384 1181 sit
1406 1123 1609 1194 conscriptum,
1634 1121 1780 1178 cumidem

130 1227 283 1295 oliendere,
298 1224 347 1282 sed
361 1224 464 1298 magis,
479 1223 501 1280 si
516 1220 638 1279 oliensus
652 1235 740 1288 esses,
756 1219 862 1291 piscare
876 1235 929 1291 pu·
983 1219 1074 1291 ipsum
1107 1235 1191 1277 sacrm
1223 1218 1367 1291 scriptura
1401 1215 1542 1274 adversari
1574 1215 1732 1273 certissime
1753 1216 1782 1272 sit

130 1321 197 1378 tevi.
983 1314 1142 1387 probatum.

165 1413 230 1482 Sed,
243 1413 309 1469 heu!
326 1412 392 1469 beni
408 1427 462 1478 res,
473 1419 504 1468 ut
515 1409 622 1482 opinor,
637 1409 664 1464 in
674 1406 930 1465 contrariumdere
1020 1409 1161 1478 Quanmm
1187 1423 1250 1464 vero
1265 1407 1322 1479 ipsa
1346 1405 1464 1478 epistola
1487 1404 1581 1463 deviet
1596 1421 1614 1461 a
1629 1403 1741 1461 verimte
1758 1403 1780 1460 in

130 1508 308 1566 nit.thtere
318 1507 469 1572 enimtnaa,
484 1506 610 1561 sitamen
622 1510 775 1571 temerant,
786 1511 845 1559 tam
857 1502 930 1559 male
984 1501 1143 1559 diaconibus
1164 1501 1273 1569 Siciliae,
1284 1516 1321 1556 ex
1336 1500 1446 1573 scriptis
1458 1499 1534 1556 beati
1545 1498 1678 1572 Gregorii
1693 1498 1782 1571 potesis

129 1611 247 1661 tornatae
261 1608 289 1658 te
302 1608 329 1658 et
339 1600 456 1657 amicam
468 1598 688 1655 admonitionem
703 1596 837 1669 sprevisse
848 1605 876 1653 et
888 1598 929 1652 in·
985 1595 1112 1668 colligere
1124 1615 1132 1664 3
1145 1595 1271 1666 aquibus
1284 1610 1329 1651 mc
1342 1596 1371 1650 in
1384 1593 1540 1650 rationibus
1551 1593 1629 1649 meis
1638 1592 1782 1649 nuliatenus

130 1710 213 1769 super
235 1695 434 1753 contumeliosa
455 1692 628 1765 respondisse
652 1690 795 1758 denotant,
820 1705 872 1747 nec
885 1699 930 1746 tn-
986 1689 1111 1746 deviasse
1140 1687 1275 1761 judicabit
1305 1687 1459 1761 quicunque
1489 1686 1607 1744 easdem
1641 1693 1671 1743 et
1696 1686 1781 1759 serpe

131 1806 195 1849 men
209 1789 314 1862 aliquid
335 1804 382 1846 me
404 1787 453 1844 tibi
473 1787 614 1860 scripsisse
628 1784 746 1858 dignum
760 1784 927 1841 contumelia
941 1819 966 1882 B
985 1783 1056 1840 beati
1078 1783 1206 1856 Gregorii
1219 1782 1339 1839 fideliter
1360 1780 1562 1851 considerabit3
1590 1796 1647 1838 nec
1665 1780 1732 1838 dicet
1743 1796 1782 1837 nne

129 1883 302 1958 aliquatenus
316 1882 443 1956 probant.
461 1884 523 1953 Qua
537 1880 571 1938 de
585 1877 754 1937 renaudum
765 1878 858 1936 censui
872 1894 930 1935 ore-
985 1877 1084 1934 dixisse
1098 1877 1173 1949 quod
1186 1883 1298 1932 sanctus
1307 1875 1458 1949 Gregorius
1479 1875 1713 1931 incontinentiam
1730 1873 1781 1930 dia-

131 1977 254 2035 dondum
279 1992 337 2033 esse
358 1985 401 2043 te,
425 1991 518 2032 meum
544 1973 669 2031 videlicet
693 1973 829 2040 amicum,
853 1988 930 2028 sacra
985 1987 1120 2029 oonomm
1143 1970 1244 2027 Siciliae
1263 1985 1312 2042 per
1326 1969 1539 2042 suspensionem
1556 1967 1659 2038 cilicii,
1680 1967 1726 2025 sed
1743 1983 1782 2040 per

131 2071 275 2144 scriptura
288 2077 346 2125 tam
356 2068 504 2136 eruditum,
518 2082 643 2137 unquam
657 2064 824 2122 mihitaiem
838 2065 934 2122 rescri·
984 2064 1197 2137 prohibitionem
1220 2062 1368 2135 superioris
1398 2062 1500 2136 gradus
1530 2061 1715 2131 vindicassem
1741 2076 1782 2117 nse

133 2164 221 2237 psisse
231 2162 389 2235 epistolam,
405 2175 466 2234 quae
478 2169 507 2217 et
518 2175 574 2229 me,
589 2160 654 2215 iicet
667 2158 741 2215 nulia
754 2158 862 2216 ratione
871 2174 934 2216 con·
985 2157 1094 2216 dicctS.
1105 2158 1273 2229 Gregorium
1284 2156 1322 2212 ibi
1334 2156 1438 2214 eisdem
1449 2157 1616 2213 diaconibus
1627 2156 1784 2213 concessisse

133 2256 251 2323 victum,
265 2253 479 2326 blasphemaret,
494 2268 547 2309 nec
557 2260 652 2308 tamen
667 2261 743 2309 tuam
759 2259 865 2323 partem
876 2252 933 2309 sal·
987 2259 1018 2308 nt
1040 2251 1119 2308 altari
1133 2251 1292 2307 ministrare
1305 2250 1437 2308 deberent
1456 2251 1478 2307 si
1490 2266 1521 2306 so
1537 2265 1596 2307 non
1614 2251 1782 2306 continerent

133 2356 191 2406 torn
205 2348 295 2419 aliquo
310 2346 395 2404 modo
405 2347 525 2418 juvaret.
544 2349 633 2415 Quam
648 2345 712 2402 satis
727 2344 866 2403 evidenter
880 2361 934 2418 qua
987 2344 1156 2403 idemetiam
1166 2343 1377 2418 riderepotorit,
1391 2347 1420 2401 S.
1433 2345 1607 2415 Gregorium
1624 2344 1785 2401 conuneans

134 2440 289 2498 invectione
310 2439 394 2513 digna
414 2447 486 2496 esset
510 2447 705 2505 monstrarem,
724 2439 819 2496 sinon
843 2455 936 2495 cama
986 2438 1473 2512 Siciliaediaconesprocontinentia,
1491 2454 1547 2495 non
1568 2437 1784 2511 proseminarunt

134 2535 182 2592 tali
196 2535 286 2591 amico
297 2532 365 2589 mihi
376 2533 566 2590 transmissam
581 2532 757 2604 accepissem.
774 2531 843 2601 Quis
857 2533 934 2588 enim
987 2533 1197 2603 cohabitatione,
1212 2532 1364 2591 laudandos
1375 2532 1578 2606 pronuntiasse.

135 2628 229 2685 ridere
240 2643 299 2684 non
311 2628 400 2683 valcat
413 2642 496 2699 quam
513 2626 683 2700 negligenter
696 2625 761 2698 ipsa
769 2634 824 2682 tuae
837 2626 933 2682 volun·
1024 2628 1105 2702 Quod
1118 2636 1212 2685 autem
1225 2625 1356 2700 deinceps
1368 2626 1492 2684 litteraea
1506 2635 1534 2682 te
1545 2626 1618 2683 mihi
1630 2624 1786 2683 transmisse

135 2722 186 2779 tati
209 2737 273 2778 cum
299 2720 357 2777 suis
380 2720 506 2777 obscuris
531 2718 693 2792 ambagibus
706 2719 853 2799 deserviat,
868 2735 934 2778 cnm
988 2721 1023 2779 dc
1034 2723 1183 2796 Tripartita
1198 2721 1443 2795 lingunthistoria,
1458 2736 1510 2777 nec
1522 2720 1592 2793 ipsae
1609 2720 1734 2777 ridentur
1746 2734 1784 2774 cr·

136 2815 232 2873 cadem
239 2822 317 2871 tuam
326 2815 509 2871 intentionem
517 2829 574 2870 non
584 2813 760 2871 solummodo
770 2813 838 2869 nihii
845 2812 934 2885 juvet,
989 2817 1119 2888 plicatam
1131 2815 1159 2870 in
1173 2831 1226 2887 qna
1240 2814 1395 2872 nullatcnus
1405 2813 1506 2887 aliquid
1517 2812 1723 2886 repudiandam
1736 2826 1785 2869 amc

135 2908 184 2965 sed
198 2909 284 2964 eham
296 2923 408 2980 prorsus
422 2907 583 2980 impugnet?
597 2905 708 2963 indicat
720 2906 794 2963 enim
804 2914 832 2963 te
844 2906 934 2964 nnlla-
989 2909 1154 2977 censui‚nisi
1169 2909 1245 2982 qnod
1256 2925 1270 2964 a
1283 2909 1382 2967 sanctis
1392 2908 1518 2964 Patribus
1529 2907 1784 2964 anamematiaann

135 3009 218 3058 tenus
240 3010 401 3059 sanctornm
419 3003 534 3058 Petrum
556 3001 666 3058 decreta
679 3000 832 3073 respuisse,
847 2998 934 3063 unde,
990 3003 1113 3075 recipere
1128 3018 1186 3058 non
1202 3002 1378 3076 presumpsi.
1395 3005 1493 3059 Postea
1508 3016 1573 3058 vero
1589 3001 1657 3075 ipsae
1677 2999 1784 3058 nonab-

137 3111 202 3152 curn
219 3096 327 3152 Veritas
337 3094 475 3151 ailirmet:
490 3095 544 3161 Qui
551 3110 604 3151 non
614 3098 653 3150 est
664 3109 765 3150 mecam
784 3099 877 3150 contro
896 3110 938 3151 me
990 3111 1045 3169 qna
1064 3096 1171 3152 ratione
1194 3097 1322 3169 probant,
1345 3094 1394 3153 sed
1418 3104 1526 3152 tannim
1548 3095 1785 3166 verbotenusprt·

138 3194 178 3247 cst
192 3190 302 3259 (dietih
316 3204 377 3257 ¹1¹3
394 3191 458 3244 Luc.
475 3192 531 3258 nt),
548 3196 612 3244 ette
626 3186 724 3244 eadem
739 3188 885 3259 recepisse,
909 3193 937 3242 et
953 3193 975 3257 c
989 3189 1119 3246 nuntiant
1132 3203 1176 3245 me
1188 3190 1281 3246 nescio
1292 3190 1359 3262 qnid
1370 3198 1466 3246 contra
1479 3189 1659 3246 sacerdotum
1669 3188 1785 3246 ordinem

139 3282 297 3356 peneadem
322 3291 349 3339 to
367 3282 515 3340 &temoni
536 3289 619 3354 capnt
634 3281 761 3354 probarit
778 3280 939 3338 anathema·
992 3281 1787 3356 protulisseseumneecaedemsaitomcontrato,adquenr

139 3377 246 3435 tizasse.
992 3377 1145 3450 specialiter
1155 3377 1263 3449 scripsi,
1274 3392 1320 3434 mo
1344 3376 1458 3449 aliquod
1470 3376 1678 3450 reprobandum
1696 3376 1785 3432 seiton

174 3474 311 3529 Praeterea
328 3470 524 3544 multiplicibus
537 3470 625 3529 verbis
638 3469 785 3526 confirmat
809 3467 866 3541 ipsa
880 3483 940 3523 rem
993 3470 1147 3529 oliensione
1159 3471 1275 3544 dignum
1284 3471 1459 3544 aliquatenus
1469 3471 1592 3543 probent
1601 3471 1711 3528 dixisse.
1723 3471 1785 3526 uun

139 3564 267 3624 nondum
282 3566 340 3638 lege
356 3565 524 3637 prohibitam
547 3564 705 3620 austeritate
728 3563 796 3636 legis
809 3577 868 3618 csse
881 3562 941 3619 rin·
993 3564 1061 3639 qnid
1075 3564 1149 3621 enim
1172 3565 1271 3622 merito
1297 3573 1323 3621 te
1347 3564 1389 3621 rel
1410 3565 1470 3621 ilios
1485 3563 1617 3633 offendit,
1630 3565 1654 3622 si
1668 3581 1718 3638 ego
1738 3579 1785 3620 aon

140 3658 294 3727 dicandam,
308 3674 371 3714 cum
394 3660 484 3730 potius
508 3666 563 3714 tute
577 3657 646 3729 parti
665 3657 849 3723 convenisset,
865 3656 887 3712 si
912 3657 941 3712 ln
996 3675 1071 3716 meas
1080 3659 1128 3717 sed
1137 3663 1250 3717 Patrum
1263 3659 1392 3728 rationes,
1403 3667 1485 3732 ceput
1494 3660 1643 3716 sozomeni
1655 3658 1788 3716 destr'usn·

140 3752 267 3809 nondum
282 3752 341 3822 loge
362 3751 508 3822 prohibitis
521 3764 577 3805 non
590 3750 778 3807 austeritatem
803 3749 880 3822 legis,
895 3748 942 3806 sed
994 3760 1035 3810 tes
1059 3761 1087 3810 et
1102 3753 1155 3809 sub
1176 3752 1353 3810 anathemate
1366 3752 1540 3822 damnantes,
1560 3753 1680 3810 iideliter
1692 3749 1786 3825 collegi,

141 3845 283 3901 lenitatem
304 3843 482 3901 exercendam
506 3842 630 3901 dixisset.
651 3842 733 3912 Quod
750 3844 849 3901 saltem
864 3851 942 3899 tuam
996 3856 1086 3920 teque,
1099 3855 1132 3902 ut
1152 3846 1281 3915 amicum,
1301 3845 1469 3904 desarendo
1483 3846 1668 3908 anathemato
1679 3860 1786 3920 premo-

141 3945 247 4011 partem
266 3951 322 3992 non
336 3934 406 3993 adeo
421 3935 606 4008 impugnaret,
622 3935 686 3991 iicet
700 3951 762 3992 eam
776 3934 844 3991 nihii
865 3933 944 4008 poni-
995 3940 1059 3997 nui?
1073 3940 1146 4011 Quid
1156 3956 1255 4012 nempe
1270 3950 1366 3997 contra
1377 3949 1404 3996 te
1419 3940 1468 3997 ieci
1480 3939 1600 4011 dignum
1612 3939 1785 4014 blasphemia.

140 4040 185 4088 tus
202 4029 281 4102 adiici
306 4029 387 4096 valet,
412 4044 476 4084 turn
500 4029 585 4084 resin
609 4044 662 4102 que
688 4027 944 4100 predictumctpui
995 4035 1018 4090 ai
1031 4034 1219 4090 testimoninm
1233 4042 1392 4091 sanctorum
1408 4037 1522 4090 Petrum
1538 4034 1714 4108 Hieronymi,
1727 4034 1785 4090 Gre-

142 4126 231 4199 iegem
255 4140 312 4181 non
325 4124 387 4180 dico
402 4121 537 4196 mitigare,
551 4123 600 4180 sed
614 4137 727 4196 prorsus
742 4122 884 4178 annullare
894 4137 944 4178 co-
996 4128 1076 4201 gon'i,
1089 4128 1175 4186 Siricii
1192 4136 1220 4184 et
1233 4127 1404 4199 reliquorum
1423 4126 1459 4184 de
1472 4129 1599 4200 capitulis
1614 4128 1718 4187 iiieaeai
1730 4142 1785 4183 son·

141 4226 235 4289 natur,
249 4218 333 4274 etiarn
348 4225 410 4274 ante
422 4231 459 4274 cc
474 4232 561 4274 annos
574 4225 602 4274 et
622 4232 655 4273 eo
668 4214 795 4288 amplius,
816 4216 847 4272 in
860 4230 944 4289 gene·
995 4222 1050 4279 ciiii
1072 4223 1165 4294 potius
1185 4220 1352 4278 credendum
1367 4236 1426 4279 essa
1437 4221 1552 4290 asserm,
1571 4238 1659 4295 qnam
1671 4221 1788 4280 illatoris

142 4311 191 4388 raii
223 4310 328 4384 synodo
357 4310 478 4384 legaliter
509 4310 562 4368 snb
589 4309 763 4370 anathemato
796 4309 944 4368 interdicte
997 4314 1092 4372 nescio
1113 4315 1192 4390 cujus
1205 4315 1369 4374 Sozomenit

141 4406 257 4481 legatur.
1030 4408 1083 4466 Sed
1097 4425 1147 4466 cur
1170 4408 1330 4467 earumdem
1345 4409 1496 4466 litteramm
1519 4409 1614 4467 denno
1628 4408 1723 4467 incudi
1737 4405 1789 4464 red·

176 4502 238 4573 ipsa
251 4498 336 4556 etiem
356 4497 472 4572 epistola
486 4506 612 4556 sanctum
627 4494 694 4554 mihi
707 4494 802 4555 landet
813 4495 941 4570 Paphnu·
954 4519 980 4583 1)
994 4503 1147 4560 dendarum
1170 4503 1299 4577 ambages
1322 4519 1473 4576 prosequar
1493 4503 1620 4573 ulterius,
1642 4520 1709 4561 eum
1732 4501 1806 4576 ipss

141 4593 224 4662 cium,
248 4600 281 4648 ut
293 4592 347 4650 sub
359 4608 476 4664 persona
496 4592 564 4649 tanti
587 4591 638 4647 riri
662 4590 767 4664 aliquid
781 4590 942 4663 persuadeat
994 4604 1077 4669 caput
1093 4597 1249 4668 sozomeni,
1271 4595 1348 4672 quod
1363 4613 1418 4654 non
1439 4599 1722 4671 pereffluamus,
1739 4596 1790 4670 p'arn

140 4685 215 4760 qnod
229 4685 370 4743 averitate
378 4686 531 4757 dissentiat,
545 4683 717 4743 sedfnrstra.
731 4687 826 4757 ipsum
839 4701 940 4758 nempe
996 4691 1123 4749 conviciis
1135 4692 1257 4748 nitantur
1268 4690 1434 4749 defenderet
1444 4694 1523 4762 Quas,
1537 4692 1665 4763 inquam,
1677 4689 1790 4748 convicia

141 4788 169 4837 et
188 4794 240 4852 ego
263 4778 357 4847 lando,
381 4795 463 4852 quem
477 4779 604 4854 stigmata
617 4781 697 4836 iesus
716 4779 874 4852 incorpore
888 4796 938 4838 sno
995 4801 1051 4842 non
1077 4784 1145 4842 mihi
1164 4800 1274 4854 nocere,
1300 4784 1348 4842 aed
1368 4786 1459 4858 potins
1482 4783 1511 4840 in
1531 4792 1616 4856 caput
1629 4785 1717 4858 ipsius
1729 4783 1787 4840 scri·

139 4882 262 4946 portasse
284 4873 399 4931 libenter
422 4874 521 4944 credo,
536 4888 683 4949 nunqnam
698 4881 798 4956 maren*
807 4874 878 4932 adeo
890 4874 940 4931 de·
992 4879 1077 4952 ptoris
1089 4877 1243 4936 redundare
1257 4878 1351 4935 leviter
1363 4878 1533 4951 probassem,
1554 4878 1578 4934 si
1602 4894 1661 4934 non
1676 4894 1726 4952 pro
1738 4874 1790 4934 talis

141 4967 238 5041 sipiam
251 4975 286 5025 ut
304 4968 379 5041 prius
393 4967 543 5026 reverentia
555 4983 681 5041 personae
692 4967 796 5040 aliquid
806 4968 941 5041 recipiam
994 4973 1074 5028 amici
1099 4972 1247 5030 reverentia
1262 4971 1437 5030 dimisissem.
1465 4975 1523 5045 Ego
1548 4970 1663 5043 quidem
1690 4975 1790 5029 eamn

140 5061 214 5135 quod
226 5077 314 5120 sacrae
332 5063 492 5136 Scriptura,
504 5062 562 5119 imo
577 5062 691 5134 Spiritui
706 5070 805 5120 sancto
823 5062 859 5118 sit
871 5077 941 5119 eon·
993 5067 1052 5123 iioe
1061 5080 1170 5140 semper
1179 5066 1279 5124 habere
1289 5064 1426 5135 desidero,
1437 5065 1516 5137 eujus
1527 5064 1655 5137 pudenda
1668 5065 1790 5138 cumjsm

138 5155 268 5225 trarinm,
281 5164 312 5213 ut
324 5154 357 5212 de
368 5155 515 5214 Sozomeoi
529 5155 650 5229 capitulo
664 5149 890 5229 irrefragabiliter
900 5163 951 5235 est
993 5159 1100 5217 dudum
1120 5175 1170 5234 per
1196 5159 1390 5232 poenitentiam
1416 5159 1472 5215 sint
1491 5158 1643 5226 annullata,
1659 5157 1791 5216 denudare

139 5248 299 5322 probatum,
313 5249 388 5324 quod
401 5249 494 5322 ipsum
507 5250 695 5307 Sozomenum
706 5249 741 5306 do
753 5248 836 5306 beato
851 5247 941 5322 Paph·
995 5268 1047 5309 nec
1061 5254 1123 5310 volo
1137 5269 1187 5310 nec
1207 5252 1293 5310 valeo.
1310 5253 1471 5324 Quicunque
1482 5250 1559 5308 enim
1572 5250 1618 5308 iila
1632 5261 1699 5326 post
1711 5250 1790 5325 poni·

140 5343 221 5400 nucio
245 5343 305 5417 jam
328 5342 435 5401 dudum
448 5341 578 5401 defuncto
605 5343 697 5416 potius
721 5341 804 5401 credo
818 5342 941 5413 linxisse,
994 5346 1108 5402 tentiam
1129 5346 1291 5404 remansisse
1314 5354 1441 5413 testatur,
1468 5361 1525 5402 non
1540 5344 1728 5415 Christianus,
1749 5341 1791 5401 ssd

140 5435 263 5509 quamin
277 5433 483 5510 derogationem
497 5436 652 5515 sanctitatis
665 5437 787 5511 predicti
801 5436 942 5495 coniesso·
995 5438 1163 5496 iiovatianus
1183 5455 1241 5497 esse
1252 5438 1404 5513 judicatur,
1429 5439 1571 5511 cumipse
1593 5439 1732 5497 Dominus
1750 5452 1791 5513 pet

140 5529 180 5586 ris
214 5529 349 5601 suspicari
380 5546 547 5603 praesumam
571 5531 658 5604 ipsum
685 5532 768 5589 talem
799 5532 943 5605 pronrlisse
995 5531 1166 5590 Ezechielem
1187 5533 1349 5606 prophetam
1374 5532 1446 5590 dieat
1471 5550 1477 5589 :
1502 5532 1632 5605 Impietas
1653 5536 1791 5606 impiiaon

48 5664 61 5673 .
141 5622 353 5696 blasphemiam.
371 5626 487 5684 lloccst
508 5626 583 5685 enim
604 5626 798 5699 satismlgaro
818 5626 942 5684 inlibris
995 5627 1403 5700 nmaideiiaqaocunqnedie
1414 5627 1792 5699 conuersusfnera‘tcbiapis·

57 5718 61 5723 '
142 5732 288 5791 nunqnam
301 5718 481 5791 canonizatis,
491 5729 532 5791 nt,
543 5736 609 5778 cum
621 5719 727 5778 nenias
736 5734 801 5776 suas
812 5719 942 5779 omnibns
996 5725 1120 5778 totceuo.
1133 5722 1372 5792 (drachman).
1385 5719 1790 5787 Pudenduvidelicetnoniioe·

143 5809 317 5872 incredibiles
338 5812 449 5872 siiicsre
472 5815 558 5872 veiint
582 5814 681 5873 saitem
706 5811 878 5884 vednmilcs,
899 5814 940 5873 eis
994 5814 1045 5874 sed
1058 5815 1174 5888 Nicolai,
1185 5815 1265 5875 Pauli
1278 5815 1463 5884 samosateni,
1475 5807 1600 5890 episcopi
1620 5808 1791 5881 summm
