3870 6164
165 284 214 339 ate
441 316 446 325 ·
700 285 798 342 hiesu
817 286 950 344 esibus
970 316 1004 330 -

394 408 571 464 esistunt
596 409 724 465 txxvt.

164 536 201 579 ss>
217 532 415 580 stillatum
434 535 667 579 tuunuttmtssts
684 536 957 583 suculaetscoeuu.

381 614 386 625 '
456 634 550 701 (Anno
566 637 659 699 aare.)

161 744 321 814 &aucupum
338 743 563 799 Hatr'scouensem
577 744 754 813 commendat,
769 751 796 801 et
816 746 853 801 cd
866 746 959 803 Eccle-

326 815 430 869 siae-um
454 813 638 891 &fusionem
661 816 800 871 hortatur.

192 925 534 999 Gaudentusepiscopus,
548 942 642 983 servus
653 942 797 984 servorum
804 928 865 997 Dei,
876 930 959 987 liuu-

158 1034 255 1078 sanro
262 1020 439 1092 lugdunensi
447 1020 653 1094 archiepiscopo
665 1032 693 1078 et
708 1022 768 1095 ejus
780 1022 958 1095 suffraganeis

158 1114 291 1186 episcopis
306 1114 421 1170 salutem
435 1122 463 1170 et
474 1115 653 1185 apostolicam
673 1114 901 1173 benedictionem.

185 1208 365 1265 confratrem
392 1218 518 1264 nostrum
552 1210 695 1283 lvestrurn]
721 1210 956 1269 Matisconensem

156 1300 329 1372 episcopum,
344 1316 426 1374 quem
451 1301 702 1359 intervenientibus
724 1303 892 1377 quibusdam
913 1320 955 1359 ra-

156 1392 336 1452 tionabilibus
348 1394 438 1452 causis
448 1394 645 1464 ordinavimus,
658 1396 694 1453 ad
715 1412 764 1453 vos
775 1413 839 1454 cum
854 1399 958 1455 nostris

155 1484 254 1543 litteris
268 1494 296 1542 et
315 1485 469 1559 apostolico
490 1487 580 1561 sigillo
594 1488 740 1557 mittimus,
762 1497 897 1561 quatenus
919 1490 954 1546 de

155 1588 285 1652 suscepto
299 1580 474 1638 sacerdotalis
497 1581 579 1638 oflicii
594 1582 691 1640 ordino
714 1591 742 1638 et
768 1583 874 1641 honore
895 1599 951 1641 non

154 1675 258 1731 incerta
271 1673 349 1731 robis
362 1675 439 1747 signa
451 1683 478 1731 et
494 1675 591 1733 indicia
605 1674 716 1733 referat.
733 1677 782 1734 Cui
798 1693 954 1750 quanquam

155 1782 203 1823 ros
220 1764 344 1823 debitam
363 1774 392 1823 et
405 1767 556 1824 fraternam
570 1767 746 1826 dilectionem
760 1780 888 1843 prompte
910 1789 953 1830 ex·

154 1854 250 1911 bibere
263 1870 321 1911 non
332 1855 499 1925 dubitemus,
522 1855 624 1913 addere
637 1857 688 1913 sibi
704 1867 797 1915 minen
809 1868 836 1914 et
850 1870 953 1917 nostrae

153 1949 186 2007 ad
205 1965 255 2006 vos
268 1948 518 2007 commendationis
537 1950 614 2023 quasi
635 1952 808 2025 privilegium
823 1962 952 2026 oportere

154 2045 355 2117 perspeximus,
370 2053 506 2118 quatenus
529 2046 553 2102 ei
567 2053 646 2102 tanto
660 2047 859 2105 accumulatior
881 2050 953 2106 inter

152 2153 202 2194 sos
226 2138 347 2195 charitas
368 2140 515 2205 enitescat,
535 2148 638 2213 quanto
661 2156 695 2197 ex
716 2140 826 2197 vinculo
854 2151 952 2200 vestrae

151 2230 335 2289 fraternitatis
354 2242 382 2289 et
394 2242 518 2306 respectu
532 2234 690 2307 apostolicae
703 2235 861 2293 reverentiae
884 2253 952 2292 con-

151 2325 276 2398 junctior
288 2332 316 2383 et
325 2325 492 2384 eminentior
506 2342 570 2383 etim
581 2342 664 2383 causa
676 2326 864 2384 commendat.
880 2328 951 2399 Qua·

153 2426 268 2490 propter
279 2433 409 2492 rogamus
421 2434 479 2488 vos,
494 2428 524 2476 et
533 2418 716 2477 admonemus
730 2420 759 2476 in
773 2421 904 2489 Domino,
919 2431 951 2478 ut

150 2526 215 2569 eum
229 2513 318 2584 plenae
329 2512 487 2569 dilectionis
501 2511 656 2583 affectibus,
672 2520 700 2570 et
713 2514 795 2586 digna
806 2523 950 2587 congratu-

151 2607 253 2663 latione
265 2607 434 2679 suscipistis;
457 2616 485 2664 et
496 2607 531 2665 ad
545 2607 694 2681 regendam
707 2609 760 2664 sibi
773 2610 950 2666 commissam

152 2702 312 2769 Eccledam,
324 2702 439 2774 ejusque
448 2702 513 2776 jura
525 2701 679 2771 retinenda,
697 2711 735 2772 et,
752 2703 798 2760 uhi
813 2719 883 2775 opus
898 2704 965 2761 fue·
1029 2753 1035 2765 .

151 2795 197 2867 rit,
223 2794 428 2866 recuperanda,
442 2811 507 2852 oum
522 2795 597 2853 omni
612 2812 678 2852 cura
707 2804 734 2852 et
756 2796 864 2864 studio,
889 2814 950 2869 quac

151 2889 266 2961 potestis
274 2889 387 2945 consilia
397 2898 425 2945 et
438 2888 574 2962 adjutoria
589 2888 746 2947 conferatis.
762 2893 833 2947 ham
846 2901 949 2963 quanto

150 2982 194 3039 bis
209 2982 383 3055 temporibus
394 2999 444 3056 pro
461 2985 698 3056 peccatisnostris
719 2986 841 3042 Ecclesia
853 3002 951 3044 saevic-

149 3075 227 3133 ribus
260 3092 456 3150 usquequaque
490 3078 646 3134 concutitur
674 3078 947 3153 perturbationibus,
1021 3128 1027 3139 .

150 3176 230 3227 tanto
251 3170 394 3228 sollicitius
414 3187 467 3229 nos
488 3173 524 3229 ad
537 3172 726 3231 defensionem
740 3189 836 3231 aarum
856 3187 948 3232 nostra

149 3266 266 3322 masilia
280 3272 308 3322 et
321 3281 390 3337 quas
414 3281 561 3338 possumus
577 3267 645 3323 sires
659 3266 782 3323 adunare
800 3266 948 3335 debemus;

148 3368 286 3431 quatenus
297 3369 393 3417 contra
415 3368 490 3417 tanta
517 3362 636 3433 pericula
652 3362 780 3420 fortiores
800 3364 831 3418 in
854 3364 948 3420 militia

147 3453 249 3511 Christi
263 3462 294 3511 et
303 3453 430 3512 fraternis
442 3455 571 3528 negotiis,
587 3456 692 3513 mutuis
703 3456 948 3514 sustentationibus

146 3548 299 3616 sustinere,
313 3551 373 3604 Deo
388 3548 550 3620 adjurante,
570 3549 720 3605 veleamus.

183 3644 258 3699 Data
272 3645 371 3699 flumas
380 3641 489 3700 decimo
504 3643 623 3716 septimo
632 3644 775 3702 Kalendas
788 3644 898 3718 Aprilis,
908 3646 948 3702 in-

144 3734 268 3793 dictione
281 3735 455 3793 duodecima.

365 3848 537 3905 EPISTOLA
555 3850 696 3906 Lxxvtt.

182 3975 227 4016 sn
244 3974 421 4018 astratus!
437 3976 474 4018 er
487 3975 559 4017 stus
582 3975 690 4017 statutt
704 3974 906 4020 muretensis.

384 4119 387 4124 .
443 4075 534 4137 (Anno
552 4074 643 4133 tort.)

144 4182 256 4239 Laudat
267 4182 394 4237 humilem
407 4185 596 4255 presidentium
612 4182 728 4251 episcopi
743 4183 901 4250 Arpenstnt,
920 4189 946 4238 ct

185 4256 584 4324 aususquit,prtodueuientem
593 4252 945 4322 Rcrrtaruiujustcdetiuue·

186 4327 254 4379 ristt.
273 4325 393 4381 htuudut
404 4330 434 4381 ut
448 4327 567 4380 salutum
581 4324 767 4381 Mediolanum
782 4340 863 4395 usque
875 4326 944 4380 diri-

184 4399 268 4465 puut.
290 4397 442 4452 Placentino
468 4401 495 4452 et
519 4398 581 4451 eliis
601 4396 793 4464 langobardie
817 4399 946 4467 episcopis

181 4482 235 4537 pro
256 4469 413 4523 necessitate
433 4483 583 4523 concussam
608 4468 788 4537 confir-muudi
809 4468 945 4522 licentiam

185 4540 294 4594 usserit.
307 4539 408 4596 lteddlt
421 4540 618 4594 nonnullorum
634 4543 756 4593 actuum
770 4553 890 4609 suorum,
910 4540 946 4595 de

184 4608 284 4680 quibust
304 4611 538 4679 mensurabatur,
561 4612 702 4665 rationem.

178 4721 356 4779 Gnaeomus
365 4720 517 4794 episcopus,
532 4737 632 4778 servus
645 4736 790 4778 servorum
800 4722 865 4790 Dei,
878 4722 942 4779 duci

142 4816 300 4876 Barasrot
314 4826 342 4871 et
353 4815 413 4888 ejus
424 4816 489 4873 filie
503 4816 629 4873 Mathildi
642 4815 758 4873 salutem
773 4824 802 4873 et
815 4817 945 4888 apostoli·

142 4924 210 4966 mm
225 4910 455 4967 benedictionem.

181 5005 253 5060 Cum
275 5005 414 5078 Propheta
427 5012 545 5062 testetur
568 5003 643 5078 quod
660 5005 837 5078 omnipotens
852 5008 942 5074 Deus,

142 5112 229 5170 quem
242 5098 340 5154 imitari
350 5099 493 5171 jubemur,
502 5114 551 5154 cor
562 5098 715 5155 contritum
727 5106 755 5154 et
770 5097 944 5154 humiliatum

142 5209 201 5250 non
224 5202 337 5265 spernat
355 5195 438 5263 (Pscl.
461 5193 499 5265 n),
514 5208 565 5249 nos
585 5192 696 5266 quidem
716 5193 762 5266 qui
785 5201 943 5264 peccatores

142 5303 253 5357 sumus,
268 5288 319 5344 etsi
333 5288 533 5345 contritionem
546 5287 671 5343 cordium
686 5286 715 5342 in
729 5285 789 5345 eliis
800 5302 858 5342 non
876 5287 944 5344 satis

142 5381 227 5455 plene
252 5380 430 5454 respicimus,
452 5380 562 5453 cognita
579 5389 675 5437 tamen
699 5379 890 5449 dissimulare,
916 5392 944 5437 et

130 5472 224 5547 'quasi
238 5490 289 5548 pro
307 5473 394 5530 nihilo
408 5480 570 5544 computare
586 5488 643 5530 non
656 5471 800 5530 debemus.
814 5473 942 5530 Guarne·

141 5568 201 5625 rius
211 5568 418 5640 argentinensis
430 5568 584 5640 episcopus,
605 5574 752 5639 postquam
766 5566 888 5639 peccatis
903 5567 943 5624 la-

140 5663 280 5720 ctentibus
292 5661 420 5720 decorem
434 5662 476 5719 sui
498 5660 604 5719 ordinis
618 5659 730 5734 indigne
745 5662 883 5729 tractavit,
897 5678 942 5718 vo

138 5766 221 5817 astru
238 5756 273 5814 sd
286 5756 486 5815 mnectionsm
501 5755 646 5814 adomino
664 5765 761 5812 nostm
777 5758 939 5813 venerande

139 5850 289 5909 memoria
298 5848 546 5925 Alemdropspa,
557 5850 635 5909 solus
646 5848 719 5907 inter
731 5864 828 5907 omnes
837 5851 940 5910 reum·
959 5914 968 5930 ,

1023 289 1130 346 EPIST.
1150 288 1273 343 lhttvtl.
1757 297 1810 349 350

972 413 1082 479 Anime
1105 422 1187 469 terre
1212 412 1370 486 episcopos,
1391 427 1512 484 quorum
1543 414 1624 470 multi
1640 429 1696 470 non
1720 416 1810 473 solum

1013 504 1114 561 carnali
1136 504 1251 570 scelere,
1275 502 1325 561 sed
1343 505 1427 560 etiam
1441 504 1592 561 simoniaca
1611 505 1672 563 labe
1694 506 1809 573 foedati,

1012 599 1109 655 itidem
1117 599 1206 656 vocati
1217 606 1293 667 sunt,
1306 600 1496 672 apostolorum
1509 600 1602 656 limina
1615 600 1705 673 petiit,
1715 601 1809 659 locum

1006 692 1104 768 judicii
1118 694 1145 749 in
1156 693 1315 749 humilitatis
1329 692 1419 749 forma
1429 695 1569 766 praevenit,
1585 703 1613 750 et
1627 695 1731 752 veritus
1742 712 1809 768 spo-

1011 787 1137 844 stolicam
1150 787 1255 860 virgam
1273 786 1463 843 annuntiando
1477 795 1505 843 et
1516 788 1662 862 cogitando
1678 805 1727 863 pro
1746 805 1810 862 pec·

1012 880 1079 937 catis
1093 880 1148 938 suis
1160 880 1186 936 in
1206 879 1305 937 fatiem
1319 880 1444 953 procidit.
1464 883 1622 953 apostolica
1642 883 1725 955 igitur
1744 893 1807 939 tum

1011 990 1127 1032 censura
1140 983 1281 1047 correptus
1292 975 1351 1048 jam
1372 990 1446 1030 nunc
1460 975 1639 1046 apostolicam
1658 977 1736 1033 venit
1758 992 1808 1031 ex·

1011 1069 1096 1140 pediri
1116 1069 1307 1135 clementiam,
1320 1076 1426 1125 etcum
1441 1076 1519 1124 tante
1539 1069 1716 1141 fatigatione,
1737 1071 1808 1128 sicut

1010 1161 1167 1218 audivimus
1173 1203 1183 1231 ,
1200 1161 1352 1235 jeiuuando
1372 1161 1484 1234 pariter,
1508 1170 1535 1217 et
1549 1162 1709 1234 plerumque
1724 1162 1808 1236 pedes

1009 1256 1115 1326 eundo,
1135 1257 1380 1331 eompunctionem
1400 1272 1481 1313 stram
1504 1264 1532 1312 et
1550 1256 1737 1314 obedientiam
1758 1257 1806 1314 de·

1009 1350 1190 1417 monstravit,
1199 1359 1230 1406 ut
1236 1348 1392 1406 confratres
1402 1350 1491 1406 nostri
1502 1366 1550 1422 pro
1561 1351 1748 1421 competentia
1760 1350 1808 1407 ho·

1010 1460 1073 1500 rum
1088 1452 1245 1517 temporum
1260 1444 1445 1502 miserendum
1464 1444 1514 1500 sibi
1528 1442 1586 1500 lore
1603 1443 1717 1516 dignum
1733 1445 1807 1500 aesti-

1009 1545 1115 1594 marent
1130 1546 1158 1594 et
1178 1536 1358 1594 decernerent
1380 1557 1387 1593 ε
1411 1538 1454 1594 cui
1469 1552 1630 1610 quanquam
1645 1537 1808 1610 episcopalis

1008 1631 1092 1687 oflicii
1103 1631 1360 1703 redintegrationem
1368 1631 1402 1688 ad
1413 1640 1474 1688 vota
1484 1647 1532 1687 sua
1541 1646 1596 1687 non
1606 1631 1808 1699 concessimus,

1009 1741 1135 1782 exercere
1152 1734 1244 1781 mmen
1259 1727 1287 1781 iu
1305 1724 1351 1781 illc
1374 1725 1496 1798 rigorem
1520 1726 1684 1780 mnouicum
1708 1724 1761 1781 hoc
1775 1725 1803 1780 in

967 1803 992 1865 Β
1007 1828 1131 1891 tempore
1152 1817 1216 1890 quid
1234 1817 1364 1887 referret,
1388 1834 1452 1875 cum
1479 1818 1611 1885 fortasse,
1627 1817 1680 1874 hoc
1695 1827 1806 1887 emata,

1006 1914 1098 1968 locum
1113 1912 1172 1985 ejus
1185 1928 1242 1967 uon
1256 1911 1325 1968 alius
1340 1911 1502 1984 possideret,
1518 1912 1572 1968 uisi
1586 1912 1635 1984 qui
1656 1912 1804 1983 plurimum
1842 1958 1851 1971 .
1910 1976 1913 1981 ,

1007 2006 1131 2079 pecunias
1142 2004 1208 2063 dare
1224 2009 1340 2077 posset?
1355 2006 1491 2062 Caeterum
1506 2005 1580 2077 quod
1595 2020 1644 2061 vos
1659 2003 1762 2061 lecistis
1776 2004 1803 2060 in

1005 2116 1081 2167 euni,
1097 2115 1180 2171 quam
1194 2099 1370 2156 inhonestum
1385 2099 1477 2167 robis,
1491 2114 1574 2169 quam
1590 2098 1656 2155 mihi
1671 2114 1805 2155 verecun-

1005 2192 1084 2259 dum,
1098 2208 1238 2265 quamque
1253 2193 1333 2249 beato
1347 2196 1429 2250 Petro
1444 2200 1473 2249 ot
1484 2192 1641 2264 apostolicas
1657 2191 1717 2248 scdi
1734 2207 1803 2247 con-

1004 2288 1181 2344 tumeliosum
1193 2287 1240 2352 sit,
1256 2302 1361 2360 quaeso,
1374 2302 1437 2343 cum
1452 2286 1551 2344 animis
1560 2286 1655 2342 restris
1667 2294 1801 2357 reputate,

1005 2389 1036 2436 ut
1053 2380 1195 2452 inquibus
1213 2380 1424 2453 peregrinorum
1438 2380 1481 2435 his
1495 2380 1522 2435 iu
1536 2380 1656 2452 partibus
1667 2379 1802 2435 tutissima

1003 2473 1087 2531 debet
1099 2490 1158 2530 esse
1181 2473 1317 2544 defensio,
1342 2474 1481 2546 inopinata
1502 2474 1621 2546 pericula
1640 2474 1756 2539 lateant,
1775 2481 1804 2529 et

1003 2576 1109 2635 nostra,
1124 2567 1171 2639 qui
1185 2567 1239 2623 hoc
1249 2568 1308 2624 aliis
1318 2569 1498 2641 principibus,
1512 2567 1700 2639 prohibemus,
1711 2567 1738 2622 ia
1751 2566 1802 2623 hac

1002 2675 1032 2716 re
1047 2659 1124 2731 quasi
1139 2669 1322 2717 consentanea
1346 2677 1396 2733 pro
1418 2659 1599 2717 familiaritate
1618 2668 1716 2717 sestrae
1733 2659 1801 2717 dile·

1002 2754 1098 2810 ettonis
1111 2755 1238 2809 voluntas
1252 2762 1400 2827 arguatur:
1417 2753 1570 2826 praesertim
1584 2770 1649 2810 cum
1668 2753 1798 2810 eumdem

1001 2846 1117 2902 fratrem
1132 2862 1181 2918 per
1194 2846 1300 2903 litteras
1318 2856 1427 2903 nostras
1439 2862 1494 2901 non
1515 2848 1573 2902 sine
1588 2863 1686 2919 magna
1700 2846 1801 2903 fiducia

912 2987 917 2998 .
1002 2940 1080 2996 vobis
1100 2939 1398 2996 commendaverimus.
1418 2940 1604 3010 Quamobrem
1626 2939 1801 2996 nobilitatem

1003 3042 1120 3090 vestram
1132 3034 1250 3091 multum
1265 3049 1394 3106 rogamus
1405 3042 1432 3090 et
1442 3032 1625 3088 admonemus
1635 3040 1677 3101 ut,
1688 3033 1801 3104 injurias

1003 3144 1062 3200 cJus
1075 3137 1208 3199 quantum
1223 3127 1335 3200 potestis
1348 3127 1551 3193 demulcentes,
1576 3127 1730 3183 cumomni
1747 3126 1796 3182 be-

966 3218 1156 3281 Cnevolentia
1179 3231 1208 3278 et
1228 3220 1376 3277 manifesta
1396 3220 1537 3277 charitatis
1550 3219 1716 3276 exhibitione
1731 3236 1798 3275 eum

1003 3314 1077 3371 abire
1094 3315 1248 3382 dimittatis,
1264 3324 1302 3384 et,
1318 3316 1389 3371 sicut
1402 3316 1429 3370 in
1448 3330 1530 3387 supra
1543 3314 1703 3370 memoratis
1716 3328 1796 3386 roga·

1003 3409 1093 3463 rimus
1112 3408 1222 3476 litteris,
1248 3416 1337 3464 tutum
1355 3407 1408 3464 sibi
1431 3408 1566 3481 usquead
1591 3407 1728 3464 domnum
1748 3408 1800 3462 Er·

1004 3500 1170 3557 lembaldum
1183 3500 1420 3574 [Erbombaldum]
1428 3499 1661 3557 Mediolanensem
1669 3499 1800 3557 duratum

1004 3594 1165 3666 prebeatis:
1180 3594 1298 3649 scientes
1309 3609 1373 3650 eum
1388 3608 1436 3666 per
1445 3593 1590 3666 epistolam
1602 3602 1725 3650 nostram
1739 3608 1798 3649 esse

1002 3688 1204 3745 commonitum
1219 3697 1248 3744 ut
1262 3687 1416 3744 nullatenus
1430 3702 1513 3759 super
1531 3686 1584 3744 hac
1596 3703 1627 3743 re
1639 3695 1734 3744 contra
1750 3702 1800 3742 sos

1002 3789 1051 3838 aut
1070 3790 1176 3838 vestros
1187 3781 1288 3854 aliquid
1301 3781 1432 3837 moliatur
1452 3779 1571 3837 adversi.
1594 3780 1721 3854 Dionysio
1735 3796 1799 3836 vero

1003 3875 1171 3943 Placentino,
1186 3883 1213 3931 et
1234 3874 1294 3931 aliis
1315 3874 1449 3946 episcopis
1471 3873 1681 3947 Langobardiae,
1702 3874 1749 3946 qui
1763 3873 1799 3930 ad

1002 3984 1052 4025 nos
1066 3977 1214 4034 venerant,
1235 3968 1304 4024 nihil
1319 3968 1354 4024 de
1369 3968 1515 4040 episcopali
1535 3967 1643 4035 officio,
1664 3966 1716 4024 nisi
1729 3982 1798 4023 con-

1002 4063 1107 4119 firmari
1128 4078 1227 4135 pueros
1255 4078 1304 4135 pro
1324 4062 1484 4118 necessitate
1506 4061 1693 4118 concessimus
1718 4080 1725 4116 :
1749 4059 1798 4117 sed

1001 4157 1085 4212 tatius
1101 4156 1204 4230 negotii
1218 4154 1297 4212 frena
1309 4156 1345 4212 ita
1368 4157 1523 4212 retinemus
1536 4155 1563 4210 in
1585 4171 1685 4222 manu,
1707 4162 1738 4210 ut
1751 4162 1798 4210 aut

999 4250 1128 4307 correctis
1143 4252 1177 4307 de
1195 4252 1282 4315 senia,
1304 4258 1353 4306 aut
1371 4250 1555 4323 pertinacibus
1570 4266 1625 4306 non
1643 4250 1680 4307 sit
1700 4249 1797 4320 despe·
1904 4226 1913 4295 s

1000 4344 1121 4401 randum
1137 4344 1172 4400 de
1182 4361 1273 4418 poena.
1290 4345 1359 4415 Quia
1371 4360 1436 4400 vero
1451 4361 1482 4400 ex
1494 4344 1635 4410 charitate,
1648 4353 1677 4400 et
1689 4360 1738 4417 pro
1751 4358 1797 4399 re·

1000 4439 1120 4496 verentia
1143 4448 1246 4496 sanctae
1259 4442 1395 4495 Romauae
1414 4438 1556 4506 Ecclesia,
1575 4452 1624 4494 ros
1640 4436 1675 4493 dc
1697 4437 1797 4493 talibus

999 4533 1143 4589 adversum
1159 4548 1210 4589 uos
1224 4547 1413 4589 murmurasse
1426 4531 1576 4600 credimus,
1593 4546 1731 4587 memores
1745 4529 1796 4586 do·

959 4625 985 4687 b
999 4626 1057 4683 mni
1070 4636 1097 4683 et
1111 4628 1197 4700 patris
1216 4627 1303 4683 nostri
1319 4626 1389 4682 beati
1410 4626 1482 4682 Petri
1495 4626 1683 4699 apostolorum
1699 4624 1796 4700 princi·

998 4721 1050 4793 pis,
1069 4722 1117 4794 qui
1135 4721 1374 4777 murmurantibus
1388 4720 1530 4777 adversum
1552 4736 1582 4777 se
1594 4719 1733 4793 discipulis
1753 4735 1796 4775 sa·

999 4814 1128 4871 tisiacere
1143 4830 1199 4870 non
1209 4813 1376 4886 dedignatus
1387 4822 1439 4882 est,
1448 4815 1526 4872 vobis
1537 4830 1646 4887 quoque
1658 4815 1795 4872 rationem

1001 4909 1035 4966 de
1057 4908 1134 4965 lactis
1148 4908 1250 4965 nostris
1261 4924 1316 4965 non
1329 4907 1407 4964 inviti
1422 4908 1576 4978 reddimus,
1592 4910 1621 4965 in
1640 4910 1796 4983 eodemque

999 5010 1100 5076 quanta
1120 5002 1159 5058 ris
1176 5002 1344 5072 dilectionis,
1359 5019 1412 5075 qua
1426 5003 1504 5060 vobis
1518 5003 1726 5076 adstringimur,
1739 5019 1796 5059 non

997 5096 1049 5155 alia
1064 5095 1142 5153 vobis
1152 5095 1241 5153 adhuc
1253 5096 1368 5154 certiora
1383 5098 1459 5169 signa
1471 5097 1607 5154 dedimus.
1619 5099 1715 5169 Neque
1731 5112 1795 5153 vero

997 5207 1050 5247 nos
1071 5189 1140 5264 fugit
1159 5206 1242 5263 quam
1263 5190 1369 5247 diversa
1390 5190 1424 5247 de
1445 5190 1525 5247 nobis
1537 5189 1683 5247 hominum
1698 5189 1794 5261 opinio

997 5288 1033 5343 sit
1047 5295 1075 5342 et
1085 5285 1231 5360 judicium,
1242 5286 1311 5343 dum
1323 5286 1353 5342 in
1368 5285 1471 5342 eisdem
1485 5285 1575 5341 causis
1591 5292 1617 5340 et
1630 5283 1735 5339 actibus
1749 5283 1795 5338 alii

996 5397 1050 5438 nos
1063 5381 1199 5448 credulos,
1215 5380 1259 5436 alii
1273 5380 1387 5435 nimium
1403 5381 1482 5436 mites
1493 5395 1552 5436 esse
1566 5376 1672 5433 dicunt.
1686 5376 1795 5445 Quibus
1826 5405 1834 5420 ·

996 5474 1130 5548 proiecto,
1147 5474 1184 5530 nil
1197 5477 1297 5542 verius,
1312 5474 1349 5530 nil
1367 5474 1470 5531 rectius
1486 5471 1707 5544 respondendum
1721 5468 1794 5525 vide
1843 5542 1857 5555 .

996 5585 1069 5636 mus,
1083 5584 1163 5640 quam
1176 5568 1249 5640 quod
1262 5569 1300 5624 ait
1312 5570 1462 5640 Apostolus
1474 5585 1481 5622 :
1493 5566 1565 5624 liilti
1575 5570 1664 5621 eutem
1675 5580 1727 5635 pro
1740 5569 1793 5618 mi·

995 5666 1068 5718 aimo
1083 5669 1132 5731 cst,
1147 5668 1177 5718 ut
1197 5681 1215 5717 u
1228 5665 1303 5718 uobis·
1314 5664 1434 5734 judicer,
1452 5667 1502 5717 ‹tut
1515 5662 1549 5715 ab
1567 5662 1682 5715 humano
1701 5658 1748 5711 die
1770 5660 1795 5730 (l

997 5761 1057 5814 cor.
1073 5764 1127 5824 tv).
1151 5759 1225 5813 Deus
1236 5765 1329 5813 autern
1345 5758 1533 5829 omnipotens,
1551 5752 1598 5824 qui
1611 5766 1690 5809 verm
1701 5749 1793 5821 inspe-
1873 5744 1877 5749 ’

994 5861 1054 5908 otor
1068 5860 1110 5907 est
1128 5850 1267 5918 cordium,
1284 5846 1383 5905 doceat
1397 5865 1449 5906 nos
1459 5852 1488 5901 st
1501 5858 1550 5899 vos
1560 5838 1795 5919 facsrqrolunta-
