3870 6164
74 253 145 313 retr
209 254 214 263 ·
530 254 674 314 sermo.
693 253 739 313 ur.
756 280 793 299 -
810 254 1021 316 uouuuuurs
1037 258 1267 319 enneommn.
1334 284 1339 295 -
1524 216 1526 223 ¹
1645 267 1727 327 ‘erse

70 381 184 455 potens,
197 391 246 436 vos
265 392 375 453 semper
397 376 551 439 incolumes
570 380 713 455 nostrique
734 387 915 457 memoreeg
964 385 1014 443 lv.
1028 384 1097 442 Cum
1114 385 1200 461 igitur
1216 384 1372 461 presbyteri
1392 392 1422 444 et
1433 386 1554 464 episcopi
1569 390 1725 466 antiquitus

69 479 199 548 proteget
218 479 302 546 atque
316 471 463 550 ousmdim,
486 470 595 534 domiui
615 474 719 533 iratrm
739 483 767 534 et
778 478 874 535 Patres
925 477 1000 536 idem
1019 477 1103 538 iniisse
1123 481 1258 556 legentur,
1273 480 1359 540 etiam
1372 481 1502 542 eamdem
1520 484 1624 557 ligendi
1639 495 1724 561 atque

69 566 267 627 amantissimi.
926 572 1048 630 solvendi
1063 580 1239 648 potestatam,
1258 583 1287 633 et
1306 576 1357 633 alia
1374 592 1451 634 nunc
1464 577 1600 651 episeopis
1619 580 1723 654 speeie-

926 666 961 722 iia
975 666 1104 727 habuisse
1117 684 1175 726 non
1186 667 1357 729 dubitantur.
1379 674 1527 745 Postquam
1539 681 1641 730 ,autem
1658 690 1722 748 pre·

925 759 1027 833 sbyteri
1046 761 1081 818 ab
1102 746 1249 836 episcopali
1262 765 1423 834 ⁸excellentis
1441 765 1555 823 cohibiti
1564 776 1652 838 ,sunt
1666 783 1725 828 eoe·

104 851 143 909 11.
156 846 192 908 Β.
207 842 308 909 Paulus
321 849 462 925 spostolus
473 851 504 908 in
518 850 712 924 epistolissuis
725 851 871 910 evidentis
925 853 965 926 pit
979 855 1019 911 eis
1036 871 1092 912 uon
1106 855 1189 913 licere
1208 857 1284 930 quod
1297 858 1385 927 licuit,
1400 858 1529 919 videlieet
1545 861 1620 934 quod
1634 862 1723 920 eccie-

66 945 140 1004 sime
148 943 229 1003 nobis
243 942 406 1018 praeemit,
415 943 492 1019 pund
503 944 576 1017 apud
585 945 717 1020 rnuquoe
729 946 872 1021 presbyter
924 946 1030 1005 siastice
1051 949 1201 1008 auctoritas
1229 950 1297 1008 solis
1317 951 1499 1024 pontificibus
1519 955 1724 1029 exsequendum

66 1047 97 1097 et
115 1034 261 1114 episcopus
274 1037 349 1096 idem
367 1035 481 1096 fuerint.
496 1038 625 1096 Scribens
639 1039 716 1097 enim
728 1038 764 1097 nd
776 1040 871 1097 Titum
925 1039 1072 1116 delegerit,
1093 1041 1121 1101 id
1144 1051 1196 1114 est,
1222 1043 1422 1103 coniectionem
1434 1046 1600 1122 chrismatis,
1626 1066 1723 1109 conse·

17 1182 23 1193 .
66 1126 102 1190 de
123 1130 296 1191 nrdimtiom
313 1130 506 1206 episcoporum
522 1131 656 1206 praecipit,
671 1141 703 1188 ut
721 1133 873 1191 constituat
925 1134 1079 1195 orationem
1092 1137 1238 1212 virginum,
1252 1138 1505 1199 reconciliationem
1517 1142 1722 1215 poenitentium,

66 1225 252 1300 persingulas
266 1224 392 1283 civitates
407 1225 597 1300 presbyterosr
620 1235 649 1284 et
663 1225 757 1284 statim
777 1227 872 1299 quales
925 1239 950 1285 cl
963 1229 1015 1286 alia
1028 1230 1197 1305 hujumodi,
1212 1247 1275 1306 que
1287 1240 1390 1290 statuta
1405 1236 1528 1306 Petrum}
1538 1236 1578 1294 eis
1588 1236 1723 1295 interclu-

65 1319 187 1379 debesnt
207 1318 330 1378 ordinari
358 1318 497 1379 subnectit
518 1319 613 1378 dicens
634 1337 642 1377 r
667 1322 778 1393 Oportet
800 1323 871 1377 enirn
925 1322 1006 1379 dunt.
1023 1325 1096 1381 Nem
1111 1323 1324 1398 Carthaginense
1336 1326 1497 1397 concilium,
1511 1329 1557 1385 cui
1570 1331 1604 1384 Β.
1624 1333 1724 1401 Augu·

65 1418 217 1488 epr'scoprmr
228 1414 557 1486 irreprehensibilemerse
567 1416 633 1482 (rit.
649 1414 681 1487 r).
696 1417 768 1473 item
777 1413 872 1473 Timo·
924 1417 1015 1474 stinus
1026 1416 1161 1486 interfuit,
1175 1419 1294 1490 capitulo
1306 1428 1324 1477 6
1334 1422 1453 1491 (issu,
1468 1429 1489 1477 t.
1505 1424 1544 1492 ll,
1557 1426 1721 1495 papillis),

65 1507 132 1566 theo
151 1507 268 1567 seriirit:
292 1507 359 1568 Noli
373 1505 507 1581 neplipere
521 1510 642 1579 pretium
654 1524 715 1581 pue
726 1511 757 1565 in
778 1513 804 1565 te
817 1513 867 1574 est,
923 1509 1091 1585 presbyteris
1105 1511 1244 1571 interdicit
1256 1513 1414 1573 chrismatis
1432 1515 1642 1586 coniectionem,
1662 1532 1723 1590 por·

87 693 183 769 nsum
195 724 280 767 crure
292 720 443 768 nrsmrruro
457 724 492 768 ns
504 724 726 770 mesammones
740 725 852 769 mucro.

66 1602 203 1673 predata
216 1602 316 1659 esttibi
320 1618 374 1675 per
380 1602 553 1675 prophetiam
562 1618 622 1659 nrm
633 1604 869 1675 impositicnemo·
921 1603 1069 1662 nitentium
1092 1604 1344 1665 reconciliationem
1368 1608 1509 1683 uirginum
1535 1611 1722 1668 consecratio-

64 1711 153 1753 nuum
163 1696 329 1769 presdpterii
342 1698 369 1767 (l
382 1699 449 1753 iim.
462 1699 518 1765 ry).
538 1696 589 1754 Cui
599 1697 695 1755 statim
706 1697 737 1753 in
749 1712 866 1770 sepum-
921 1714 997 1755 nem.
1019 1700 1136 1757 Sanctus
1158 1716 1269 1774 quoqne
1285 1701 1421 1759 Eusebius
1436 1702 1465 1759 in
1481 1702 1600 1761 decretio
1613 1704 1672 1761 suis
1686 1709 1722 1760 22

64 1788 801 1862 tibusdicit2Neminicitemonumimposueris(iit’no.
812 1796 841 1859 r)
856 1811 864 1849 r
879 1757 905 1824 B
922 1794 1010 1865 (episi.
1027 1799 1059 1863 33
1079 1796 1262 1865 Lunn.,r.1,
1285 1812 1346 1870 pag.
1372 1801 1463 1866 last),
1485 1797 1723 1857 coniirmetionem

63 1882 143 1958 quod
156 1882 265 1957 proprie
283 1891 326 1940 est
336 1883 469 1957 episcopi.
485 1886 517 1940 ln
538 1883 582 1941 his
602 1884 694 1942 verbis
717 1885 866 1958 Apostolus
907 1875 1123 1962 'neophytorum
1141 1890 1249 1947 nonnisi
1263 1890 1299 1947 ab
1310 1891 1449 1964 episcopis
1461 1907 1543 1963 posse
1554 1891 1597 1950 rel
1617 1891 1721 1951 debere

64 1977 134 2034 satis
142 1984 235 2051 aperte
243 1976 349 2036 notarit
357 1977 433 2051 quod
441 1976 677 2051 antiquitusidem
684 1979 828 2052 presbyter
837 1986 867 2036 et
919 1980 978 2039 lieri
991 1983 1099 2052 assedi,
1112 1998 1166 2041 nee
1180 1983 1253 2041 inter
1266 1984 1721 2045 ecclesiasticssacramentaillam
1783 1988 1786 1995 ’

63 2071 209 2145 episcopus
221 2070 335 2143 fuerint,
349 2070 429 2145 juxta
443 2071 519 2146 quod
531 2074 564 2131 Β.
580 2071 744 2131 smbmuus
756 2080 784 2130 et
795 2073 865 2130 Hie·
918 2077 1050 2149 reputari,
1064 2093 1127 2152 qum
1137 2078 1173 2135 ab
1181 2077 1241 2136 eliis
1254 2087 1419 2151 presumpta
1432 2078 1524 2139 luerit.

62 2180 198 2240 ronymus
216 2165 347 2224 eumdem
365 2167 532 2240 hpostdum
551 2166 580 2222 in
599 2165 704 2224 eisdem
722 2165 866 2225 sententiis
953 2172 989 2228 V.
1012 2170 1066 2228 Sed
1083 2170 1119 2242 dp
1139 2170 1182 2228 his
1195 2172 1319 2245 singulis,
1345 2187 1408 2246 quar
1428 2173 1595 2246 preshyteris
1607 2191 1666 2231 non
1688 2175 1721 2232 li·

62 2263 246 2321 commentati
258 2271 333 2321 sunt
349 2262 427 2322 Idem
441 2263 470 2320 in
480 2262 604 2336 Epistola
613 2261 650 2321 ed
667 2262 864 2336 Philippenses,
917 2277 980 2321 cere
996 2272 1149 2337 coepernnt,
1161 2273 1308 2339 postquem
1320 2265 1359 2322 iiii
1374 2265 1411 2323 ab
1424 2265 1571 2339 episcopeii
1583 2269 1721 2328 excellen-

64 2357 242 2433 presbyteros
262 2357 316 2415 sub
334 2357 447 2415 nomine
469 2357 662 2431 episcopomm
684 2357 797 2428 salutet,
819 2356 865 2415 di·
918 2358 956 2416 tia
980 2357 1098 2433 separati
1120 2367 1195 2429 sunt,
1209 2360 1243 2417 Β.
1257 2362 1396 2418 Demasm
1409 2375 1479 2433 pape
1492 2358 1599 2433 plenius
1621 2361 1652 2419 in
1670 2361 1720 2421 de·

63 2466 133 2511 oens
147 2468 157 2510 r
171 2453 275 2510 suntor
297 2457 323 2511 et
340 2453 492 2510 timothens
504 2448 576 2509 senos
589 2452 693 2509 diruti
704 2453 767 2508 iesu
778 2454 864 2509 omni·
918 2453 1001 2517 cretis
1028 2455 1087 2511 suis
1117 2452 1253 2525 edisserit,
1285 2452 1333 2511 ubi
1366 2469 1464 2511 vanum
1492 2455 1721 2528 superstitionem

64 2547 115 2605 bns
128 2551 231 2607 mactis
244 2551 295 2621 qni
305 2553 371 2606 sunt
383 2549 529 2620 Philippis,
545 2564 606 2604 eum
619 2548 749 2620 episcopis
763 2551 789 2605 et
804 2547 866 2605 dio·
917 2545 1176 2619 chorepiscoporum
1189 2545 1354 2605 authenticis
1371 2548 1524 2606 rationibus
1537 2550 1718 2623 compescuit.

62 2642 175 2701 mun
197 2643 327 2716 (Philipp.
350 2646 383 2711 ri.
399 2645 470 2700 llam
487 2642 568 2715 justa
586 2641 789 2715 Hieronymum
802 2640 865 2698 Phi·
918 2642 991 2699 Nam
1004 2638 1410 2715 scribensomniirmepisoopis
1423 2644 1512 2714 (epist.
1523 2648 1555 2713 tir
1570 2645 1666 2702 Lens.
1680 2646 1719 2716 ll,

62 2736 145 2811 lippis
165 2751 221 2794 uua
242 2744 284 2795 est
301 2736 401 2794 ciritae
420 2735 602 2805 Macedonia,
625 2751 688 2809 quae
701 2735 794 2807 pimus
808 2750 865 2792 non
919 2749 981 2808 pag.
1004 2738 1067 2803 eie)
1093 2733 1215 2807 primum
1236 2733 1448 2808 chorepiscopos
1471 2735 1542 2792 nihii
1565 2735 1639 2793 eliud
1659 2752 1719 2797 esse

63 2830 155 2905 potuit
164 2829 267 2888 hebere
279 2830 438 2904 episcopos.
455 2831 488 2888 ln
502 2830 615 2888 dctihm
627 2843 737 2904 quoque
752 2837 865 2903 aposto-
918 2843 1003 2902 quam
1017 2826 1192 2902 presbyteros
1203 2828 1313 2901 probet.
1328 2828 1435 2886 Deinde
1447 2836 1577 2902 utrosqm
1590 2844 1718 2888 commu·

64 2926 158 2983 lorum
176 2924 274 3000 legitur
292 2925 433 2998 apostolos
446 2939 558 2983 rotasse
576 2923 751 2999 presbyteros
771 2924 864 2998 Ephe·
918 2924 990 2979 niter
1010 2922 1043 2980 ab
1066 2921 1215 2994 episcopali
1229 2921 1342 2995 fastigio
1356 2921 1410 2978 hoc
1421 2920 1507 2979 modo
1530 2930 1685 2995 sequestret
1707 2939 1715 2979 r

10 3072 18 3093 .,
63 3018 180 3089 siceum,
193 3033 264 3093 qnos
278 3026 310 3077 et
329 3017 471 3092 episcopos
488 3018 622 3093 espiritu
643 3026 739 3077 sancto
761 3020 866 3092 positos
919 3017 1126 3090 chorepiscopis,
1141 3016 1383 3090 inquit,nonlicet
1393 3016 1545 3073 scerdotes
1553 3032 1718 3084 roruecrore,

63 3129 126 3173 esse
142 3116 216 3183 (det.
240 3117 295 3181 xx)
315 3129 373 3171 non
395 3113 493 3184 tacuit,
507 3113 631 3171 videlicet
645 3113 729 3171 unius
747 3114 867 3173 civitatis
881 3147 904 3213 c
919 3127 965 3169 nee
986 3112 1112 3170 &monos
1135 3111 1323 3181 subduceres,
1344 3127 1395 3168 neo
1414 3113 1549 3181 uirginem
1565 3126 1612 3168 nec
1626 3112 1718 3169 nitore

62 3207 239 3283 presbyteros
260 3222 363 3266 vocans
381 3207 534 3280 episcopm.
560 3210 634 3266 item
658 3208 716 3280 ipse
735 3209 866 3281 princeps
919 3209 1029 3276 ashes,
1039 3222 1086 3263 nec
1097 3207 1247 3277 nnpmeoel
1258 3221 1378 3276 socrcre,
1392 3221 1438 3262 nec
1447 3205 1568 3262 ecclesius
1582 3205 1716 3275 (lembore,

62 3302 253 3375 opondorunr
264 3304 363 3360 Petrm
376 3301 598 3374 inlipistoiasus
612 3302 865 3375 :Presbyterosin-
918 3315 965 3355 nec
981 3301 1098 3356 canno
1113 3303 1249 3371 medone,
1264 3316 1312 3356 nec
1331 3301 1475 3357 neeman
1486 3301 1575 3369 sontes
1589 3300 1715 3371 baptizo-

62 3397 136 3470 quit,
145 3399 175 3454 in
184 3397 258 3455 eobr's
266 3411 362 3469 precor
371 3397 569 3468 cornprestptor
582 3402 610 3454 et
624 3400 698 3454 tertie
708 3401 865 3468 pmsioroun
919 3397 1008 3450 torum
1030 3396 1150 3464 sipnoro,
1169 3411 1217 3450 nec
1234 3394 1340 3466 publice
1353 3394 1462 3464 quiden
1480 3396 1511 3450 in
1522 3396 1605 3450 misso
1628 3409 1719 3465 nmm-

63 3489 207 3564 chrisiti
223 3493 298 3549 Potr.
310 3492 352 3561 v).
366 3492 436 3547 ltem
448 3492 568 3548 loannes
582 3491 723 3562 spostolus
736 3499 764 3549 et
780 3507 865 3548 evan·
919 3503 1003 3560 quum
1014 3489 1186 3559 pertinetem
1200 3489 1373 3545 reconciliare
1387 3506 1397 3542 .·
1413 3503 1460 3544 nec
1471 3489 1603 3556 sornums
1619 3489 1719 3559 episto·

61 3584 159 3658 gelisis
179 3583 303 3643 scribens
322 3599 360 3643 ex
382 3584 427 3641 sui
450 3599 566 3657 persone
587 3585 740 3656 Prnbyter,
762 3586 865 3659 inquit,
920 3584 961 3638 lus
972 3583 1086 3645 mnino,
1100 3597 1148 3638 nec
1157 3583 1290 3654 poprium
1304 3581 1468 3647 benedicere,
1482 3597 1531 3637 nee
1544 3585 1606 3638 unm
1617 3584 1717 3652 episto·

62 3680 174 3751 Eiecim
182 3679 299 3737 mue
309 3683 336 3736 et
343 3680 411 3749 litiis
421 3679 479 3750 ey'ue
489 3682 528 3746 (ll
536 3681 620 3736 Jocn.
635 3682 667 3749 1).
684 3678 761 3735 idom
773 3679 802 3736 in
815 3679 867 3737 elie
915 3692 984 3748 pron
998 3678 1028 3732 in
1043 3677 1200 3748 baptisterio
1208 3677 1381 3735 ueisoorurio
1390 3676 1515 3741 introire,
1526 3691 1574 3732 nee
1585 3678 1718 3746 perone

62 3771 187 3848 spatoln
201 3791 210 3831 ε
223 3773 368 3844 Premis
379 3773 449 3831 tinio
461 3773 625 3830 oioriroino
638 3774 692 3846 (lll
703 3777 778 3832 icon.
795 3774 829 3847 ι).
919 3773 1037 3844 episcopo
1050 3773 1188 3840 insontem
1201 3774 1305 3841 uapore
1318 3774 1372 3827 cot
1383 3771 1504 3840 donoro,
1522 3784 1569 3825 nso
1579 3771 1714 3841 ponimn-

100 3867 153 3926 ill.
159 3865 305 3940 Eisigitnr
317 3867 463 3925 sententiis
474 3868 507 3926 Β.
522 3868 695 3940 Hieronymo
705 3875 735 3925 et
743 3867 866 3926 Ambro-
920 3870 972 3921 tem
986 3867 1044 3923 rino
1055 3868 1175 3939 episcopi
1186 3867 1231 3923 ero·
1241 3867 1419 3936 preceptione
1431 3864 1612 3932 reconciliare,
1624 3878 1672 3920 neo
1687 3878 1718 3920 oo
1733 3886 1747 3915 t

59 3959 106 4019 sio
130 3959 320 4043 sttaetmtibus
345 3959 552 4019 evidentissime
566 3961 700 4034 probetur
735 3961 865 4020 eumdem
916 3966 1057 4033 presente,
1071 3960 1257 4031 nisiintenie,
1269 3963 1469 4016 concinentem
1481 3958 1598 4029 corpu-ir
1615 3961 1642 4015 et
1656 3971 1721 4013 san·

60 4051 256 4129 presbyterum
269 4061 298 4113 et
308 4053 469 4129 episcopum
481 4053 577 4112 inhse.
590 4057 648 4113 Gur
659 4064 754 4113 sutem
769 4064 867 4127 postea
920 4059 1010 4127 prinis
1025 4055 1128 4113 Christi
1140 4057 1275 4126 eminere,
1284 4069 1333 4110 noc
1344 4068 1375 4110 so
1391 4066 1481 4111 eorum
1489 4053 1579 4124 posito
1586 4051 1719 4122 populun

60 4147 137 4209 ieter
144 4161 178 4207 se
189 4155 220 4206 st
228 4147 343 4207 nomine
359 4156 387 4206 et
399 4144 493 4207 officio
507 4146 664 4221 discrepare
677 4149 814 4221 coeperint
828 4150 867 4206 ite
920 4151 1013 4207 docere
1028 4150 1070 4206 ool
1082 4151 1213 4219 emptore,
1221 4164 1268 4204 neo
1275 4149 1381 4218 pubem
1390 4148 1542 4203 minari.
1553 4146 1618 4213 Qua
1626 4146 1718 4200 ontio

61 4240 186 4301 utinter
211 4242 389 4316 presbyteros
409 4258 483 4299 unus
504 4241 658 4316 specialiter
679 4257 786 4301 nomen
807 4244 868 4316 epi·
919 4241 1161 4313 sclispnntr'picibas
1172 4243 1369 4311 portineretcm
1383 4239 1718 4313 memonasterium
1801 4250 1806 4257 ·

59 4334 138 4410 esopi
149 4335 311 4406 obtinuerit,
332 4335 408 4395 idem
423 4336 608 4409 hieronymus
619 4350 702 4409 super
712 4335 867 4409 Epistulam
920 4352 954 4392 ee
964 4336 1028 4392 aliis
1040 4338 1155 4392 Petrum
1168 4335 1278 4390 statutis
1293 4339 1375 4406 utque
1388 4335 1472 4391 mnis
1491 4333 1639 4390 meotribue
1650 4331 1714 4388 cdo·

59 4428 98 4487 ed
111 4429 204 4487 Timm
217 4430 285 4487 satis
299 4438 392 4503 aperte
410 4431 524 4503 exponit
549 4450 556 4486 :
582 4435 738 4502 Postquam,
765 4431 875 4511 inquit,
920 4431 957 4486 cti
971 4431 1047 4487 estis.
1063 4467 1070 4482 .
1085 4468 1092 4482 .
1119 4429 1252 4486 siniliter
1265 4431 1290 4483 et
1302 4427 1335 4482 de
1346 4429 1512 4498 presbyteris
1530 4427 1585 4482 heo
1603 4426 1720 4481 lubente·

59 4525 248 4596 tnrurpnispue
265 4539 319 4596 eos,
340 4540 405 4596 prior
424 4525 619 4596 baptizaverat,
641 4541 702 4584 suos
724 4541 789 4598 esse,
812 4542 866 4583 non
879 4546 906 4612 D
921 4528 977 4593 tur,
994 4527 1026 4580 ut
1038 4522 1184 4595 siney'ttsru
1198 4524 1314 4594 episcopi
1326 4521 1397 4575 nibil
1412 4520 1522 4591 proprii
1535 4522 1631 4588 cpont.
1646 4520 1719 4575 ltem
1783 4571 1792 4581 ,,

59 4617 166 4677 ΟΜ
179 4619 310 4690 pmobot,
324 4619 355 4675 in
369 4622 423 4675 toto
445 4618 578 4676 decretum
599 4621 867 4685 tetenderimus
921 4620 951 4676 S.
965 4619 1126 4691 leopspsl
1139 4612 1413 4686 omnibusepisoopis
1425 4610 1649 4684 scribonsiepist.
1664 4617 1717 4683 883

57 4709 97 4768 ds
116 4712 280 4784 perenne
301 4712 396 4768 motus
432 4717 659 4784 superponeretur
679 4717 793 4782 entem,
830 4717 867 4771 nd
920 4712 1221 4783 Lsrn.,t.1rr,png.
1245 4705 1476 4776 isstyeemdem
1490 4705 1657 4764 subtantiam
1682 4706 1719 4764 de

57 4818 142 4878 paen
155 4807 240 4863 omnir
253 4820 317 4861 nero
334 4805 457 4863 Emisere
475 4807 634 4878 pertineret,
654 4810 680 4861 et
692 4806 866 4864 scismatum
919 4804 1121 4880 chorepiscopis
1132 4811 1160 4859 et
1173 4800 1340 4876 presbyteris
1359 4799 1459 4869 tenuit,
1485 4805 1516 4856 ut
1528 4799 1631 4875 puriter
1652 4815 1718 4873 pro·

54 4899 165 4957 satiro
182 4900 343 4959 minentis
365 4894 556 4970 (coronentur.
578 4898 606 4956 in
629 4915 690 4973 cap.
716 4915 739 4970 1,
754 4900 826 4974 opp.
842 4909 865 4958 t.
919 4899 1008 4973 prium
1031 4896 1147 4955 modum
1159 4904 1336 4973 cognoscent,
1361 4910 1412 4953 uec
1436 4894 1591 4969 episcopale
1609 4892 1719 4969 pririie·

55 4993 111 5062 lv,
126 5007 154 5064 p.
177 4997 252 5061 tlt).
267 4995 304 5050 Et
326 4977 397 5050 inira
419 5014 427 5051 r
443 4994 595 5063 Poulutrin,
623 4998 654 5050 ut
668 4995 865 5052 dissensionum
918 4993 995 5066 glum
1009 5006 1141 5065 usurpare
1155 4998 1333 5066 presumant.
1350 4987 1404 5048 Sed
1419 4997 1447 5047 et
1461 4990 1494 5047 Β.
1509 4988 1635 5048 Gelasius
1646 5002 1718 5060 pape

51 5082 202 5161 phastio
210 5086 396 5151 manner,
410 5084 448 5143 cd
461 5101 547 5143 umens
556 5086 643 5144 omnis
655 5088 808 5145 sollicitudo
817 5090 864 5146 de·
918 5088 946 5144 in
957 5085 1074 5145 decretis
1084 5086 1143 5145 suis
1156 5084 1278 5159 capitulo
1291 5090 1309 5142 d
1323 5084 1443 5156 (Lean,
1458 5090 1480 5141 t.
1496 5086 1546 5153 lv,
1561 5097 1623 5156 pag.
1638 5085 1718 5148 itis)

54 5178 122 5239 tato
139 5184 191 5239 est.
202 5180 354 5253 diademo
369 5180 523 5255 presbyteri
539 5183 640 5251 suunt,
656 5199 685 5240 se
708 5199 742 5240 ec
761 5199 865 5241 consue·
918 5181 1087 5243 enumeratis
1101 5181 1157 5253 his,
1175 5196 1238 5256 qua
1252 5179 1476 5254 presbyterorum
1491 5175 1585 5236 oiiicio
1598 5190 1717 5246 compe-

53 5272 293 5334 immemorem
315 5278 352 5342 ei,
366 5279 418 5348 qni
438 5277 494 5333 sihi
502 5279 668 5348 prepositus
688 5279 784 5348 merit,
808 5293 864 5336 esse
917 5287 981 5338 tunt
998 5277 1154 5354 generalem
1167 5277 1331 5335 sententium
1352 5274 1499 5340 subintert,
1523 5270 1617 5328 dicens
1639 5272 1719 5326 :lieo

53 5366 191 5440 abierim
206 5385 216 5427 r
239 5370 281 5427 iic
295 5370 412 5443 episcopi
429 5370 565 5436 emerint,
586 5374 715 5443 senapis
730 5377 866 5429 muscetu-
917 5374 1056 5446 presbyter
1062 5388 1180 5448 proretis
1189 5373 1302 5439 dubitet,
1319 5370 1504 5442 neemiam
1517 5362 1556 5420 ad
1568 5362 1716 5437 ipsimi

54 5458 136 5532 aen,
153 5478 236 5534 nnn
248 5463 423 5535 omninno
435 5464 579 5521 nomm
599 5468 736 5536 nonne,
749 5467 863 5540 pressy·
917 5469 1096 5526 ninneton
1108 5468 1413 5541 neminemnam
1425 5475 1473 5518 sno
1486 5462 1561 5516 nou
1576 5460 1720 5530 pnoonn

54 5557 128 5615 uris
149 5557 345 5629 mundiores,
365 5563 392 5616 et
404 5560 437 5616 in
449 5574 586 5617 commate
599 5561 694 5617 dehere
716 5562 863 5620 Ecclesium
916 5563 1124 5635 recoquendam,
1139 5556 1469 5632 emtinrosspresbytsrii
1480 5553 1614 5625 dipreiiote
1631 5560 1720 5613 etru-

52 5660 160 5723 φησιν,
177 5653 316 5710 nense
332 5652 450 5725 lioysen,
464 5655 523 5725 ptri,
537 5669 596 5711 cen
614 5654 722 5712 bonnet
738 5657 767 5710 in
786 5661 863 5729 pote-
916 5673 964 5714 cro
977 5660 1159 5715 oomnunmne
1168 5652 1346 5731 pnnondun:
1359 5652 1438 5708 Patet
1451 5648 1593 5722 ergcsstis
1606 5647 1720 5706 criden·

52 5746 130 5805 stote
142 5746 216 5804 solus
237 5754 351 5820 precem
361 5746 460 5819 populo
481 5749 861 5827 israeiseptuuyintuelepit,
914 5759 967 5822 ter,
1001 5760 1135 5826 quintum
1177 5742 1337 5825 episcopalis
1369 5741 1518 5804 smtodtes
1551 5742 1721 5819 presbyteris

29 5840 531 5914 emaquiiuspopulumiudiooret.
914 5844 1046 5914 eminent,
1066 5846 1107 5904 rel
1126 5840 1263 5917 qnidiilis
1275 5838 1387 5912 penihn
1407 5849 1540 5914 usurpem
1551 5849 1611 5895 non
1624 5836 1720 5899 lineet·
