3870 6164
485 270 693 333 tranuntur.
712 277 975 357 -uonurrsrtm
993 279 1251 349 onsocmsur..
1417 333 1421 341 ,
1545 276 1721 371 'rom

116 393 264 465 suppliciter
295 394 422 465 allocuta,
441 395 552 454 tandem
572 400 681 457 annuit.
705 401 866 470 CrediditA
881 410 922 461 tes
935 403 1051 461 absolvit
1064 402 1272 461 abinddelitete
1285 404 1451 477 etperjurio.
1461 406 1545 478 Quod
1559 406 1677 481 impers-

116 486 199 558 tejas,
214 487 344 561 petiitque
354 498 385 545 ut
394 489 444 547 sibi
460 500 488 547 et
502 492 632 550 Ecclesia
644 496 779 552 Romanae
791 496 826 552 ab
881 504 927 553 tor
941 512 1091 571 agnoscens
1102 513 1169 555 cum
1192 496 1282 554 valido
1297 498 1420 555 exercitu
1429 498 1542 557 intravit
1555 494 1677 568 ltaliam,

115 579 279 653 imperatore
298 581 439 639 lidelitatis
453 583 644 655 juramentum
670 597 826 661 praestetur.
882 606 999 664 eamque
1012 596 1180 664 pervagatus,
1205 591 1314 648 castella
1332 588 1415 663 fregit
1431 600 1460 649 et
1479 592 1593 667 oppida3
1618 594 1678 653 sola

116 681 186 731 rator
195 675 289 746 itaque
300 675 335 732 ad
347 678 519 747 presentiam
533 695 610 751 papae
623 681 703 738 nudis
715 683 828 755 pedibus
881 691 977 740 tamen
999 685 1026 741 ei
1049 685 1147 741 restitit
1159 685 1300 741 comitissa
1314 684 1463 742 Mathildis.
1480 686 1678 760 contraquam

129 768 220 823 nivem
237 776 266 823 et
279 767 396 839 glaciem
405 770 535 827 incedens
544 773 628 840 venit,
638 783 666 831 et
676 775 703 829 in
713 775 827 831 modum
882 778 1032 848 imperator
1050 793 1149 851 magua
1162 777 1342 835 exardescens
1355 779 1386 835 in
1397 779 1448 845 ira,
1464 780 1563 835 excitat
1577 778 1677 837 adver-

116 875 166 916 sse
180 859 208 915 in
231 868 337 916 terram
361 861 522 937 antepedes
538 863 676 935 pontilicis
698 866 825 936 jactans:
882 885 929 925 sus
940 885 1001 925 eam
1018 870 1120 943 praelia,
1130 880 1303 943 terroresque
1313 872 1456 942 immittit,
1476 880 1505 929 et
1518 871 1679 930 obsidiones

119 994 128 1019 ,
153 952 253 1026 inquit,
279 954 436 1012 beatissime
445 957 534 1023 Pater,
548 973 636 1029 parre.
657 961 741 1032 Cujus
760 976 828 1033 papa
883 963 1018 1031 minatum
1039 962 1089 1019 sed
1119 979 1183 1019 cum
1208 963 1298 1020 eidem
1319 964 1464 1023 comitissae
1490 964 1678 1023 innumerabi-

116 1047 180 1103 tntia
190 1046 368 1104 miseratione
381 1057 484 1116 motus,
498 1049 651 1119 benedixit,
663 1059 692 1108 et
701 1051 736 1109 ad
754 1053 829 1125 pacis
882 1056 918 1113 lia
932 1064 1024 1113 essent
1045 1056 1185 1129 praesidia,
1207 1044 1241 1112 ab
1256 1056 1431 1130 imperatoris
1452 1058 1676 1131 oppressionibus

116 1156 158 1196 rm
172 1138 295 1208 admisit,
321 1142 459 1215 missaque
485 1143 644 1201 solemniter
670 1145 827 1216 decantata,
882 1165 993 1221 semper
1001 1157 1112 1207 strenue
1132 1165 1161 1206 se
1175 1148 1299 1206 defendit
1315 1150 1408 1222 :quod
1420 1151 1570 1223 imperator
1582 1152 1676 1209 adver·

116 1233 158 1289 ris
179 1242 207 1289 et
218 1233 360 1305 sanguinis
372 1236 486 1292 Domini
501 1237 586 1294 nostri
602 1240 667 1295 lesu
686 1238 828 1298 christiin
882 1251 953 1309 teus,
963 1257 1029 1299 mox
1044 1243 1200 1315 properavit
1208 1242 1244 1299 ad
1251 1242 1369 1312 Urbem,
1378 1258 1546 1316 quam,cum
1558 1243 1610 1300 sibi
1620 1258 1679 1300 non

120 1335 148 1383 et
166 1326 325 1384 eoncordia
338 1328 449 1402 signum
475 1344 540 1387 eum
551 1329 616 1388 iecit
629 1335 827 1391 communione
879 1336 1080 1408 obtemperaret
1092 1335 1127 1392 ad
1141 1344 1248 1401 votum,
1263 1334 1406 1393 obsidione
1420 1336 1540 1405 vallavit,
1563 1350 1679 1407 eamque

116 1419 373 1491 ripemetinarcem
381 1422 828 1484 Canusinameumdeduxitmira-
879 1428 1060 1501 depopulatus
1083 1437 1134 1495 est,
1159 1439 1187 1485 et
1200 1429 1304 1486 moenia
1326 1429 1412 1485 multa
1432 1427 1552 1502 dirupitr
1574 1422 1683 1501 postea,

116 1529 121 1544 ·
152 1512 325 1570 collaetantes
354 1515 453 1587 Sisque
479 1515 619 1575 Mathildae
646 1534 744 1592 magna
759 1536 826 1593 pru-
881 1520 1224 1589 Urbeobtenta,statuitin
1238 1519 1440 1587 ea,ntdiotum
1453 1520 1680 1590 est,Guibertum

116 1605 316 1663 aeonsolidata
336 1608 478 1665 suntinter
487 1609 685 1682 imperatorem
694 1621 826 1685 etpapam
880 1615 1037 1688 antipapam
1050 1615 1222 1672 Clementem
1241 1615 1420 1687 appellatum.
1447 1614 1597 1688 Gregorius
1615 1629 1680 1671 vero

117 1698 232 1766 ioedera,
249 1699 616 1775 iuvitistameuquibusdam
629 1705 777 1779 episeopis,
800 1713 828 1764 et
880 1705 1681 1781 papahbmnmroifensus,liebertumGuisoardinpulise

116 1807 137 1849 ’e
166 1793 351 1862 manentibus,
377 1803 459 1867 prout
481 1795 675 1870 subsequentia
702 1775 865 1859 deelara-B
881 1799 1029 1857 dominum
1038 1801 1066 1856 in
1080 1816 1164 1857 suum
1178 1801 1312 1857 auxilium
1321 1801 1449 1858 evocavit.
1463 1801 1553 1872 Quem
1565 1815 1631 1857 cum
1644 1799 1680 1858 de

881 1894 981 1966 Apulia
995 1894 1151 1950 seuientem
1168 1894 1320 1965 imperator
1333 1894 1467 1961 audisset,
1482 1895 1516 1951 ab
1534 1892 1613 1951 Urbe
1623 1892 1681 1950 dis·

318 1991 442 2048 CAPUT
470 1992 519 2047 lX.
881 1988 973 2044 cessit.
997 1987 1050 2044 Sed
1063 1986 1214 2044 Guibertus
1242 1986 1383 2060 antipapa,
1405 1986 1527 2059 proemiis
1548 1995 1577 2043 et
1599 1986 1680 2043 donis

116 2097 240 2164 ees-papa
253 2097 278 2148 pe
293 2096 439 2158 cometem,
456 2096 631 2165 imperatore,
643 2096 697 2165 fige
710 2101 826 2167 magam,
881 2080 1074 2152 imperatorem
1087 2079 1220 2147 alliciens,
1234 2080 1359 2137 invasam
1378 2078 1620 2152 sedisapostolicae
1631 2095 1679 2137 oa·

116 2165 183 2219 tiliae
199 2171 351 2228 masenot,
366 2170 392 2220 et
402 2166 456 2220 sibi
467 2170 493 2221 et
502 2169 559 2221 sus
569 2166 708 2223 aduocati
717 2174 791 2223 sunt.
882 2171 1169 2239 thedramdetinebat;
1186 2172 1232 2244 qui
1244 2172 1385 2244 pravitatis
1394 2171 1531 2228 haereticae
1543 2171 1624 2227 limes
1637 2169 1680 2227 el-

116 2277 134 2325 u
143 2268 202 2326 haec
216 2269 376 2340 Imperator,
386 2269 577 2341 papadimisso
590 2270 619 2327 in
633 2271 736 2344 oppido
746 2274 826 2329 canu
881 2263 980 2334 scetus,
1002 2264 1104 2321 multos
1123 2265 1154 2321 in
1167 2264 1244 2323 Urbe
1257 2272 1286 2321 et
1296 2263 1364 2321 orbo
1376 2264 1476 2336 pariter
1493 2263 1604 2320 vitiavit.
1619 2265 1681 2337 lpse

116 2363 236 2435 Regium
251 2364 380 2434 perrexit,
395 2379 478 2435 quam
491 2363 629 2421 civitatem
646 2364 758 2437 quidam
780 2365 826 2422 de-
883 2358 968 2427 euim,
980 2357 1073 2415 diviua
1085 2357 1214 2415 mandata
1228 2373 1377 2431 seponens,
1388 2358 1463 2431 leges
1476 2372 1568 2413 sacras
1579 2372 1682 2429 praera·

117 2455 235 2512 abantur
248 2456 380 2529 episcopi,
394 2456 521 2513 videlicet
530 2459 705 2527 Mutinensis,
715 2461 827 2516 Cremo·
882 2451 994 2517 licebat,
1007 2452 1059 2507 Dei
1075 2451 1208 2509 Εῡθῑθθῑᾶδ
1215 2451 1384 2508 destruebat·
1396 2451 1682 2524 Gr⁸G⁰lil¹¹fflll¹⁰ll¹¹0

116 2565 126 2605 s
144 2558 173 2606 ct
192 2549 384 2618 Bononiensis,
399 2548 433 2606 de
448 2566 514 2621 paee
528 2551 599 2607 inter
613 2567 711 2624 papam
733 2560 761 2609 et
772 2553 826 2609 im·
884 2560 984 2616 pilam
1004 2544 1132 2600 ἔθνθῆῑθῐ
1145 2553 1318 2616 perstemus,
1334 2544 1438 2601 muli0⁸
1449 2545 1590 2617 095800901
1603 2553 1631 2600 θῐ
1641 2544 1680 2600 Vi·

116 2658 188 2699 orem
207 2642 358 2715 plurimum
382 2649 547 2700 metuentes.
575 2643 626 2700 His
650 2654 710 2701 erat
732 2653 828 2703 auctor
883 2634 1196 2708 roseatlrolicosllagris
1212 2635 1323 2705 alllirit,
1338 2645 1366 2693 et
1387 2652 1529 2694 carcerum
1554 2637 1681 2709 squalore

116 2744 182 2793 crtus
192 2735 412 2808 archiepiscopus
424 2737 624 2804 Ravennensis,
637 2738 748 2794 natione
764 2741 830 2794 Par·
883 2728 1040 2796 maceravit.
1052 2729 1187 2800 imperiali
1201 2727 1294 2785 favore
1308 2727 1448 2786 suffultus.

116 2831 143 2897 is,
159 2830 201 2885 vir
214 2829 314 2886 nobilis
330 2838 358 2885 et
369 2839 492 2897 astutus;
511 2830 556 2886 lric
572 2838 666 2887 autem
677 2831 827 2903 imperato·
1183 2835 1304 2891 CAPUT
1323 2836 1362 2891 X.

116 2931 206 2978 entem
223 2922 292 2979 adeo
304 2922 435 2995 pervertit
457 2938 472 2978 a
488 2938 567 2996 papa,
579 2930 610 2979 ut
621 2923 655 2979 de
669 2923 741 2996 pacis
751 2940 829 2981 com·
883 2935 1148 3005 menumquam
1168 2937 1332 3006 mperpapa
1342 2951 1395 3006 pro
1407 2936 1527 2993 geom
1543 2934 1680 2991 camaena

116 3031 171 3072 one
182 3017 318 3087 poenitens
337 3031 434 3088 papam
444 3016 601 3087 conceperit
614 3017 763 3090 captivare.
778 3018 830 3074 Die
1007 3008 1047 3063 ad
1061 3010 1221 3063 ‘mmmmm
1235 3009 1379 3062 fflmiisstoe
1400 3007 1553 3064 Mssihildil·

139 3116 157 3166 6
168 3124 202 3164 ex
215 3125 270 3182 quo
285 3108 447 3165 discesserat
460 3123 477 3163 a
492 3125 561 3182 papa
579 3109 763 3167 Bibianellum
781 3127 826 3168 re·
843 3119 867 3183 c
921 3113 997 3166 lnter
1010 3108 1069 3166 lraeo
1081 3108 1222 3165 eomitissa
1235 3106 1389 3176 blathildis,
1404 3108 1450 3180 pio
1463 3108 1545 3165 corde
1563 3107 1682 3180 llagram

116 3202 145 3270 it,
161 3199 195 3258 ad
209 3218 291 3275 quern
304 3216 384 3274 papa,
398 3218 449 3258 neo
465 3217 521 3258 non
534 3210 562 3258 et
573 3202 711 3260 eomitissa
729 3208 804 3271 (956)
819 3221 826 3259 :
883 3204 1013 3260 adversus
1023 3203 1220 3274 imperatorem
1228 3211 1256 3258 et
1265 3202 1430 3259 Guibertum
1440 3200 1681 3274 erumpam-aete

117 3296 264 3367 imperator
285 3311 352 3351 oum
371 3296 410 3351 eis
431 3295 599 3366 colloquium
618 3297 689 3353 ultra
711 3297 828 3364 Padum,
883 3312 980 3353 eorum
993 3295 1157 3358 abhorrens.
1170 3296 1261 3366 praelia
1277 3295 1362 3352 multa
1383 3294 1477 3368 gessit,
1495 3303 1524 3352 et
1542 3310 1681 3367 quoscun-

122 3397 283 3449 annuentcs.
307 3388 373 3445 dum
400 3389 540 3445 transisset
565 3389 725 3461 imperator,
747 3391 830 3446 etiam
883 3405 937 3462 que
958 3390 983 3445 ei
1002 3387 1178 3444 adversantes
1194 3403 1243 3460 pro
1264 3403 1345 3460 posse
1365 3385 1501 3445 coalent.
1517 3391 1587 3460 ‘lpse
1606 3388 1681 3444 enim

116 3482 219 3538 ransire
241 3481 418 3548 contendunt,
441 3490 581 3555 conceptae
604 3481 708 3541 lraudis
728 3484 828 3556 ignari.
885 3481 1031 3555 episeopis,
1047 3481 1163 3549 clericis,
1172 3480 1313 3537 monachis
1325 3481 1486 3554 cunctisque
1500 3490 1559 3537 erat
1569 3480 1623 3537 lida
1637 3489 1683 3537 tu·

116 3591 157 3648 [ua
169 3575 342 3636 transissent.
365 3575 437 3630 venit
453 3575 488 3631 ad
501 3576 670 3631 comitissam
690 3576 831 3633 insinuans
883 3578 936 3632 tela
948 3574 1097 3631 catholicis.
1114 3576 1187 3631 Nam
1197 3574 1303 3645 quosin
1314 3574 1366 3631 hac
1376 3574 1493 3647 proualls
1504 3573 1682 3632 dissidiorum

119 3668 250 3725 latebant.
272 3666 418 3724 Patefactis
435 3668 527 3739 itaque
544 3667 650 3724 insidiis
675 3684 741 3740 papa
766 3684 831 3726 oum
884 3669 1035 3741 imperator
1043 3666 1359 3739 damnabat,·spoliabat
1379 3676 1407 3724 et
1420 3667 1518 3723 exsilio
1529 3667 1683 3739 redigebat,

116 3761 177 3818 issa
191 3761 227 3818 ad
246 3761 377 3834 oppidum
396 3761 487 3827 rediit,
507 3761 701 3833 imperatorem
715 3762 832 3819 minime
884 3761 920 3818 ad
943 3776 1005 3817 eam
1016 3768 1199 3828 recurrentes,
1219 3759 1339 3830 benigno
1353 3775 1401 3817 eos
1415 3759 1557 3824 solamine,
1571 3767 1599 3816 et
1608 3761 1683 3817 salu·

116 3870 188 3912 trus.
210 3856 279 3927 llaec
293 3854 436 3911 audientes
455 3854 575 3927 episcopi
598 3853 750 3928 supradicti
775 3855 831 3912 laeti
884 3854 928 3912 bri
945 3854 1047 3911 auxillo
1066 3852 1215 3910 refovebat.
1231 3856 1306 3909 luter
1322 3868 1392 3925 quos
1404 3853 1449 3910 ille
1463 3851 1625 3909 venerabilis
1646 3851 1687 3908 sir

116 3946 833 4021 effecti‚etmaxlmeGuibertus,quihujusseditio·
886 3948 1037 4004 Anselmus
1065 3946 1220 4019 episeopus,
1242 3946 1306 4018 qui,
1330 3946 1440 4003 natione
1461 3945 1685 4014 Mediolanensis,

116 4049 198 4108 rotor,
208 4040 303 4098 sedem
318 4041 494 4112 apostolicam
509 4049 604 4097 contra
616 4041 780 4114 Gregorium
791 4041 832 4097 in·
886 4050 980 4114 postes
994 4057 1062 4114 papa
1077 4038 1139 4110 luit,
1165 4048 1278 4097 vocatus
1291 4038 1447 4096 Alexander
1461 4039 1545 4110 hujus
1565 4038 1686 4095 nominis

116 4151 137 4191 ’e
151 4135 302 4210 satagebat.
317 4138 407 4207 Quem
425 4133 537 4190 tandem
551 4132 700 4207 imperator
713 4134 834 4191 laudavit
886 4133 1038 4201 secundum
1053 4134 1097 4191 cui
1114 4133 1188 4190 idem
1199 4133 1350 4205 Gregorius
1360 4135 1410 4189 Vll
1421 4140 1685 4204 paternocommen·

116 4243 184 4299 pam.
195 4227 324 4286 seditiosi
338 4243 457 4299 namque
471 4229 616 4283 memorati
627 4225 748 4300 episcopi
759 4227 831 4300 apud
887 4227 961 4283 dant
983 4225 1084 4283 ellectu
1104 4235 1134 4282 ut
1155 4227 1244 4297 ipsam
1260 4226 1318 4282 suis
1347 4224 1501 4283 salubribus
1522 4224 1638 4283 monitis
1659 4231 1687 4281 et

116 4337 156 4378 am
180 4321 382 4385 convenientes,
394 4322 484 4392 ipsum
504 4320 672 4377 Guibertum
687 4320 714 4377 in
733 4336 832 4393 papam
887 4319 1010 4393 benignis
1034 4319 1231 4391 dogmatizaret
1252 4319 1394 4391 exemplis.
1418 4321 1481 4390 lpsa
1503 4317 1578 4374 enim
1599 4318 1686 4375 eomi-

116 4415 591 4483 runt,Clcmentemeumrooantes.
606 4417 695 4486 Quem
709 4421 831 4487 postmo·
886 4413 951 4469 tissa
976 4427 1042 4469 cum
1064 4412 1163 4468 codem
1185 4411 1319 4467 Anselmo
1343 4411 1482 4483 episcopo,
1503 4412 1551 4482 qui
1570 4419 1636 4466 tuno
1657 4410 1684 4467 in

120 4509 270 4580 imperator
283 4523 378 4564 secum
399 4507 503 4563 ducens
516 4510 647 4575 Romam,
662 4506 725 4564 lecit
736 4505 763 4563 in
779 4524 827 4581 pa·
844 4507 871 4570 Ι)
886 4505 1058 4563 Lombsrdiae
1084 4504 1206 4577 partibus
1234 4503 1358 4576 Gregorii
1373 4518 1449 4575 papas
1479 4511 1540 4559 erat
1561 4502 1680 4559 vicarius

118 4601 253 4665 benedici,
282 4610 312 4656 et
323 4602 358 4657 ab
373 4602 433 4670 ipso
447 4599 529 4657 indie
544 4608 638 4656 sancto
653 4599 767 4658 Pascha
777 4601 832 4657 im·
887 4600 1049 4657 thesaurum
1063 4598 1192 4655 Ecclesiae
1203 4597 1345 4655 Canusinae
1365 4595 1514 4668 postulavit
1527 4596 1620 4653 abbati
1631 4596 1686 4654 Ge·

116 4694 241 4752 diadema
265 4693 394 4765 suscepit.
410 4693 551 4751 lllatlrildis
569 4702 660 4750 autem
681 4694 833 4761 comitissa,
887 4691 1099 4766 rardoajusdem
1108 4689 1687 4763 Ecclesiae,'uteidcmpapatdirigercturpm

116 4795 140 4844 et
152 4787 309 4861 hojmmodi
331 4796 390 4844 acta
400 4789 560 4852 abhorrens,
577 4801 653 4858 papae
663 4802 773 4858 semper
785 4787 834 4844 ad·
888 4785 1047 4843 defensione
1057 4788 1194 4842 Romanae
1202 4783 1331 4841 Ecclesiae
1339 4791 1450 4855 propter
1457 4783 1687 4854 persecutionem,

126 4882 272 4953 Gregorio,
292 4896 341 4952 per
355 4889 412 4937 tres
423 4895 532 4936 menses
546 4880 669 4935 retinens
683 4877 833 4936 honorifice
888 4889 920 4937 ut
939 4879 1043 4936 dictum
1055 4888 1106 4946 est,
1120 4876 1244 4950 ejusdem
1255 4876 1381 4934 Guiberti
1402 4875 1535 4934 heretici.
1553 4877 1603 4933 Cui
1617 4875 1689 4949 peti·

116 4973 175 5046 pido
187 4975 335 5042 Canusino,
356 4973 403 5047 qui
415 4973 581 5031 Canusinam
598 4973 682 5028 etiam
694 4972 831 5029 dedicavit
887 4973 956 5029 tioui
975 4971 1051 5029 idem
1065 4972 1150 5029 abbas
1161 4987 1227 5028 cum
1239 4986 1320 5045 grege
1331 4970 1382 5027 sibi
1397 4970 1546 5027 commisso
1557 4986 1606 5042 pro
1617 4985 1688 5041 apo-

116 5068 197 5135 siam,
212 5076 240 5124 et
248 5068 383 5123 libertatis
393 5067 532 5139 privilegio
547 5065 673 5123 dotatam
698 5065 835 5123 eamfecit
888 5066 994 5124 stolicae
1008 5065 1082 5123 sedis
1096 5065 1251 5122 reverentia
1263 5065 1381 5121 libenter
1400 5064 1507 5131 annuit,
1527 5071 1554 5119 et
1574 5062 1688 5119 thesau-

116 5177 187 5218 mem
207 5176 283 5217 anno
305 5160 364 5217 Filii
390 5161 441 5215 Dei
453 5158 596 5216 humanati
621 5159 771 5216 millesimo
789 5176 834 5216 se·
888 5175 950 5217 rum
965 5161 1092 5218 alacriter
1104 5159 1214 5226 obtulit,
1238 5159 1499 5217 videlieetcoronas
1518 5156 1565 5225 24,
1589 5163 1617 5212 et
1632 5170 1688 5211 una

116 5254 206 5316 esimo
225 5254 352 5326 septimo.
368 5253 484 5309 lllonitis
498 5261 591 5309 tamen
605 5253 771 5310 salutaribus
790 5269 835 5309 co-
887 5255 999 5312 illarum
1013 5261 1071 5310 erat
1080 5268 1177 5324 aurea,
1189 5268 1255 5309 oum
1264 5253 1404 5310 crucicula
1416 5267 1471 5307 una
1484 5248 1580 5306 itidem
1594 5264 1688 5313 aurea,

116 5364 167 5405 ram
181 5347 308 5404 imbuens
324 5356 354 5403 et
373 5345 471 5402 divinis
496 5346 639 5419 praeceptis
665 5345 833 5413 informans,
888 5356 916 5404 et
927 5348 991 5405 duae
1004 5346 1568 5418 tabulaealtarisargenteae‚eteoopertura
1582 5340 1689 5414 argenti

116 5442 166 5497 ixit
177 5442 213 5510 ei,
228 5449 257 5497 at
276 5443 399 5498 Romam
414 5442 530 5512 perrexit
543 5459 549 5494 :
561 5440 603 5495 cui
615 5440 693 5512 plebs
705 5443 833 5496 Romana
889 5456 962 5498 arcae
974 5440 1069 5496 altaris
1083 5442 1110 5497 S.
1127 5439 1278 5510 Apollonii,
1298 5446 1327 5496 et
1337 5436 1440 5510 grande
1450 5434 1625 5492 thuribulum
1645 5449 1688 5489 ar-

117 5534 214 5607 grandi
227 5534 407 5591 exsultatione
420 5533 529 5590 obviam
546 5532 604 5597 ivit,
620 5549 684 5589 eum
700 5534 729 5589 iu
745 5542 835 5604 pasto·
888 5543 1032 5608 genteum;
1058 5548 1112 5605 quo
1146 5531 1180 5589 ad
1204 5541 1298 5588 totum
1330 5531 1490 5586 thesaurum
1518 5527 1690 5586 canusinum

116 5628 234 5701 usoepit.
246 5629 309 5699 lpse
322 5642 388 5683 vero
398 5642 497 5684 omnes
503 5627 671 5697 imperatori
683 5625 834 5685 adversan·
888 5627 1069 5699 septingenta
1089 5625 1202 5684 fuerunt
1226 5627 1304 5683 librae
1316 5623 1435 5694 argenti,
1456 5629 1485 5677 et
1497 5637 1597 5679 novem
1612 5618 1683 5675 euri.
1760 5694 1786 5806 1

117 5806 144 5878 dl
159 5807 245 5865 Forte
259 5806 395 5865 omissum
412 5809 534 5876 ueniunt,
551 5806 595 5864 vel
607 5811 764 5878 proponat.
