3870 6164
72 236 127 289 905
532 237 673 295 APPEND.
695 240 736 295 ΙΙΙ.
758 270 793 282 -
807 239 1016 299 MONUMENTA
1034 240 1264 299 concomitata.
1671 247 1723 302 eoo

70 356 168 414 beatam
178 367 283 431 martyr
293 360 390 417 Christi
402 360 497 417 Tierno
509 376 541 418 rv
552 362 616 419 Kal.
630 362 743 433 octob,
753 381 869 438 regnan·
882 373 909 433 Α
924 367 1026 440 Spiritu
1039 375 1136 424 sancto
1151 367 1217 422 vivit
1236 376 1264 423 et
1279 374 1376 440 regnat
1394 369 1477 433 Deus,
1500 369 1656 441 peremnia
1671 385 1719 426 sa·
1800 378 1805 389 “

69 458 100 508 te
122 453 242 509 Domino
264 462 362 529 nostro
382 456 447 512 Jesu
463 454 588 525 Christo,
603 457 647 530 qui
668 473 732 514 cum
748 462 824 515 Patre
844 467 872 515 et
925 461 987 517 cula
1000 460 1176 518 saeculorum.
1192 462 1293 517 Amen.

667 615 673 627 ·
714 585 1082 642 causationemque.

473 942 644 1062 vrrl
686 944 933 1119 sluorr
974 946 1314 1101 ansatur,

703 1164 864 1222 episcopt
900 1167 1087 1235 Lucansts,

68 1314 130 1389 Qui
154 1313 293 1397 Gregorii
326 1317 381 1378 Vll
407 1317 564 1396 pontilicis
591 1320 718 1383 maximi
749 1322 931 1401 familiaris,
965 1325 1138 1404 discipulus
1168 1330 1200 1388 el
1227 1331 1374 1389 strenuus
1403 1334 1617 1408 propugnator
1644 1328 1717 1406 luil,

611 1481 700 1544 Nunc
719 1488 853 1562 pomum
878 1486 910 1548 itt
933 1487 1026 1548 lacem
1049 1485 1179 1566 prolata.

151 1636 284 1695 Habetin
297 1637 348 1695 hac
361 1639 483 1697 Historia
497 1639 582 1697 lector
592 1641 698 1716 insigne
711 1644 864 1702 sanctitatis
877 1645 1053 1720 Gregorianae
1064 1645 1197 1703 adversus
1209 1645 1440 1705 calumniatorum
1452 1646 1585 1705 maledica
1598 1664 1645 1705 ora
1751 1668 1757 1675 ·

783 1743 982 1802 testimonium.

485 2098 539 2186 D.
575 2096 982 2190 constantia!
1017 2099 1311 2193 dilatant

754 2289 1042 2351 ANlMADVERSIO

595 2448 633 2503 IN
653 2447 769 2504 vitant
792 2448 821 2504 S.
841 2449 1002 2504 ausabatt
1024 2449 1209 2506 LUCENSlS.

106 2780 199 2853 Hujus
213 2781 329 2854 scriptor
342 2783 484 2852 Historia,
501 2784 531 2840 S.
545 2785 670 2842 anselmi
681 2801 775 2842 rerum
807 2795 928 2843 estarmn
943 2793 1083 2858 spectator
1094 2793 1122 2841 et
1135 2786 1214 2841 testis
1224 2784 1289 2853 fuit,
1301 2785 1426 2842 doctrina
1439 2794 1466 2842 et
1481 2788 1583 2858 pietate
1597 2803 1653 2842 non
1666 2803 1726 2843 mo-

67 2851 132 2910 dica
145 2850 263 2909 relertus
276 2855 392 2920 exstitit,
408 2863 439 2909 ut
453 2871 526 2927 saepe
540 2854 655 2922 fatetur,
669 2859 698 2914 S.
716 2801 836 2913 ansefmi
852 2858 1038 2940 presbyteria
1056 2857 1229 2929 punitentia,
1244 2864 1274 2912 et
1287 2857 1368 2924 lilius,
1385 2873 1417 2913 ac
1434 2857 1468 2913 ab
1484 2857 1583 2913 eodem
1598 2859 1651 2913 Dei
1667 2858 1725 2914 viro

67 2923 165 2980 maritis
178 2940 244 2980 cum
258 2923 300 2981 lac
333 2925 386 2982 mis
400 2926 436 2982 ad
449 2927 580 2983 eumdem
593 2928 722 2985 ordinem
737 2938 890 2999 promotus.
907 2933 973 3001 Bpus
987 2944 1052 2984 vero
1071 2943 1174 2983 nomen
1199 2943 1213 2983 a
1240 2928 1328 2983 littera
1349 2930 1371 2982 B
1387 2927 1517 2998 incipere,
1548 2937 1647 2984 notum
1673 2928 1726 2985 ha-

67 2992 172 3051 bemus
183 3010 216 3051 ex
229 3010 283 3050 ms.
299 2941 469 3068 pergameno
484 3000 597 3070 antiquo
616 2999 710 3056 codice
728 3001 817 3056 nostri
832 3001 938 3064 hlusaai,
960 3007 987 3055 et
1004 3015 1035 3055 er
1055 2999 1141 3055 altero
1156 2999 1276 3054 coenobii
1295 3001 1323 3056 S.
1339 2997 1481 3054 Benedicti
1493 2999 1536 3055 ,de
1551 2997 1723 3064 Padelirone,

68 3074 102 3123 ut
114 3064 203 3122 refert
221 3064 352 3123 dominus
364 3067 504 3125 arnoldus
518 3071 673 3126 monachus
684 3072 821 3135 cassinas,
834 3073 915 3144 Ligui
926 3070 1053 3128 Vitaelib.
1069 3085 1118 3126 ru.
1133 3069 1213 3142 Quod
1225 3085 1327 3125 nomen
1339 3078 1432 3126 autem
1446 3070 1537 3126 littera
1549 3072 1572 3127 B
1583 3072 1726 3142 exprimat,

69 3139 112 3194 rel
127 3137 275 3202 Meduli,
290 3139 331 3194 vel
345 3140 492 3206 Barasrot,
509 3141 549 3196 vel
564 3144 761 3209 Bartholomaei,
778 3143 818 3199 vel
832 3142 976 3214 cttjuslibet
990 3141 1114 3209 alterius,
1132 3142 1252 3197 necdum
1263 3141 1334 3197 scire
1349 3142 1499 3214 potuimus.

105 3206 242 3265 Praelatus
261 3218 374 3278 auctor,
389 3219 489 3292 praeter
512 3212 582 3268 vttae
605 3213 764 3282 historiam,
786 3230 886 3270 novem
900 3221 928 3269 et
947 3213 1041 3286 viginti
1062 3212 1191 3268 miracula
1205 3213 1240 3269 de
1260 3221 1355 3269 sancto
1371 3212 1429 3268 viro
1445 3212 1560 3268 notavit.
1576 3212 1725 3286 Sequentia

68 3294 137 3337 tero
164 3278 276 3352 triginta
299 3280 405 3348 diversa,
431 3282 500 3337 sicut
525 3282 578 3354 ipsi
592 3284 727 3352 viderunt,
748 3285 790 3341 vel
810 3284 985 3354 audiverunt,
999 3284 1177 3356 descripsere.
1199 3285 1242 3339 Sic
1266 3282 1349 3338 habet
1362 3281 1449 3339 codex
1465 3281 1672 3340 Benedictinus.
1688 3288 1726 3340 at
1807 3284 1810 3291 “

67 3357 176 3418 noster,
192 3360 291 3422 preter
306 3351 376 3419 haec,
391 3355 552 3424 quamplura
568 3355 654 3425 ipsius
665 3355 750 3412 sancti
764 3355 904 3428 pontilicis
919 3354 1001 3410 habet
1013 3355 1158 3418 miracula,
1174 3354 1237 3410 licet
1250 3353 1278 3408 in
1292 3353 1346 3410 line
1361 3354 1415 3411 alia
1428 3354 1561 3411 nonnulla
1575 3354 1724 3411 desiderari
1831 3368 1835 3379 ’

68 3421 228 3485 clamatur,
243 3437 326 3493 quem
338 3422 477 3480 delectum
490 3441 541 3480 nec
554 3427 675 3482 Ecclesia
692 3430 851 3493 lllaotuana,
866 3426 923 3482 sire
939 3425 1074 3481 Lucensis
1084 3426 1223 3497 corrigere
1238 3424 1333 3481 valuit.

104 3494 177 3550 Haec
192 3493 332 3550 adnotatio
345 3494 487 3550 doctissina
508 3501 536 3551 et
547 3493 583 3551 dc
596 3497 760 3569 antiquitate
772 3497 896 3553 merendi
910 3496 980 3553 heae
992 3495 1160 3568 cupidissimi
1176 3499 1210 3551 D.
1232 3494 1403 3553 Constantini
1424 3495 1545 3567 cajetam
1563 3494 1726 3553 habebaturi

68 3563 104 3621 ad
128 3563 213 3620 linem
228 3565 390 3649 apographi,
409 3565 484 3691 quod
501 3569 590 3623 Roma
614 3567 649 3623 ad
667 3568 801 3624 Jacohum
816 3569 977 3624 Gretserum
993 3568 1068 3623 venit
1090 3566 1223 3622 beneflcio
1246 3566 1400 3648 admodum
1412 3565 1554 3649 reverendi
1569 3567 1597 3623 in
1611 3567 1721 3625 Christo

65 3636 160 3693 Patris
172 3634 335 3704 acdammi,
349 3636 397 3692 dn.
432 3638 483 3692 etri
497 3638 648 3705 Consolinl,
664 3639 884 3712 congregationis
897 3637 1016 3695 oratorii
1031 3637 1169 3709 praepositi
1181 3637 1345 3710 dignissimi.
1360 3639 1400 3693 Er
1414 3637 1466 3694 hac
1484 3640 1547 3693 Vita
1562 3653 1619 3694 noa
1634 3652 1720 3710 pauca

65 3705 214 3778 descripsit
226 3707 330 3763 annali
347 3707 495 3764 undecimo
516 3709 718 3767 illustrissimus
730 3710 875 3766 cardinalis
888 3710 1022 3765 Baronius
1040 3727 1046 3764 :
1062 3724 1146 3782 quarn
1165 3724 1239 3766 nunc
1256 3709 1427 3783 evulgamus,
1446 3716 1478 3765 ut
1496 3707 1654 3790 dispiciant,
1677 3709 1724 3782 qul

66 3777 237 3851 Gregorium
256 3780 310 3835 vll
329 3786 371 3833 tot
391 3780 534 3836 calumniis
555 3791 688 3851 onerant,
716 3788 744 3838 et
764 3781 915 3838 maledictis
935 3781 1090 3847 incessunt,
1114 3795 1184 3835 num
1213 3795 1298 3852 quem
1322 3795 1371 3852 pro
1394 3779 1579 3836 schismaticis
1597 3779 1725 3906 proferro

66 3856 183 3933 queant,
205 3847 252 3920 qui
266 3850 407 3919 anselmo,
421 3852 584 3920 altmanno,
601 3852 757 3921 Gebhardo,
771 3862 799 3910 et
816 3851 844 3909 id
862 3866 948 3923 genus
962 3852 1024 3907 aliis
1038 3851 1102 3907 vitae
1116 3849 1308 3918 sanctimonia,
1324 3858 1352 3907 et
1365 3851 1565 3907 miraculorum
1580 3866 1595 3907 e
1609 3849 1725 3908 lechone

66 3918 174 4050 Ἣ·
190 3918 280 3977 inerit.
304 3922 441 4049 Cgeggmm
458 3923 591 3980 anselmo
606 3924 659 3980 hoc
681 3939 734 3982 aare
756 3924 905 3997 perennius
924 3922 1083 3980 encomium
1105 3920 1198 3993 posuit
1212 3919 1378 3979 Bertholdus
1391 3921 1605 3980 constantiensis
1628 3921 1657 3978 in
1671 3938 1721 3980 suo

165 4001 322 4049 rooannot
396 4012 402 4048 :

107 4084 124 4113 e
143 4064 246 4119 Beatus
264 4065 421 4130 anselmus,
436 4063 577 4137 quondam
597 4065 729 4122 Lucensis
744 4066 897 4138 episcopus,
912 4065 974 4137 ipso
988 4064 1086 4121 eodem
1104 4079 1161 4120 suae
1175 4062 1210 4119 de
1229 4063 1354 4120 ositionis
1376 4079 1460 4131 anno,
1475 4061 1726 4120 innumerabilibus

67 4131 156 4206 coepit
169 4132 309 4192 miraculis
322 4150 477 4202 coruscare,
492 4137 550 4207 qui,
563 4145 627 4207 post
640 4137 749 4193 obitum
765 4136 926 4193 venerabilis
938 4150 1015 4208 papae
1032 4134 1158 4206 Gregorii
1172 4079 1232 4202 vlf,
1247 4134 1341 4191 fideles
1357 4136 1386 4191 S.
1402 4135 1475 4191 Petri
1486 4143 1583 4192 contra
1596 4133 1724 4215 tyranni-

68 4204 139 4263 dem
158 4204 296 4274 Heinrici,
319 4204 410 4262 adbuc
431 4206 460 4262 in
482 4222 565 4263 carne
587 4206 694 4275 urens,
722 4207 840 4263 multum
863 4206 1001 4273 incitavit,
1032 4204 1081 4261 sed
1102 4204 1191 4260 multo
1214 4206 1291 4276 plus,
1313 4213 1379 4330 post
1402 4205 1508 4262 obitum
1533 4220 1616 4263 suum
1641 4218 1725 4287 narra·

67 4276 143 4334 mais
153 4290 312 4342 coruscans,
327 4276 440 4334 eosdem
453 4288 550 4335 contra
562 4278 691 4335 eumdem
707 4278 853 4350 persistere
866 4275 1031 4334 confortavit
1045 4295 1052 4331 :
1068 4274 1141 4331 unde
1155 4283 1181 4330 et
1194 4290 1257 4347 pars
1271 4278 1312 4332 Be
1325 4276 1392 4332 arici
1405 4276 1440 4334 de
1453 4276 1497 4334 die
1511 4276 1541 4332 in
1555 4274 1630 4333 diem
1640 4282 1727 4348 coeprt

66 4346 208 4413 &licem
223 4348 355 4405 Catholici
366 4358 461 4406 autem
473 4349 502 4405 in
514 4348 642 4405 iidelitate
656 4351 684 4405 S.
698 4349 772 4406 Petri
786 4364 842 4404 non
856 4354 1033 4405 cessaverunt
1046 4345 1189 4417 prolicere.

103 4417 176 4475 Vade
195 4421 231 4476 D.
246 4419 398 4475 Berrricum
412 4420 552 4477 canisium
571 4429 641 4476 tom.
655 4424 691 4478 vl
707 4420 827 4492 antiqua,¹
837 4420 985 4485 Lectionis,
995 4418 1024 4473 in
1039 4414 1246 4489 praelatiuncula
1256 4414 1370 4497 adduas
1381 4415 1467 4473 lihros
1479 4417 1507 4474 S.
1521 4415 1647 4474 anselmi
1659 4431 1725 4472 coa·

64 4498 111 4547 tra
125 4488 292 4547 Guibertum
303 4491 472 4562 antipapam,
484 4507 553 4563 qnos
563 4491 621 4563 ipse
633 4491 762 4564 praedicto
773 4500 852 4548 tomo
864 4505 914 4547 suo
923 4497 1001 4546 sexto
1015 4495 1096 4544 antea
1109 4486 1229 4545 ineditos
1242 4487 1366 4544 inseruit.
1414 4555 1419 4568 Ι

101 4560 221 4632 Scripsit
234 4575 344 4634 quoque
358 4563 444 4618 vitam
458 4570 488 4618 et
502 4563 632 4619 miracula
648 4566 676 4620 S.
696 4562 817 4620 anselmi
833 4561 976 4630 Lucensis,
989 4560 1038 4616 sed
1054 4559 1181 4615 oratione
1194 4557 1288 4631 ligata,
1300 4561 1465 4629 Bangenos,
1480 4557 1578 4615 tertius
1592 4573 1607 4613 a
1621 4558 1650 4615 S.
1664 4562 1722 4616 Att-

62 4631 159 4691 selmo
172 4633 307 4691 Lucensis
319 4633 472 4707 episcopus,
484 4642 515 4689 ut
529 4642 645 4691 testatur
659 4636 793 4691 Domnizo
809 4633 857 4690 lib.
873 4649 896 4689 rr
911 4632 944 4689 de
960 4632 1022 4689 Vita
1033 4630 1173 4688 Mathlldis
1187 4629 1337 4687 comitissae
1345 4644 1406 4700 cap.
1424 4634 1451 4696 3,
1466 4629 1510 4685 his
1524 4627 1663 4701 rhythmis
1677 4648 1684 4684 :

359 4760 467 4814 Tertius
478 4760 594 4814 achima
606 4759 641 4813 cb
654 4774 682 4814 eo
694 4761 829 4822 Lucernis,
845 4763 870 4813 et
883 4758 929 4813 ille

358 4833 518 4901 Bosporios
527 4835 613 4885 rector
627 4830 740 4887 dictauit
749 4846 808 4886 eom
819 4830 892 4900 (tio)
907 4828 960 4885 tibi
976 4828 1047 4900 (llll
1059 4831 1153 4883 metro.

138 4950 383 5032 smirnamum,
392 4961 700 5037 eumdemRangerium
711 4964 850 5037 egregium
864 4963 967 5021 librum
978 4961 1121 5035 scripsisse
1137 4961 1171 5019 de
1181 4958 1368 5017 controversia
1384 4958 1610 5018 investiturarum
1626 4980 1633 5017 ε

408 5090 524 5144 Btbtcml
533 5090 679 5160 pulchram
690 5105 777 5161 nuper
788 5089 941 5161 librumque
955 5087 1110 5157 secundum,

411 5161 466 5228 Qui
475 5160 563 5216 dcccli
576 5162 648 5216 litem
662 5162 764 5232 depluit.

101 5286 160 5346 Sed
172 5286 232 5345 baec
242 5295 424 5346 monumenta
443 5290 651 5362 autpcrierunt,
666 5299 712 5347 aut
725 5288 827 5347 alicubi
851 5304 916 5346 cum
930 5290 1091 5362 pulvereae
1105 5284 1160 5344 situ
1171 5282 1319 5358 blattisque
1332 5291 1360 5341 ct
1372 5283 1452 5342 tineis
1465 5282 1555 5342 adhuc
1574 5281 1722 5340 luctantur.

62 5358 238 5433 Principium
248 5359 309 5417 libri
319 5360 400 5433 primi
414 5359 529 5419 inseruit
538 5361 612 5435 operi
623 5377 674 5420 suo
684 5362 832 5419 Domnizo.

63 5571 646 5697 ffirmaffiffifflhmm
671 5577 936 5651 Beicherspergcnse
957 5589 1045 5648 nuper
1068 5589 1085 5630 a
1108 5574 1139 5630 C.
1166 5574 1203 5630 V.
1225 5575 1258 5628 B.
1287 5568 1476 5640 christophoro
1500 5568 1638 5633 amaldo,
1661 5580 1725 5622 θοι»
