3884 6158
62 214 65 218 ’
142 254 195 311 aar
343 316 349 323 ,
470 208 514 310 s.
533 252 692 310 csacomr
708 252 753 308 vn
772 250 870 307 naam
888 250 1026 308 onasus
1043 250 1130 308 rans
1149 247 1169 307 t.
1190 281 1224 292 -
1244 248 1443 309 asetsrauu

142 379 255 438 infamis
268 377 383 436 effectus
396 386 447 448 est,
462 385 491 433 et
512 393 528 433 a
550 378 636 450 gradu
655 376 736 459 debet
749 375 888 445 recedere,
907 381 980 445 acA
992 384 1053 449 pter
1075 375 1273 434 dimutiendar'n
1305 393 1416 433 causam
1448 384 1567 433 vestram
1593 375 1689 448 diriget

84 518 87 525 .
145 473 229 531 curiae
241 473 312 529 uadi
326 469 495 528 serviendus.
511 469 694 544 Hancitaquc
707 470 735 526 in
750 485 799 527 sos
811 470 936 543 promul·
989 479 1071 543 atquo
1083 470 1150 526 utin
1162 469 1315 527 sedessuas
1328 471 1470 542 episcopos
1484 470 1689 535 restituerent<

141 575 236 640 gantos
249 565 423 634 sententiam,
439 563 655 620 existimavimus
673 573 705 620 ut
717 563 818 620 saltem
830 571 937 620 terrore
989 565 1078 621 tinere
1092 564 1127 621 ab
1147 563 1390 621 excommunicatis
1403 563 1541 621 docerent.
1561 564 1589 620 Si
1608 561 1678 636 quid

142 668 227 716 tantae
254 655 424 714 auctoritatis
448 656 483 714 ad
504 656 686 713 humilitatem
702 663 935 715 converterentur.
990 658 1100 716 baecvel
1112 657 1219 731 decepti
1234 656 1274 714 vel
1293 657 1380 714 coacti
1390 656 1526 725 iecerunt,
1538 672 1594 712 non
1608 652 1689 711 laudo

143 751 197 809 Sed
211 750 262 824 ipsi
275 750 332 808 dati
355 750 384 806 in
396 748 547 822 reprobum
570 765 694 821 sensum,
718 757 746 807 et
769 749 888 808 demersi
909 751 938 806 in
990 751 1027 808 tis
1049 751 1234 808 indubitanter
1257 751 1398 825 quoniam,
1414 752 1473 806 Deo
1493 751 1675 823 gubernante,

142 843 281 901 diabolice
308 843 437 901 cecitatis
452 851 579 916 puteum,
600 842 820 901 acommunione
834 852 938 901 sanctae
990 842 1146 914 hominum,
1160 845 1217 901 sire
1230 860 1335 913 amore,
1351 845 1527 912 desumere,
1540 852 1590 900 aut
1604 859 1653 916 per
1670 840 1689 898 a*

143 937 265 995 ecclesiae
302 937 420 1010 separati
447 942 475 994 et
506 937 734 994 excommunicati
756 944 936 994 recesserunt.
990 937 1169 1011 cupiditatem
1182 937 1271 1011 potuit
1289 954 1334 995 me
1348 953 1481 1010 unquam,
1505 946 1553 993 aut
1568 935 1669 993 amodo

142 1031 223 1090 Unde
231 1045 282 1088 nos
297 1029 489 1102 predictorum
504 1037 662 1087 sanctorum
674 1038 776 1087 statuta
786 1029 936 1100 firmantes,
991 1032 1120 1089 seducere
1133 1048 1149 1089 a
1170 1040 1243 1089 recta
1255 1033 1352 1089 semita
1368 1031 1490 1104 justitiae.
1511 1033 1567 1087 Vos
1583 1030 1677 1103 itaquo

38 1170 41 1177 .
141 1141 175 1182 ex
188 1125 349 1183 auctoritate
359 1123 431 1181 beati
445 1123 519 1181 Petri
539 1139 587 1181 eos
604 1123 640 1182 ab
653 1123 796 1182 ordinibus
819 1132 848 1182 et
870 1140 938 1197 prse-
989 1142 1051 1182 rera
1064 1135 1092 1183 et
1105 1125 1276 1183 inchoritate
1288 1142 1346 1182 non
1366 1125 1431 1182 licta
1441 1124 1536 1182 fideles
1550 1125 1603 1181 Dei
1622 1132 1689 1197 atqu

140 1217 238 1276 bandis
252 1217 372 1276 ecciesiae
381 1216 469 1274 sancti
481 1217 592 1274 Martini
604 1219 633 1275 in
645 1227 808 1291 perpetuum
822 1219 938 1276 submo-
991 1220 1028 1276 cti
1048 1220 1123 1276 Petri
1143 1220 1219 1289 estis,
1240 1220 1324 1277 nolite
1345 1219 1375 1275 in
1404 1218 1627 1276 tribulationibus
1655 1217 1689 1275 de

142 1327 248 1383 remus,
264 1319 290 1369 et
309 1311 492 1380 decernimus,
505 1310 542 1368 ita
556 1320 588 1368 ut
601 1312 707 1368 nullum
726 1311 854 1385 deinceps
868 1312 939 1369 inter
991 1328 1087 1370 rerum
1104 1321 1136 1370 ut
1157 1313 1223 1370 boni
1236 1313 1410 1370 aemulatores
1428 1312 1456 1368 in
1470 1313 1579 1384 incepta
1594 1310 1689 1369 fidelis

145 1405 291 1463 canonicos
319 1404 443 1478 ejusdem
470 1405 591 1462 ecclesiae
626 1405 718 1462 locum
743 1413 865 1475 teneant,
892 1413 939 1462 aut
991 1408 1108 1464 mobiles
1116 1406 1278 1480 perdurate:
1292 1406 1421 1478 quoniam
1431 1407 1689 1478 quipersecerooesi

145 1498 355 1573 prebendarum
375 1498 486 1571 aliquod
503 1498 630 1556 solatium
645 1513 694 1556 seu
707 1514 784 1572 spem
797 1498 826 1554 in
846 1507 937 1571 poste·
991 1503 1021 1555 in
1030 1504 1120 1571 finem,
1134 1501 1177 1556 bic
1187 1502 1291 1557 salossa
1302 1503 1340 1556 rit
1353 1501 1462 1571 (Marcu.
1476 1501 1520 1573 x).
1535 1502 1689 1572 impressa*

144 1608 208 1649 rum
228 1592 359 1649 babeant.
381 1593 439 1649 Vos
457 1592 560 1666 itaque,
578 1591 751 1650 dilectissimi
767 1592 826 1662 lilii,
842 1592 939 1650 admo·
993 1593 1079 1651 modo
1091 1594 1159 1650 nihil
1175 1593 1253 1651 vobis
1264 1591 1382 1651 aliudde
1393 1593 1525 1666 predicto
1537 1594 1647 1666 negotio
1659 1609 1690 1650 m

146 1701 254 1756 nemus,
276 1687 333 1743 imo
346 1685 495 1760 apostolica
513 1686 676 1743 auctoritate
692 1686 893 1757 interdicimur,
909 1695 941 1743 ut
995 1703 1149 1759 possumus,
1164 1688 1228 1762 quia
1242 1688 1333 1743 nuntii
1346 1688 1433 1744 nostri
1451 1687 1575 1744 nondum
1593 1695 1659 1744 sunt
1673 1703 1689 1744 r

144 1779 287 1838 scelerosis
300 1779 479 1837 contumacia
500 1779 608 1837 actibus
625 1795 723 1837 eorum
744 1796 801 1838 non
812 1796 939 1837 commu·
956 1760 980 1823 Β
995 1782 1094 1854 quibus
1106 1781 1200 1854 utique
1214 1781 1385 1838 venientibus
1404 1780 1570 1851 (secundum
1581 1779 1655 1854 quod
1675 1797 1689 1839 a

144 1873 250 1944 nicetis,
277 1888 366 1946 neque
391 1873 535 1931 consilium
556 1882 603 1930 atrt
625 1874 757 1932 auxilium
773 1883 868 1932 contra
884 1878 942 1932 Do·
994 1875 1221 1944 intellexerimus)
1242 1875 1330 1946 vobis,
1349 1875 1513 1948 quantocius
1532 1891 1689 1948 pessumus,

146 1968 255 2025 minum
281 1967 456 2039 impendatis,
477 1966 525 2024 sed
540 1975 572 2024 ut
583 1967 635 2040 ipsi
648 1967 726 2024 illaesi
739 1977 765 2025 et
775 1968 941 2025 immunera
995 1970 1063 2026 citer
1082 1967 1276 2026 indicabimus.

146 2060 322 2119 damnatione
336 2075 432 2117 eorum
446 2061 625 2133 permaneatis
639 2061 734 2134 illique
752 2060 788 2118 ad
802 2062 940 2134 poeniten·
1030 2065 1103 2120 Data
1116 2067 1224 2132 Romae,
1237 2061 1377 2120 Kalendis
1387 2063 1526 2132 Octobris,
1538 2061 1688 2121 indictione

145 2154 215 2211 tiam
238 2152 452 2222 confundantur,
475 2152 546 2211 inira
560 2153 698 2211 ambitum
712 2155 825 2212 ciritatb
843 2165 942 2213 vestra
1279 2167 1456 2222 EplsTOLA
1478 2167 1525 2222 iv,

147 2262 195 2305 eos
208 2245 368 2304 cohabitare
378 2262 436 2303 non
451 2247 631 2319 permittatis,
650 2256 678 2304 et
690 2255 721 2304 ut
731 2254 789 2306 tota
803 2250 942 2321 provincia
1240 2273 1287 2316 sn
1310 2272 1550 2316 wnzsnrsurr.

146 2356 243 2399 eorum
256 2340 401 2414 praesentia
422 2349 452 2397 et
467 2341 632 2414 contagione
653 2341 811 2411 mundetur,
828 2359 942 2416 operam
1292 2356 1492 2419 (aanoldis.)

145 2434 223 2493 (¹05⁸-
244 2434 324 2506 Qu⁰d
343 2434 394 2491 nisi
406 2433 537 2502 fllefffiss
552 2443 580 2491 θῐ
599 2449 647 2492 008
668 2437 756 2510 magis
770 2451 855 2510 quam
866 2437 943 2510 justi·
999 2446 1130 2513 serapem
1139 2447 1282 2503 Delmatiae
1292 2449 1435 2519 apostolico
1445 2448 1605 2502 auctoritato
1621 2455 1689 2503 oettst

145 2529 212 2586 tiam
235 2536 264 2584 et
283 2528 401 2585 salntem
427 2527 584 2585 animarum
610 2537 761 2586 vestrarum
783 2529 941 2601 dilexeritis,
1030 2519 1161 2585 inimare
1174 2519 1294 2574 deillia!-
1311 2522 1398 2575 Militi
1411 2520 1436 2573 δῖ’
1446 2519 1515 2587 potd
1528 2519 1656 2574 adversm
1669 2533 1689 2574 ⁶⁴

146 2622 230 2679 totius
248 2619 539 2679 excommunicationis
562 2638 659 2679 eorum
675 2623 703 2679 in
723 2639 772 2680 ros
786 2624 941 2696 periculum
1032 2590 1311 2716 ggssmffiuffiffgffg
1324 2591 1689 2716 {eessgfflfflmguffim

147 2714 291 2785 inducetis,
312 2715 421 2773 stiram
438 2715 490 2772 Dei
505 2714 532 2771 in
550 2717 679 2789 praesenti
695 2724 722 2772 et
737 2717 767 2772 in
780 2716 874 2775 lutura
888 2719 942 2774 vita
1031 2733 1188 2799 fautoribus
1212 2734 1379 2788 incursurus,

146 2808 298 2866 sinedubio
318 2807 453 2876 condetis,
466 2823 514 2865 eos
532 2824 595 2866 vero
611 2810 658 2882 qui
672 2810 734 2879 illis,
752 2826 787 2867 ne
801 2813 831 2868 in
848 2827 943 2884 super·
1032 2836 1212 2893 Gmomus
1225 2835 1378 2907 episcopus,
1390 2850 1484 2891 servus
1494 2849 1636 2891 servorum
1647 2837 1689 2892 D,

147 2901 192 2959 ¹³³³
212 2917 260 2959 ⁸¹¹⁸
286 2910 464 2973 permanant
493 2911 522 2959 ⁰²
548 2902 763 2974 emundantur,
781 2904 941 2976 maleum,
997 2942 1102 2986 zanua
1124 2929 1210 2986 notar
1225 2929 1308 3001 ,minu
1323 2928 1440 2985 crucem
1461 2937 1489 2985 er
1508 2927 1689 3000 apostoticam

147 2995 233 3069 gratia
253 2994 324 3052 beati
348 2995 421 3053 Petri
443 2995 658 3054 remunerandos
672 3013 816 3055 censemus
834 3007 862 3056 et
878 3015 942 3072 pro·

1000 3022 1162 3083 dictionem.

146 3088 291 3147 minimum
502 3185 508 3198 ,
651 3184 658 3197 ,
698 3184 705 3196 ,
747 3185 752 3198 ,
782 3185 789 3198 ,
910 3185 916 3197 ‚
962 3117 986 3180 C
1034 3116 1374 3189 Sciasnosdeprudentis
1387 3117 1565 3173 tuamultum
1584 3115 1689 3184 mirari,

182 3185 254 3240 Data
268 3184 523 3255 Romae,Kalendrs
544 3183 943 3255 octobns,1ndrcuonerema.
998 3226 1058 3268 esse
1076 3210 1184 3268 dudum
1209 3210 1289 3268 beato
1309 3214 1393 3268 Petro
1417 3220 1445 3267 et
1464 3210 1544 3266 nobis
1559 3209 1670 3267 fidelem

422 3321 660 3379 Er1sTOLt111.
998 3304 1074 3373 seris,
1092 3313 1187 3362 contra
1202 3320 1267 3361 eum
1286 3321 1370 3377 quem
1392 3305 1419 3360 in
1441 3305 1579 3361 Dalmatia
1594 3319 1689 3377 regem

417 3439 463 3483 A„
480 3438 582 3483 affl
588 3440 694 3485 ηοξ,
998 3399 1063 3456 ritas
1074 3400 1222 3472 apostolica
1232 3399 1414 3456 constituittu
1427 3399 1510 3456 modo
1524 3398 1631 3455 coneris
1640 3397 1689 3454 ins

445 3519 538 3593 (Anno
558 3523 651 3589 1⁰79.)
998 3494 1174 3567 Quapropter
1182 3492 1354 3549 nobilitatem
1368 3502 1448 3548 tuam
1462 3507 1617 3559 monemus,
1632 3497 1689 3549 cte

148 3632 307 3689 saeratae
320 3633 526 3704 dequibttsdom
539 3632 723 3702 sibiobjectis,
738 3635 769 3687 in
779 3632 879 3702 lapelee
892 3635 945 3688 cul·
997 3586 1071 3643 beati
1092 3586 1166 3690 pem
1185 3586 1373 3658 pfae⁰ipi¹¹¹¹¹⁸t
1394 3594 1426 3641 ut
1446 3586 1591 3643 adversum
1606 3585 1685 3709 5³⁰¹·

183 3719 249 3773 pam
274 3704 410 3773 rejiciere,
425 3706 451 3758 si
469 3705 538 3774 quid
551 3707 643 3758 coebo
656 3704 800 3773 apostolico
812 3705 946 3760 mandute
997 3695 1092 3753 sedem
1103 3678 1229 3750 ‘¹³¹1100i)s
1241 3694 1318 3736 &rma
1330 3694 1427 3751 capere
1440 3695 1498 3735 non
1510 3693 1661 3751 praesumas
1678 3721 1685 3734 .

185 3778 233 3828 out
245 3775 274 3827 oi
285 3778 336 3829 cot
348 3775 410 3829 dole
435 3777 548 3843 assint,
563 3789 660 3844 eosque
673 3774 945 3844 odperacoeroatiom
997 3772 1072 3845 quod
1090 3771 1223 3845 quidquid
1248 3771 1276 3828 in
1294 3773 1372 3829 illum
1390 3789 1473 3829 ausus
1487 3772 1582 3842 lucris,
1602 3771 1689 3845 procu

186 3844 320 3900 'mmm-
998 3874 1025 3922 te
1038 3866 1066 3921 in
1080 3865 1255 3938 apostolicam
1272 3865 1367 3923 sedem
1381 3865 1529 3923 facturum.
1544 3867 1572 3923 Si
1586 3882 1651 3923 vero
1665 3879 1689 3921 ar

186 3958 363 4016 Gaaoonrns
379 3955 641 4031 episcopusservus
650 3973 792 4015 serrorum
806 3959 871 4030 Dei,
886 3975 946 4017 om·
997 3961 1086 4032 ipsum
1100 3959 1238 4032 aliquidte
1249 3958 1322 4016 forts
1333 3959 1405 4016 dicis
1417 3960 1529 4029 habere,
1540 3976 1555 4016 a
1566 3958 1646 4016 nobis
1656 3956 1689 4031 jo

149 4050 234 4109 nibus
255 4051 382 4108 fidelibus
406 4051 492 4108 sancti
516 4051 591 4108 Petri
625 4051 654 4108 in
683 4052 834 4111 Teutonico
859 4069 944 4128 regno
998 4052 1081 4111 debes
1093 4061 1231 4126 expetere,
1251 4063 1278 4111 et
1290 4062 1446 4126 exspectare
1455 4054 1591 4126 iustitiam
1605 4051 1689 4124 potius

149 4143 389 4203 commorantibus
406 4142 523 4202 salutem
540 4153 567 4203 et
580 4145 758 4218 apostolicam
776 4142 945 4205 benedictio-
997 4156 1095 4204 contra
1115 4163 1180 4204 eum
1203 4147 1238 4205 ad
1259 4147 1388 4220 injuriam
1416 4146 1491 4204 sedis
1516 4146 1675 4220 apostolico

149 4254 226 4298 nem.
790 4266 798 4281 ·
996 4249 1057 4297 tuas
1069 4255 1186 4297 armare.
1206 4240 1286 4311 Quod
1304 4241 1329 4298 si
1347 4249 1374 4298 te
1394 4249 1450 4299 tuae
1464 4239 1625 4298 temeritatis
1643 4254 1689 4297 nor

185 4331 312 4391 Pervenit
321 4331 358 4390 ad
371 4348 423 4389 nos
435 4332 511 4406 quod
524 4331 638 4406 quidum
650 4349 684 4390 ex
696 4333 815 4392 robisde
827 4350 875 4392 me
888 4335 943 4393 du·
999 4334 1091 4402 tuerit,
1108 4333 1156 4391 sed
1171 4342 1267 4390 contra
1280 4335 1443 4392 mandatum
1456 4343 1584 4391 nostrum
1598 4340 1689 4390 contus

150 4427 249 4497 bitant,
263 4436 396 4500 tanquam
418 4427 447 4483 in
469 4426 579 4485 insterni
597 4426 682 4485 modo
695 4428 857 4487 necessitate
877 4445 944 4487 usus
997 4427 1208 4495 iretentaveris,
1226 4428 1297 4485 scias
1313 4428 1500 4486 indubitanter
1513 4428 1574 4501 quia
1591 4426 1689 4501 gladim

150 4521 203 4580 sina
222 4521 347 4580 saeculari
373 4521 487 4579 levitate.
512 4523 572 4592 Qua
601 4529 674 4579 certe
703 4522 733 4579 in
751 4539 833 4580 causa
854 4525 944 4581 nuilus
959 4538 983 4600 1)
1000 4520 1118 4578 Petriin
1141 4520 1286 4597 audaciam
1309 4530 1387 4579 tuam
1411 4521 1628 4594 evaginabimus,
1651 4528 1681 4578 et

150 4624 273 4673 vestrum
290 4623 389 4689 praeter
409 4615 568 4673 instantiam
586 4615 744 4689 praeliorum
762 4617 882 4690 majores
902 4634 948 4675 me
1003 4613 1181 4688 pertinaciam
1196 4624 1273 4672 tuam
1287 4623 1316 4673 et
1327 4617 1454 4674 omnium
1468 4616 1514 4688 qui
1528 4615 1579 4673 tibi
1594 4615 1624 4670 in
1636 4629 1689 4672 ear

150 4716 178 4764 et
203 4709 304 4781 patitur
328 4710 466 4783 angustias
484 4717 510 4766 et
541 4708 641 4767 suffert
657 4709 780 4784 injurias.
801 4713 946 4784 Quotquot
998 4709 1064 4778 rint,
1075 4708 1129 4765 nisi
1140 4709 1294 4782 resipiscas,
1314 4710 1519 4767 mulctabimus.
1536 4709 1562 4767 Si
1577 4724 1641 4765 vero
1654 4707 1689 4766 eb

150 4800 225 4858 enim
238 4801 328 4859 Latini
341 4811 415 4873 sunt,
426 4818 524 4860 omnes
533 4818 645 4860 causam
658 4804 770 4863 Henrici
785 4814 885 4878 praeter
896 4804 947 4862 ad·
998 4802 1069 4859 sicut
1082 4802 1267 4860 Christianum
1284 4803 1373 4871 decet,
1396 4803 1546 4875 prudenter
1564 4801 1689 4859 exstiteri

150 4893 264 4951 modum
281 4911 382 4967 paucos
403 4896 515 4952 laudant
533 4912 565 4954 ac
580 4895 741 4965 delendunt,
755 4907 784 4955 et
801 4900 946 4973 pernimiae
998 4896 1065 4952 tiam
1078 4896 1150 4952 beati
1166 4897 1248 4965 Petri,
1261 4906 1289 4953 et
1300 4897 1457 4969 apostolicae
1473 4896 1544 4954 sedis
1565 4894 1689 4953 benedict

150 4988 259 5046 duritiae
270 4988 457 5061 acimpictatis
472 4990 617 5047 circaeam
628 5005 673 5046 me
688 4990 867 5065 redarguunt.
876 4993 946 5065 Qui·
997 4989 1071 5048 sicut
1084 4991 1279 5063 obtemperans
1294 4990 1384 5059 iilius,
1399 4988 1582 5063 consequeris.

151 5084 202 5141 bus
220 5082 270 5140 Dei
282 5083 367 5156 matis
381 5082 510 5140 omnibus
523 5083 562 5140 sic
583 5083 736 5141 restitimus
758 5083 900 5154 hactenus,
915 5095 946 5143 ut
1035 5088 1106 5141 Data
1130 5086 1238 5153 Romae,
1254 5092 1351 5158 quarm
1370 5088 1464 5143 Nonas
1484 5083 1623 5155 Octobris,
1643 5080 1689 5142 ind

150 5177 179 5233 in
196 5185 323 5235 neutram
335 5176 425 5234 adbuc
438 5178 556 5250 partem,
575 5176 627 5234 nisi
642 5177 797 5235 secundum
806 5178 945 5252 justitiam
999 5179 1088 5236 tertia.

151 5279 180 5327 et
206 5270 377 5344 equitatem,
401 5269 553 5329 secundum
570 5279 696 5328 nostrum
713 5271 882 5330 intellectum
897 5274 945 5332 de·
1289 5274 1467 5332 epistota
1492 5276 1527 5332 V.

149 5364 325 5422 climremus.
339 5366 412 5423 llam
424 5365 538 5439 allegati
550 5366 751 5457 nostrialiquid
766 5377 859 5424 contra
871 5368 946 5443 quod
1151 5383 1192 5424 an
1206 5382 1334 5426 aeonum
1354 5384 1463 5427 anonas
1483 5380 1647 5427 naussum.

150 5458 202 5516 illis
216 5458 398 5532 imposuimus
406 5468 530 5533 egerunt,
549 5457 677 5518 dolemus
691 5460 782 5535 :quod
792 5461 841 5536 ipsi
851 5472 946 5521 tamen
1273 5463 1365 5535 (Auno
1386 5466 1476 5530 1079.)

152 5553 231 5626 (sicut
250 5553 446 5626 comperimus)
463 5561 524 5611 tum
543 5554 675 5615 violenter
692 5548 792 5618 coac‘ti.
807 5564 867 5614 tum
881 5557 946 5615 dolo
1001 5553 1203 5613 Gratulotttrei
1213 5557 1293 5626 fidem
1313 5562 1339 5613 et
1376 5555 1518 5612 bristtcnc
1531 5555 1689 5625 relipiooisr

148 5647 255 5722 decepti
267 5647 403 5705 lecerunt.
418 5651 476 5706 Nos
490 5664 555 5706 vero
569 5649 738 5722 injunximus
756 5650 796 5708 eis
809 5658 841 5708 ut
853 5651 944 5708 locum
1035 5628 1182 5768 3973&
1192 5631 1499 5768 fflffi‘wlxmffli
1509 5628 1656 5770 ξὲὂρῖἔὲἓὲῗ
1661 5643 1689 5757 ἐ

150 5757 182 5797 ac
206 5741 358 5800 terminumn
370 5742 556 5800 communiter
569 5751 722 5801 statuerent
746 5751 944 5817 opportunum,
1035 5771 1207 5842 adm-mm
1221 5768 1483 5855 indiesprofoemm‚
1493 5776 1579 5826 mu,
1593 5784 1688 5842 emp

120 5904 134 5913 “
150 5832 284 5909 adquam
306 5837 564 5911 sapientesnoslros
589 5837 744 5897 etideneos
765 5836 867 5910 legatos
880 5853 946 5910 pro·
1036 5840 1156 5899 daloacd
1174 5843 1416 5900 scaioroconsrlio
1432 5845 1566 5912 prouocet.
1580 5842 1689 5913 cupito
