3870 6164
147 271 200 327 crs
601 277 745 333 ceraso.
765 276 808 333 ιιι.
829 305 864 319 -
882 277 1091 335 nonuncium
1109 240 1340 333 caecorum.
1394 299 1397 305 ,
1738 279 1789 336 etc
1846 270 1849 274 ‘

144 396 273 454 nondum
286 396 403 454 inerant.
422 397 465 455 dd
478 397 536 454 haec
549 399 694 456 nonnullas
704 400 839 458 variantes
850 402 941 459 lectio·
956 411 983 475 Α
996 403 1083 474 cipem
1096 401 1184 468 illum,
1204 400 1273 457 dum
1294 398 1431 483 venationi
1445 415 1556 473 operam
1570 400 1648 458 daret
1661 405 1691 457 io
1700 406 1791 473 porti·

143 505 196 547 nes
217 490 280 547 inde
299 491 434 562 excerpsi,
455 506 517 563 quac
532 491 621 549 lucem
637 493 758 567 aliquam
772 494 941 552 subobscuro
995 496 1043 552 bus
1055 497 1148 552 Sancti
1161 496 1274 551 Martini
1285 495 1429 551 delirum
1441 497 1606 565 episcopatus
1621 496 1791 560 cremonem

142 583 272 656 scriptori
287 581 413 640 afferent.
994 587 1112 660 quodam
1133 589 1260 659 Scarpeta
1279 585 1314 643 de
1331 587 1482 644 canevariis
1504 586 1652 660 proditorie
1671 589 1791 646 occisum

180 675 300 734 Editioni
310 683 401 733 autem
416 692 473 734 suae
484 678 636 736 Leibnitius
648 680 768 739 abdidit
776 696 809 738 ex
825 682 942 739 Lunensi
995 681 1087 738 luisse.
1103 680 1244 754 EJusmodi
1259 682 1446 738 narrationem
1455 689 1586 754 tanquam
1599 680 1727 739 fabellam
1744 699 1790 739 er-

142 769 237 827 codice
255 770 322 827 olim
349 769 493 827 clarissimi
517 771 567 829 viri
593 773 734 830 francisci
758 776 856 833 Maria·
878 775 941 832 Flo·
995 775 1082 848 plodit
1094 773 1264 831 clarissimus
1281 773 1446 831 bacchinius
1464 773 1494 830 in
1508 775 1581 831 Hist.
1597 783 1719 832 monast.
1737 778 1789 833 Pa·

141 863 253 920 rendnii
268 862 385 921 alteram
407 865 546 921 diethildis
573 867 663 922 Vitem
683 883 766 938 proso
780 873 941 935 contectum,
994 867 1124 938 delirum,
1142 872 1263 942 pagis.
1277 867 1588 941 Egerero,11ermanni
1610 869 1748 926 Cunhacti
1763 877 1790 926 et

140 973 226 1030 quam
240 956 348 1013 etmihi
362 957 480 1013 retinere
495 958 594 1029 placuit
610 959 638 1015 in
654 959 705 1017 hac
721 969 827 1031 nostra,
842 961 941 1034 quippe
994 959 1790 1033 hmulphiMediolanensistestimonioiretus,nonomaino

140 1065 206 1122 quae
217 1066 274 1107 non
294 1049 400 1107 inutilis
411 1050 465 1106 visa
484 1052 574 1108 estad
594 1051 700 1109 facilius
718 1049 878 1126 capiendam
892 1055 940 1110 ali·
993 1054 1147 1127 negandam
1169 1053 1252 1112 iidem
1273 1053 1407 1128 ejusmodi
1422 1054 1572 1111 narrationi
1589 1070 1668 1125 recr3
1683 1064 1791 1114 constat

135 1159 198 1216 quo
222 1143 251 1199 in
266 1144 326 1200 loco
340 1143 492 1201 Doniconis
506 1152 635 1203 mentem.
661 1149 757 1219 Meque
770 1147 844 1204 enim
868 1146 941 1205 aliud
994 1146 1067 1203 enim
1086 1147 1257 1203 Bonilacium
1275 1162 1308 1204 ex
1321 1146 1425 1204 insidiis
1447 1163 1462 1203 a
1479 1146 1666 1221 proditoribus
1681 1149 1709 1204 in
1722 1149 1789 1206 silea

139 1237 202 1294 haec
215 1235 280 1294 Vita
293 1244 344 1304 est,
363 1251 446 1309 quam
464 1237 553 1310 ipsum
568 1239 719 1296 Dcninonis
741 1255 840 1312 poema
860 1255 939 1297 com·
993 1238 1452 1313 interemptumhlterumquoque
1461 1240 1791 1312 monumentumdefun·

140 1329 273 1403 pendiose
286 1345 368 1403 prosa
384 1331 507 1389 oratione
520 1347 689 1404 expressum.
704 1335 767 1390 Non
779 1333 939 1391 dissimilem
992 1330 1105 1389 datione
1119 1332 1238 1390 ecclesiae
1257 1339 1285 1389 et
1296 1333 1455 1390 monasterii
1469 1333 1561 1390 Sancti
1580 1334 1697 1391 Andreae
1709 1333 1737 1390 in
1749 1334 1790 1391 ci-

143 1426 248 1489 Vitcm,
264 1422 299 1480 ab
313 1424 366 1481 alio
387 1432 480 1481 tamen
494 1426 637 1498 scriptore,
650 1426 819 1500 diversisque
836 1426 938 1496 serbis,
994 1426 1077 1482 vitate
1089 1428 1249 1495 Mantuam,
1263 1425 1390 1483 subditur
1402 1425 1434 1481 in‘
1449 1427 1546 1483 eadem
1558 1426 1619 1483 Vita
1637 1442 1704 1496 ms,
1717 1428 1791 1500 quud

138 1517 267 1590 ejusdem
281 1519 433 1575 Donizonis
446 1527 569 1591 poemate
578 1519 707 1576 similiter
717 1519 852 1589 breviato,
865 1536 939 1577 com·
992 1518 1031 1575 uti
1044 1518 1157 1576 minime
1170 1519 1403 1576 contemnendum
1415 1518 1469 1575 hnc
1485 1517 1584 1576 inferre
1598 1520 1692 1590 statui,
1706 1521 1789 1577 lecto·
1837 1566 1843 1577 .

140 1611 270 1685 positam,
280 1610 502 1669 babetlaudatas
515 1612 600 1669 codex
610 1613 762 1685 Regiensis.
774 1617 854 1671 Hanc
869 1613 937 1670 milri
992 1626 1109 1684 mmquc
1117 1611 1221 1685 judicio
1243 1611 1388 1669 dimittere.
1403 1615 1443 1668 lta
1458 1628 1522 1669 vero
1547 1611 1697 1670 sehabet:
1720 1635 1733 1664 ι
1749 1616 1791 1670 Dc

138 1704 281 1777 descripsi,
295 1704 345 1761 sed
365 1704 392 1760 in
406 1704 544 1776 publicum
566 1703 665 1762 efferre
679 1707 789 1763 animus
806 1722 862 1764 non
877 1706 936 1775 luit,
992 1705 1115 1761 Beatrice
1138 1704 1174 1762 ad
1194 1720 1287 1761 rernm
1307 1704 1452 1762 historiam
1472 1705 1572 1762 dicitur
1594 1706 1670 1778 quod
1694 1688 1792 1762 habuit
1852 1704 1857 1712 '

137 1813 174 1855 ne
187 1797 326 1871 superllua
341 1813 432 1855 merce
446 1797 568 1855 chartam
581 1814 734 1869 onerarem,
748 1807 830 1872 atqua
851 1799 936 1857 lecto·
952 1771 975 1834 Β
993 1798 1185 1866 Damicellnm,
1209 1798 1320 1855 nomine
1339 1797 1535 1867 adelbertum
1551 1798 1595 1870 qui
1610 1798 1788 1870 Damieeilus,

138 1906 194 1948 res.
209 1891 348 1948 Caeterum
366 1891 428 1947 Vita
455 1891 514 1948 haec
535 1907 589 1949 ms.
605 1907 652 1948 me
666 1892 769 1962 docuit,
784 1894 937 1949 altercatio·
990 1891 1062 1947 sicut
1084 1890 1205 1948 Domino
1227 1891 1338 1963 placuit,
1353 1888 1444 1948 factus
1463 1898 1506 1950 est
1525 1905 1624 1958 caecus,
1651 1899 1680 1947 et
1699 1891 1792 1948 amisit

137 2001 200 2040 aem
215 1986 285 2040 inter
310 1984 439 2040 dacorum
463 1989 489 2040 et
503 1987 660 2050 Mantuam,
675 2001 761 2058 quam
783 2000 857 2043 nunc
876 1985 938 2058 plu·
990 1985 1091 2052 visum,
1115 1993 1143 2040 et
1165 1983 1249 2041 vitam
1269 1983 1434 2057 condignam
1455 1982 1572 2041 iaciebat
1586 1983 1748 2057 jejunando,
1763 1990 1792 2040 et

136 2077 217 2134 ribus
229 2076 349 2134 versibus
368 2086 488 2146 aucam,
510 2086 541 2134 ut
560 2093 641 2150 supra
667 2078 755 2146 innui,
771 2078 842 2153 typis
854 2077 937 2145 dabo,
990 2075 1139 2149 vig’lando,
1152 2085 1180 2133 et
1195 2076 1387 2149 poenitentiam
1401 2090 1533 2148 magnam
1544 2074 1680 2133 iaciendo.
1696 2078 1731 2133 lit
1743 2076 1790 2133 ubi

136 2187 195 2228 non
215 2186 274 2228 esse
293 2170 480 2228 collocandam
502 2170 548 2228 lib.
572 2187 594 2241 r,
614 2178 705 2244 capt
730 2179 779 2228 ant
798 2177 827 2240 8,
853 2179 885 2228 ut
909 2172 937 2227 in
990 2176 1032 2226 est
1048 2169 1131 2227 modo
1157 2169 1270 2227 ecclesia
1283 2171 1312 2227 S.
1338 2168 1456 2227 Andreae
1481 2168 1635 2226 incivitate
1657 2170 1790 2238 Mamaea,

137 2263 232 2333 editis,
242 2263 292 2321 sed
304 2262 415 2336 quidem
430 2272 493 2320 ante
506 2281 568 2336 cap.
585 2271 617 2321 tr
631 2264 755 2338 ejusdem
771 2264 848 2333 libri3
863 2264 938 2337 quod
990 2270 1050 2319 erat
1062 2262 1198 2335 hospitale
1211 2277 1317 2319 novum
1331 2269 1359 2318 et
1372 2277 1498 2335 parrum,
1518 2261 1551 2319 ad
1567 2265 1716 2319 nomenti.
1730 2269 1793 2319 An-

136 2366 167 2415 et
178 2358 238 2431 ipsa
249 2373 343 2415 rerum
357 2358 440 2430 series
453 2357 600 2422 indicabat,
614 2373 678 2414 cum
692 2358 730 2414 ibi
744 2358 779 2414 de
791 2357 937 2414 Bonilacio
989 2353 1065 2412 dreae
1077 2356 1192 2429 apostoli
1205 2356 1321 2413 lactum.
1339 2355 1389 2413 Cui
1404 2354 1553 2413 Adelberto
1569 2362 1694 2429 tempore
1707 2354 1790 2414 dictae

135 2451 285 2523 ducciam
306 2459 417 2507 mortuo
439 2458 545 2524 agatur.
569 2454 604 2506 Et
616 2448 735 2508 fortasse
748 2449 849 2507 excidit
861 2466 894 2508 eo
908 2450 937 2505 in
989 2448 1120 2507 Beatricis
1140 2449 1268 2522 apparuit
1288 2448 1322 2506 de
1336 2455 1417 2506 nocte
1442 2448 1470 2504 in
1484 2448 1590 2506 somnis
1611 2449 1640 2506 S.
1656 2447 1790 2520 Andreas,

135 2545 200 2601 loco
214 2543 311 2616 aliquis
325 2543 475 2600 bonizonis
490 2559 583 2600 sersus
595 2559 609 2599 e
622 2559 701 2614 mss,
725 2543 823 2616 quippe
837 2543 864 2599 in
890 2559 938 2600 ea-
989 2540 1083 2597 dicens
1098 2561 1105 2594 r
1122 2542 1146 2598 0
1162 2541 1320 2610 ddelberta,
1333 2541 1402 2598 vade
1415 2540 1451 2598 ad
1467 2541 1648 2610 comitissam,
1662 2551 1691 2599 et
1701 2542 1744 2600 dic
1765 2544 1792 2599 ei

136 2637 204 2695 dem
218 2637 281 2694 Vita
298 2637 357 2694 haec
369 2638 493 2709 leguntur
509 2655 516 2692 :
532 2636 612 2706 «Qut
627 2636 806 2708 (Boniiaeius)
821 2636 887 2693 dum
898 2636 937 2692 ire
990 2634 1063 2705 quod
1078 2648 1128 2707 ego
1147 2634 1266 2707 dixitibi
1284 2642 1316 2689 ut
1340 2634 1440 2690 iaceret
1459 2633 1517 2691 lodi
1538 2637 1568 2690 in
1590 2635 1637 2691 tali
1659 2635 1731 2705 loco,
1747 2636 1795 2708 qui

137 2731 221 2787 vellet
229 2730 301 2786 ultra
311 2745 397 2798 mare,
412 2737 440 2786 ct
448 2737 568 2802 parasset
581 2745 665 2786 naves
678 2729 756 2802 juxta
770 2715 936 2801 praeceptum
990 2734 1049 2783 erat
1071 2743 1155 2800 prope
1173 2726 1329 2796 ecclesiam,
1351 2726 1399 2783 ubi
1417 2733 1477 2782 erat
1498 2742 1599 2800 corpus
1628 2730 1661 2784 B.
1678 2729 1794 2801 Longini

136 2823 206 2881 dicti
226 2823 325 2880 domni
345 2822 460 2893 abbatis,
490 2833 628 2891 mortuns,
649 2830 677 2878 et
700 2821 822 2894 sepultus
843 2818 897 2878 luit
910 2821 937 2876 in
990 2820 1129 2893 martyris,
1153 2821 1200 2892 qui
1220 2821 1313 2876 lancea
1334 2827 1506 2892 percusserat
1527 2821 1598 2877 latus
1619 2820 1743 2890 Domini,
1766 2829 1794 2878 et

135 2917 244 2973 civitate
255 2918 377 2973 Mantuae
390 2917 464 2972 inter
478 2918 609 2973 Sanctum
629 2917 751 2983 Petrum,
765 2923 793 2971 et
807 2912 936 2982 Paulum,
991 2913 1052 2971 iude
1064 2913 1226 2971 exhauserat
1239 2912 1400 2986 sanguinem
1413 2920 1441 2969 et
1455 2927 1566 2984 aquam,
1582 2920 1610 2969 et
1624 2913 1664 2970 ibi
1677 2913 1706 2969 in
1720 2902 1791 2970 duo·

137 3018 165 3067 et
180 3011 295 3068 ecclesia
309 3009 347 3066 ibi
359 3010 491 3068 aedilicata
508 3008 561 3066 fuit
573 3010 750 3066 inhonorem
764 3007 898 3082 ejusdem,
910 3016 941 3063 ut
996 3007 1048 3064 bus
1063 3007 1133 3064 vasis
1150 3005 1291 3064 recondita
1313 3008 1380 3063 siant
1398 3005 1540 3078 predicta,
1555 3005 1661 3064 scilicet
1684 3007 1794 3080 sanguis

137 3119 217 3161 sacra
229 3103 358 3177 mysteria
371 3118 421 3176 pro
435 3118 468 3159 eo
483 3103 590 3160 tierent.
611 3105 647 3159 at
660 3102 782 3159 maxima
802 3101 941 3158 altercatio
994 3110 1022 3156 et
1044 3117 1114 3174 aqua
1137 3116 1198 3172 quae
1220 3100 1359 3157 duxerunt
1386 3098 1421 3156 de
1443 3114 1559 3172 corpore
1583 3103 1651 3157 Jesu
1674 3099 1792 3171 Christi3

137 3198 209 3254 inter
234 3200 374 3254 Mantuam
396 3205 423 3253 et
437 3197 571 3253 &ausam
589 3204 648 3252 orta
669 3205 720 3252 est.
743 3198 814 3252 Nam
836 3196 941 3252 canosa
995 3194 1068 3267 quod
1086 3202 1114 3251 et
1135 3192 1208 3251 iecit.
1230 3193 1309 3250 Dicta
1324 3209 1389 3250 vero
1419 3191 1549 3250 ducatrix
1572 3193 1630 3250 aire
1654 3193 1793 3251 comitissa

136 3290 246 3349 dicebat
258 3290 332 3362 quod
349 3288 467 3347 debebat
481 3289 581 3346 habere
591 3303 691 3361 corpus
704 3288 772 3345 dicti
792 3286 939 3352 Boniiacii,
993 3286 1081 3344 dirit:
1101 3286 1258 3354 hdelbarte,
1278 3287 1300 3343 si
1315 3287 1367 3342 hoc
1381 3302 1477 3343 rerum
1498 3302 1556 3342 non
1567 3286 1628 3356 erit,
1643 3286 1742 3344 faciam
1764 3295 1792 3344 tc

136 3400 203 3441 cum
221 3382 334 3440 haberet
347 3383 479 3455 majores3
495 3384 609 3439 Mantua
629 3366 694 3439 nero
710 3397 740 3439 se
765 3376 940 3450 defendebat,
993 3379 1107 3453 flagellis
1118 3378 1202 3445 caedit
1217 3387 1246 3436 et
1267 3379 1417 3452 llagellatus
1437 3376 1490 3436 iuit
1509 3378 1600 3436 dictus
1617 3379 1791 3439 edelbertus.

135 3478 199 3550 quia
214 3476 302 3550 major
319 3485 414 3533 erat.»
434 3479 466 3532 tn
480 3476 630 3533 bonizonis
643 3481 771 3547 poemate
783 3471 851 3529 nihil
864 3488 940 3529 nunc
993 3471 1358 3546 lterumsecundoappamit
1368 3473 1400 3529 Β.
1410 3470 1535 3530 Andreas
1544 3472 1616 3529 dicto
1627 3472 1790 3542 edelberto,

135 3570 170 3627 de
185 3570 301 3628 ecclesia
313 3569 370 3636 illa,
385 3569 433 3626 ubi
446 3569 570 3643 sepultus
583 3567 634 3624 luit
642 3566 782 3624 Mathildis
796 3573 873 3638 pater
882 3565 938 3622 dux
991 3566 1087 3623 dicens
1109 3566 1134 3622 ei
1158 3574 1188 3621 ut
1202 3563 1375 3638 praedixerat.
1399 3564 1453 3636 Qui
1476 3562 1642 3623 hdelbertus
1655 3563 1725 3622 dixit
1738 3565 1792 3623 hoc
1881 3564 1886 3569 '

134 3662 305 3721 Bonifacius.
325 3664 535 3721 ditescationem
556 3676 622 3734 ergo
651 3660 728 3717 illam
750 3674 801 3716 suo
825 3658 886 3716 loco
909 3659 937 3715 in
991 3659 1148 3728 comitissa,
1170 3667 1198 3717 ct
1219 3674 1277 3716 non
1295 3658 1435 3715 inventum
1458 3665 1508 3728 est,
1525 3659 1717 3732 etilagellatus
1738 3666 1790 3716 eat.

134 3756 266 3830 praesenti
279 3756 401 3814 editione
409 3757 573 3813 restituam.
990 3756 1095 3809 lterum
1115 3752 1197 3809 tertio
1217 3751 1343 3825 apparuit
1359 3752 1454 3808 beatus
1468 3751 1603 3821 Andreas,
1633 3751 1792 3810 confortans

171 3853 206 3906 ln
219 3849 351 3907 dnercro
370 3847 452 3923 hujus
470 3849 543 3906 Vitae
563 3848 678 3905 habetur
703 3846 824 3904 narratio
838 3846 936 3904 mortis
989 3860 1054 3902 eum
1077 3846 1151 3919 quod
1164 3843 1255 3903 adhuc
1279 3844 1406 3903 suaderet
1424 3844 1570 3902 eomimm
1589 3844 1664 3919 quod
1677 3843 1736 3902 lodi
1750 3844 1792 3902 ia·

135 3939 275 4001 Bonifacii
289 3942 423 4015 ejusdem,
444 3942 522 4014 cujus
543 3941 652 3997 initium
668 3948 730 3997 est:
747 3963 759 3989 α
775 3940 820 3997 Ad
841 3954 936 3996 veram
988 3947 1071 4009 caret,
1086 3939 1161 4012 quod
1185 3949 1213 3997 et
1232 3938 1300 3997 fecit
1320 3937 1482 3997 conffltione
1506 3938 1648 4011 praedicta.
1666 3937 1792 3998 Tandem

134 4044 231 4095 autem
244 4035 393 4093 Historiam
419 4034 518 4091 dicitur
544 4033 579 4090 de
600 4042 689 4091 morte
702 4031 831 4089 Bonifatii
849 4032 936 4104 patris
988 4033 1169 4106 praesentibus
1182 4032 1308 4106 pluribus
1321 4032 1455 4105 episcopis
1475 4031 1600 4089 inventur
1613 4030 1669 4090 suit
1680 4034 1791 4106 sanguis

135 4127 297 4197 comitissae,
319 4127 393 4201 quod
406 4128 475 4185 dum
488 4127 546 4199 ipse
560 4125 720 4183 oliendisset
732 4124 879 4198 quemdam
899 4123 934 4181 de
988 4136 1016 4184 et
1029 4143 1099 4200 aqua
1114 4142 1178 4200 quae
1189 4126 1329 4184 iluxernnt
1340 4125 1375 4183 de
1388 4141 1504 4198 corpore
1522 4124 1635 4195 Christi,
1649 4134 1677 4182 et
1690 4141 1791 4199 corpus

136 4221 310 4295 Campitello,
335 4220 447 4278 nomine
467 4221 628 4292 Scarpetam
641 4218 675 4275 de
693 4218 858 4287 canevariis,
881 4218 938 4290 ipse
990 4221 1022 4275 Β.
1050 4220 1177 4292 Longini,
1200 4218 1275 4291 quod
1296 4233 1397 4290 corpus
1417 4218 1592 4277 reconditum
1613 4216 1666 4276 init
1684 4219 1712 4276 in
1726 4235 1789 4277 arca

136 4316 267 4388 Scarpeta
288 4315 390 4387 accepit
414 4329 509 4370 arcum
539 4320 567 4369 et
592 4313 704 4386 sagittas
735 4311 878 4380 toxicatas,
910 4319 938 4367 et
991 4311 1103 4384 pulchra
1117 4311 1228 4368 indicta
1242 4311 1366 4368 ecclesia.
1382 4313 1573 4385 Sanguisrero
1597 4321 1625 4369 et
1638 4328 1707 4386 aqua
1725 4329 1789 4370 cum

136 4408 206 4466 dum
230 4408 286 4480 ipse
310 4406 432 4464 marchio
460 4405 616 4463 Bonilacius
638 4407 730 4463 ivisset
748 4412 881 4471 ¹venatum
907 4403 936 4459 in
990 4405 1105 4462 vasculis
1122 4403 1264 4462 recondita
1287 4402 1397 4462 luemnt
1413 4403 1444 4460 in
1459 4403 1628 4462 confessione
1650 4405 1733 4463 dictae
1746 4422 1790 4464 ec·

137 4500 262 4575 quodam
276 4515 391 4558 nemore
403 4501 472 4557 ultra
487 4499 582 4557 olium
592 4499 618 4556 in
628 4498 851 4572 partibussancti
862 4500 936 4553 Mar·
951 4515 976 4577 Ι)
992 4499 1091 4568 clesiae,
1110 4507 1138 4556 et
1155 4498 1244 4555 adhuc
1263 4505 1339 4554 sunt.
1353 4500 1467 4571 Propter
1487 4497 1564 4569 quod
1584 4497 1653 4555 dicta
1665 4499 1787 4569 ecclesia,

137 4595 187 4652 tini
201 4593 237 4651 de
252 4593 364 4663 hmine,
378 4595 549 4667 episcopatus
563 4593 716 4661 Cremonae,
737 4608 753 4649 a
770 4592 843 4649 dicto
854 4593 936 4650 sear·
991 4607 1053 4666 quae
1076 4593 1153 4666 prius
1177 4591 1265 4648 brerat
1278 4591 1411 4664 hospitale
1433 4606 1561 4663 parvum,
1576 4591 1647 4648 lacta
1660 4598 1703 4667 est
1724 4607 1788 4649 mo-

138 4696 200 4760 peta
224 4695 286 4760 post
307 4686 454 4760 quamdam
475 4702 616 4759 quercum,
631 4686 688 4742 sive
713 4684 936 4755 ruboremque
989 4687 1141 4744 nasterium
1161 4692 1331 4760 magnumst
1343 4684 1446 4754 nobile,
1462 4691 1490 4740 et
1506 4681 1611 4741 ibidem
1624 4684 1710 4742 abbas
1723 4701 1789 4743 cum

84 4773 94 4786 ”
137 4779 230 4839 adhuc
253 4778 355 4838 dicitur
368 4780 406 4837 ibi
432 4787 498 4836 tunc
510 4778 606 4844 luisse,
621 4794 685 4836 cum
710 4778 768 4850 ipse
788 4778 865 4850 quasi
888 4793 936 4850 per
989 4778 1134 4836 monachis
1158 4786 1301 4837 cantantes
1330 4777 1439 4835 divinas
1465 4785 1669 4850 nocturnasque
1696 4778 1790 4838 laudes

138 4872 289 4947 quemdam
312 4872 494 4930 monticulum
517 4873 687 4941 ascenderet,
712 4886 776 4927 cum
790 4871 887 4944 sagitta
908 4878 936 4927 et
990 4870 1509 4943 stant5etdictaecclesialactalait,
1531 4871 1707 4929 sicutmodo
1735 4882 1787 4940 cst,

138 4983 203 5024 arcu
218 4974 282 5039 post
294 4966 394 5024 dictam
411 4981 541 5041 quercum
557 4966 689 5038 percussit
701 4963 846 5022 dominum
860 4978 935 5022 mar·
991 4981 1099 5039 magns,
1114 4972 1142 5021 et
1152 4964 1277 5038 pulchra,
1293 4973 1321 5021 et
1334 4965 1400 5033 lata,
1412 4970 1439 5021 et
1448 4963 1542 5021 dotata
1556 4963 1610 5021 iuit
1623 4979 1672 5038 per
1685 4965 1788 5023 dictam

137 5059 276 5128 ebionem,
293 5066 368 5116 stans
379 5075 444 5117 cum
458 5074 512 5116 uno
525 5075 595 5133 genu
608 5059 681 5115 ilexo
701 5058 730 5113 in
754 5065 836 5126 terra,
851 5064 879 5113 et
892 5055 935 5113 fa·
990 5057 1152 5128 Beatricem,
1167 5065 1195 5115 et
1215 5073 1263 5131 per
1288 5055 1445 5115 Mathildirn
1459 5057 1520 5130 ejus
1539 5057 1633 5128 liliam,
1658 5059 1737 5132 quasi
1753 5058 1789 5116 de

137 5153 214 5212 ciens
226 5153 317 5226 plures
330 5168 440 5225 passum
452 5159 479 5209 et
492 5152 594 5210 ibidem
608 5150 698 5209 adhuc
711 5157 841 5224 apparent
852 5149 935 5207 vesti-
990 5151 1118 5209 omnibus
1132 5166 1193 5224 quae
1207 5150 1290 5208 babet
1306 5151 1380 5208 inter
1399 5148 1510 5208 Padum¹
1526 5157 1554 5208 et
1575 5153 1690 5219 Lacum,
1706 5158 1734 5208 et
1753 5150 1789 5211 de

136 5246 181 5321 gia
199 5253 229 5303 et
241 5244 343 5318 pedicae
358 5246 386 5302 in
401 5245 463 5304 loco
484 5245 625 5319 predicto,
640 5244 675 5301 ab
695 5259 729 5302 eo
747 5243 821 5317 quod
836 5241 935 5300 dicitur
988 5253 1047 5302 tota
1061 5245 1135 5302 utria
1153 5245 1316 5303 Fomicatae.
1336 5243 1379 5301 Ob
1393 5258 1512 5317 quoram
1532 5243 1714 5301 reverentiam
1725 5245 1788 5302 infl-

136 5338 215 5413 quod
223 5353 365 5412 nunquam
373 5338 413 5396 ibi
422 5346 549 5396 nascatur
560 5338 660 5408 berba;
673 5345 710 5407 et,
724 5338 747 5393 si
759 5335 934 5393 destruantur
989 5339 1053 5395 nitae
1075 5338 1208 5406 nationes,
1232 5345 1289 5394 tam
1310 5338 1589 5396 ultramontanorum
1611 5351 1695 5411 quam
1722 5337 1788 5396 Ala·

135 5432 221 5491 dictae
235 5431 338 5505 pedica
358 5432 414 5489 sire
431 5431 555 5504 vestigia,
574 5431 674 5489 dicitur
688 5430 763 5504 quod
784 5431 870 5487 altera
891 5429 934 5487 die
989 5445 1168 5499 marmorum,
1188 5431 1273 5488 etiam
1296 5430 1519 5489 lombardomm
1539 5437 1568 5486 et
1581 5431 1747 5498 Tuscorum,
1761 5440 1789 5489 et

135 5525 230 5583 adhuc
240 5533 376 5597 apparent
392 5524 465 5583 sicut
478 5524 553 5597 prius
563 5523 742 5597 apparebant.
753 5526 809 5580 Nec
822 5523 852 5579 in
864 5538 934 5596 prae·
989 5522 1156 5581 diversarum
1170 5523 1315 5580 nationum
1325 5523 1449 5581 solebant
1460 5521 1551 5580 venire
1560 5531 1673 5596 propter
1685 5523 1789 5581 dictam

134 5617 215 5676 dicto
228 5615 289 5674 loeo
300 5632 333 5674 ex
347 5625 442 5690 postea
460 5615 571 5690 aliquod
585 5616 688 5674 cultum
702 5616 769 5686 iuit3
783 5615 832 5674 sed
851 5615 939 5674 adhuc
992 5614 1168 5673 devotionem
1182 5613 1216 5672 ad
1241 5615 1378 5673 civitatem
1392 5618 1522 5682 Mantuae,
1543 5622 1669 5688 tempore
1682 5620 1786 5675 Ascen-

135 5711 193 5769 ista
214 5724 332 5784 quercia
347 5718 413 5783 stat,
440 5718 468 5768 et
481 5718 574 5784 postea
595 5709 677 5768 stetit.
701 5734 715 5760 »
729 5713 940 5768 Monumentum
994 5709 1083 5769 sionis
1107 5706 1231 5777 Domini,
1251 5716 1279 5764 et
1296 5707 1332 5765 ibi
1353 5707 1439 5764 multa
1458 5704 1574 5764 donaria
1592 5705 1743 5777 faciebant3
1757 5715 1786 5765 et

135 5803 194 5862 boc
207 5817 322 5862 cansam
341 5804 436 5878 Pignae
454 5811 485 5864 st
502 5802 613 5876 Sigonio
626 5803 699 5866 dedit
711 5802 849 5865 scribendi
864 5804 937 5877 prin·
994 5803 1026 5862 ia
1055 5803 1159 5864 civitate
1183 5803 1305 5859 Mantua
1325 5796 1499 5871 iejunabatur
1517 5796 1589 5856 dicta
1612 5796 1788 5865 bebdomada
1837 5866 1844 5873 ,
