3870 6164
209 221 242 278 ts
750 210 753 215 '
825 217 853 275 s.
874 215 1065 274 oneuonrus
1082 216 1127 272 vu
1146 185 1245 273 ears.

208 360 272 401 cum
286 345 408 401 maximo
421 351 529 401 terrore
541 343 671 418 ingerens
685 358 715 399 se
733 342 817 399 iacies
828 340 1003 413 spectatior,
1019 348 1046 406 Α
1367 342 1489 400 CAPUT
1509 346 1548 400 ll.
1629 329 1635 339 ’

208 439 327 512 graviter
339 454 402 496 eum
417 439 567 506 luiturum,
582 439 605 494 si
615 454 673 495 nou
686 445 876 502 reverteretur,
891 435 1005 490 intenta·
1202 436 1336 491 dlis-mute
1352 440 1379 490 et
1397 442 1471 505 peste
1491 443 1556 494 uate
1567 441 1716 510 Populum.

209 532 367 606 vit3sicque
381 549 445 590 eum
465 533 496 589 in
510 536 645 590 Romanae
655 530 785 587 Ecclesiae
812 527 941 585 solatium
966 543 1005 584 re
1099 533 1138 582 ιι).
1154 528 1260 583 Interea
1278 527 1428 599 spiritualis
1448 529 1577 602 agricola,
1602 540 1714 588 sanctus
1734 528 1859 587 videlicet

206 628 324 685 vocavit,
1058 622 1116 676 Leo
1131 622 1181 676 lx.
1195 623 1267 693 Papa
1277 626 1345 688 (lo),
1354 622 1529 679 considerans
1541 633 1569 680 ει
1578 623 1721 681 admirans
1738 624 1858 680 multum

243 729 271 778 ιι.
286 726 319 778 lu
341 720 511 792 diebusillis,
534 726 645 775 mortuo
667 718 788 772 Damaso
811 720 847 784 (7)
871 714 1003 783 meando,
1058 713 1179 772 fructum
1195 715 1313 787 palmitis
1328 715 1421 788 hujus,
1451 732 1482 773 eo
1506 717 1579 789 quod
1601 718 1661 789 ipse
1681 727 1808 775 maneret
1831 718 1857 772 io

207 815 435 873 successitnonus
442 816 500 871 Leo
511 817 562 879 (ιι);
576 810 634 882 qui,
649 808 792 867 laudabilis
813 807 861 866 viri
881 808 1005 882 pruden·
1059 805 1178 878 Christo,
1191 817 1218 864 et
1230 808 1396 866 Christusin
1406 810 1483 883 ipso;
1496 810 1620 868 dilatavit
1639 813 1668 868 iu
1690 829 1723 869 eo
1736 813 1856 869 mansio·

207 909 273 966 tiam
286 918 315 966 et
326 908 498 966 sanctitatem
520 903 646 961 excorde
657 911 800 960 veneratus
814 909 843 959 et
861 905 1004 974 amplexa·
1058 916 1123 957 nem
1135 902 1236 959 Christi
1250 919 1299 975 per
1315 902 1522 975 impositionem
1533 904 1778 973 OrdinisLevitiei,
1790 914 1855 962 etut

206 1011 262 1073 tus,
278 1005 337 1076 ejus
350 1018 397 1076 per
420 999 509 1056 omnio
522 998 636 1055 consilia
649 995 1003 1068 suscepit3etbaeceorum
1058 993 1179 1052 fructum
1194 996 1257 1069 plus
1271 995 1545 1064 afferret,ltomanae
1566 999 1696 1057 Ecclesiae
1709 999 1857 1056 archidia-

205 1096 351 1154 concordia
366 1093 516 1166 plurimum
531 1091 561 1146 in
574 1107 641 1164 agro
660 1089 805 1147 Dominieo
820 1090 905 1162 spinis
919 1090 1004 1147 erutis
1058 1105 1159 1146 conum
1184 1090 1310 1146 institnit.
1330 1095 1394 1146 Post
1417 1090 1476 1147 haec
1491 1091 1517 1146 iu
1545 1100 1633 1164 partes
1648 1094 1802 1151 Galliarum
1818 1093 1857 1148 di-

205 1186 389 1246 fructideatit.
410 1187 519 1242 Interea
538 1184 729 1241 Subdiaconus
753 1182 907 1240 abeodem
932 1186 1004 1256 Papa
1056 1193 1157 1253 rectus,
1175 1185 1213 1240 ita
1239 1184 1375 1241 creditum
1390 1185 1441 1240 sibi
1461 1185 1625 1257 dpostolieae
1644 1188 1710 1244 vicis
1732 1188 1859 1243 exhibuit

204 1281 354 1346 ordinatus,
367 1279 539 1337 monasterio
553 1280 583 1336 S.
603 1278 690 1345 Pauli,
708 1277 904 1334 miserabiliter
917 1277 1003 1334 deso·
1057 1275 1193 1347 cilicium,
1222 1286 1253 1335 ut
1273 1278 1373 1335 merito
1397 1295 1462 1335 cum
1490 1279 1623 1350 apostolo
1646 1279 1733 1336 dicere
1764 1288 1858 1352 posset

203 1374 270 1442 lato,
285 1372 414 1444 praelatua
427 1380 479 1438 est,
493 1372 541 1430 tali
562 1372 689 1445 primitus
703 1371 806 1427 visione
819 1369 1002 1428 eoniortatus.
1059 1394 1072 1421 ι
1093 1374 1151 1427 Deo
1166 1372 1279 1445 gratias,
1302 1373 1349 1444 qui
1363 1387 1473 1444 semper
1489 1372 1641 1445 triumphat
1661 1389 1712 1429 nos
1730 1374 1757 1428 in
1774 1373 1856 1430 Chri·

203 1470 346 1539 apparens
359 1467 384 1523 ei
394 1468 425 1522 B.
442 1466 542 1523 Paulus
552 1466 578 1523 iu
592 1465 701 1525 basilica
716 1465 878 1530 sua-stabat,
899 1480 932 1520 ac
953 1480 1001 1536 pa·
1056 1472 1099 1522 sto
1123 1466 1198 1535 Jesu,
1225 1475 1253 1522 et
1274 1464 1388 1521 odorem
1410 1466 1516 1523 notitiae
1544 1482 1601 1522 suae
1625 1465 1781 1522 manifestat
1808 1482 1857 1539 per

203 1561 256 1616 lem
272 1559 401 1619 manibus
417 1568 513 1617 tenens
527 1568 648 1616 stercora
663 1558 765 1627 boum,
786 1558 822 1616 de
842 1558 1000 1630 pavimento
1055 1575 1106 1615 nos
1129 1559 1249 1615 inomni
1264 1559 1337 1631 loco,
1353 1559 1416 1631 quia
1440 1558 1541 1615 Christi
1562 1560 1653 1616 bonus
1671 1560 1740 1617 odor
1760 1576 1855 1616 sumus

202 1654 318 1721 levabat,
342 1672 374 1711 ac
399 1652 474 1711 foras
497 1652 629 1727 jactabat.
646 1654 774 1725 Cumque
784 1660 923 1724 spectator
932 1651 1001 1708 otio·
1015 1690 1039 1752 B
1057 1655 1127 1719 Deo,
1141 1652 1171 1708 in
1196 1652 1229 1708 iis
1242 1652 1289 1725 qui
1298 1652 1364 1709 salvi
1375 1653 1454 1721 liunt,
1471 1661 1498 1708 et
1512 1653 1538 1708 in
1550 1652 1582 1709 iis
1594 1654 1641 1726 qui
1649 1662 1780 1725 pereunt3
1797 1654 1855 1711 aliis

201 1765 250 1806 sus
263 1749 414 1819 assisteret,
428 1747 588 1820 increpabat
598 1762 662 1803 eum
680 1746 838 1818 Apostolus,
850 1761 934 1817 quare
947 1762 1001 1801 nou
1056 1745 1167 1818 quidem
1190 1745 1260 1802 odor
1282 1745 1380 1802 mortis
1401 1745 1428 1800 in
1440 1754 1577 1815 mortem,
1597 1747 1656 1803 aliis
1675 1756 1769 1804 autem
1784 1746 1855 1805 odor

201 1859 232 1900 se
255 1841 397 1915 adjuvaret
418 1860 426 1898 ε
442 1841 579 1914 jussitque
592 1855 654 1896 eum
674 1840 763 1912 palam
782 1837 1000 1911 apprehendere,
1057 1839 1117 1896 vitae
1130 1839 1161 1895 in
1179 1839 1263 1896 vitam
1283 1841 1323 1906 (li
1332 1841 1393 1897 Cor.
1410 1856 1433 1896 ιι
1447 1858 1454 1895 :
1470 1844 1500 1908 ).
1518 1863 1531 1890 a

202 1945 231 1992 et
253 1935 446 1992 dmumtsicut
469 1935 526 2006 ipse
555 1933 669 2003 faceret)
696 1933 802 2007 ejicere.
827 1932 1002 1989 Latrunculis
1093 1940 1136 1990 11.
1160 1933 1282 1990 Primam
1296 1949 1361 1990 sane
1376 1933 1470 1990 odoris
1479 1934 1560 2006 hujus
1586 1932 1763 2006 fragrantiam
1777 1938 1855 2010 Lug-

200 2028 275 2085 euim
290 2028 448 2100 campanie
461 2026 651 2099 diripientibus
665 2027 785 2084 subsidia
805 2025 957 2094 alimoniae,
972 2011 1018 2081 in¹
1055 2028 1170 2095 dunum,
1194 2043 1255 2099 quae
1276 2029 1362 2100 prima
1379 2028 1458 2084 sedes
1477 2036 1519 2083 εει
1542 2028 1710 2097 Galliarum,
1731 2029 1854 2102 synodali

203 2128 313 2179 tantum
324 2121 484 2193 languorem
502 2120 635 2178 inciderat
651 2119 826 2177 observantia
850 2120 1001 2176 sanctitatis
1054 2120 1222 2178 discussione
1236 2122 1366 2194 suscepit.
1383 2123 1465 2185 Nam,
1481 2120 1551 2177 sicut
1563 2123 1633 2193 Papa
1656 2123 1778 2179 Kalistus
1790 2138 1855 2180 nar-

44 2239 93 2299 ··
199 2224 228 2272 et
241 2219 352 2288 regulae,
368 2224 400 2271 ut
420 2224 447 2271 et
469 2223 604 2279 armenta,
619 2213 731 2271 licenter
755 2212 932 2285 ingredientia
955 2213 1000 2270 do·
1054 2229 1115 2271 rare
1133 2216 1283 2282 consucvit,
1303 2215 1390 2288 prima
1405 2215 1517 2271 Consilii
1533 2214 1587 2280 die,
1613 2217 1797 2287 proclamatus
1811 2224 1854 2272 est

200 2325 279 2365 mum
292 2307 422 2365 orationis
437 2306 588 2375 loedareut3
615 2317 644 2365 et
656 2307 796 2376 mulieres,
808 2307 837 2363 in
851 2305 999 2363 refectorio
1053 2308 1166 2380 quidam
1182 2308 1445 2381 pseudoepiscopus
1465 2308 1498 2365 de
1513 2309 1672 2365 simoniaca
1688 2309 1856 2366 Pontidealis

198 2401 351 2459 necessaria
366 2401 568 2471 ministrantes,
585 2401 689 2458 lamam
704 2402 941 2474 paucissimorum,
954 2401 999 2473 qui
1052 2400 1180 2457 culminis
1189 2402 1363 2471 ascensione,
1379 2401 1427 2457 sed
1442 2402 1505 2472 quia
1519 2401 1554 2457 ad
1573 2401 1656 2458 finem
1671 2403 1781 2474 perduci
1795 2419 1852 2459 oon

199 2503 398 2564 remanserant,
419 2496 621 2553 monachorum
651 2495 876 2553 dehonestarent.
907 2494 1000 2551 Elimi·
1053 2495 1142 2566 potuit
1158 2494 1294 2567 probatio,
1309 2495 1511 2568 insequentem
1526 2494 1600 2551 diem
1622 2497 1727 2567 prolata
1742 2505 1791 2552 est.
1809 2500 1852 2551 ln-

198 2596 261 2644 nata
272 2590 353 2662 igitur
365 2589 441 2646 omni
455 2590 596 2662 spurcitia,
619 2597 647 2645 et
660 2597 820 2661 recuperata
841 2588 998 2645 victualium
1052 2588 1133 2645 terim
1148 2589 1216 2660 quid
1228 2588 1330 2645 faceret
1341 2589 1392 2645 sibi
1405 2590 1476 2645 male
1490 2589 1634 2645 conscius?
1649 2590 1710 2659 Quo
1723 2606 1752 2646 se
1763 2600 1852 2646 verte·

197 2681 370 2751 sufficientia,
397 2683 577 2757 congregavit
612 2683 759 2739 honestam
793 2682 997 2739 multitudinem
1052 2679 1544 2755 retiAdamantedurioremjudicis
1561 2691 1682 2738 urentem
1706 2683 1781 2739 nullo
1797 2699 1853 2739 mu·

198 2777 375 2846 Regularinm
401 2777 604 2833 monachorum
629 2794 636 2831 ε
666 2792 786 2848 quorum
816 2775 948 2848 religione
970 2782 998 2831 et
1051 2790 1117 2830 nere
1136 2791 1219 2832 ausus
1240 2783 1283 2831 est
1298 2784 1443 2843 attentare,
1459 2792 1515 2831 non
1536 2774 1666 2832 dubitans
1680 2792 1710 2832 se
1732 2793 1781 2848 per
1799 2777 1852 2832 hoc

197 2868 336 2941 disciplina
346 2869 536 2926 venerabiliter
555 2886 641 2941 usque
651 2867 734 2925 hodie
750 2869 832 2939 pollet
846 2869 922 2922 locus
935 2867 995 2922 iste.
1051 2866 1280 2923 ardentissimum
1298 2869 1420 2924 veritatis
1444 2877 1597 2924 amatorem
1626 2869 1713 2942 magis
1744 2885 1852 2941 exaspe-

231 2970 258 3020 9.
286 2964 410 3036 Denique
435 2972 493 3019 tam
516 2962 683 3036 singularem
712 2963 798 3032 coepit
815 2959 917 3016 habere
932 2960 998 3017 bdu-
1051 2975 1112 3016 rare
1133 2977 1215 3033 quam
1235 2961 1352 3035 placare.
1375 2965 1445 3018 Data
1468 2961 1550 3034 igitur
1572 2963 1698 3034 pecunia,
1720 2963 1851 3034 oppilavit

196 3056 267 3113 ciam
290 3072 373 3127 super
396 3054 621 3127 opitulationibus
642 3070 756 3127 precum
772 3054 899 3124 iliorum,
915 3063 962 3119 ut,
976 3053 998 3110 si
1015 3064 1099 3132 cora
1114 3062 1172 3110 tam
1193 3064 1385 3111 accusatorum
1400 3071 1481 3128 quom
1494 3055 1616 3126 testium,
1634 3064 1661 3110 et
1682 3065 1848 3127 cooperante

195 3149 304 3222 quando
322 3165 378 3206 non
400 3148 562 3206 liberaretur
575 3149 609 3206 ab
637 3147 856 3216 adversitatibus,
876 3148 998 3204 certissi·
1051 3148 1206 3204 securitatis
1231 3148 1391 3218 insolentia,
1410 3148 1531 3205 tumidus
1558 3147 1682 3204 crastinae
1716 3148 1848 3204 sessionis

197 3257 275 3299 mum
286 3242 309 3298 ei
319 3243 429 3316 signum
440 3242 526 3311 deret,
539 3241 656 3315 alicujus
664 3241 755 3297 delicti
765 3239 996 3313 impedimentum
1051 3242 1184 3313 cognitori
1198 3241 1349 3310 insultavit,
1360 3241 1538 3299 diceusrUbi
1561 3249 1637 3308 sunt,
1648 3241 1694 3313 qui
1711 3257 1847 3298 meaccu·

195 3351 255 3391 esse
277 3335 348 3391 inter
369 3350 416 3391 eos
432 3354 439 3391 ι
465 3351 522 3408 quo
545 3335 674 3406 prasenti
690 3333 774 3407 ipsius
795 3318 997 3390 examinatione
1050 3333 1166 3390 subant?
1180 3350 1263 3392 nemo
1279 3352 1324 3392 me
1338 3336 1540 3393 condemnavit.
1556 3334 1598 3391 Ad
1608 3334 1669 3391 haec
1681 3336 1783 3391 zelotes
1794 3336 1847 3391 Dei

196 3437 326 3500 correcto,
340 3429 423 3486 solito
437 3444 519 3485 cursu
533 3428 724 3486 liberationem
743 3426 803 3501 ejus
818 3427 996 3484 acceleratam
1050 3427 1106 3484 alto
1121 3430 1225 3501 gemitu
1233 3430 1383 3501 suspirans,
1400 3438 1427 3485 et
1441 3429 1582 3485 frixorium
1600 3428 1691 3485 cordis
1709 3429 1752 3484 sui
1767 3443 1849 3500 super

196 3520 302 3580 larebat
316 3521 404 3580 oratio
427 3523 503 3591 (Gal.
531 3527 582 3588 vt).
606 3524 708 3578 Beatus
725 3520 907 3592 planePater,
925 3519 995 3576 beati
1049 3520 1101 3577 illis
1121 3522 1167 3594 qui
1181 3523 1304 3595 corrupti
1315 3532 1394 3579 erant
1403 3522 1576 3596 dedignativo
1591 3530 1670 3594 gestu
1681 3521 1847 3594 significans,

195 3615 253 3681 lilii,
267 3631 336 3688 quos
357 3616 427 3671 inter
447 3614 601 3688 ignorantia
621 3624 650 3670 et
668 3613 817 3686 impunitas
831 3614 920 3686 culpae
934 3630 993 3670 mo·
1049 3615 1089 3671 ait
1106 3614 1143 3671 ad
1163 3625 1352 3688 corruptorem
1376 3615 1536 3684 :Credis,o
1560 3614 1695 3687 episcope,
1719 3615 1846 3686 Spiritum

195 3723 321 3764 ramoon
335 3707 424 3782 potuit
438 3707 548 3775 hebere,
563 3706 624 3775 sed,
639 3707 763 3778 exemplo
782 3706 895 3780 quidem
909 3709 995 3764 Josne
1048 3717 1175 3765 sanctum
1190 3710 1271 3765 unius
1282 3725 1346 3765 cnm
1370 3711 1486 3765 Patreet
1498 3709 1569 3766 Filio
1581 3724 1641 3765 esse
1651 3709 1811 3765 substantiae
1821 3718 1847 3764 et

196 3801 317 3875 prodita,
327 3801 356 3858 in
366 3801 462 3874 spiritu
474 3800 607 3870 lenitatis,
622 3800 776 3857 secundum
786 3801 912 3875 Apostoli
927 3818 994 3876 prae·
1049 3801 1174 3860 deitatis?
1186 3803 1248 3873 Quo
1257 3800 1454 3875 respondente,
1470 3803 1575 3869 Credo;
1590 3802 1652 3873 Dic,
1667 3802 1767 3874 inquit,
1781 3801 1846 3859 Glo-

195 3903 315 3969 ceptum,
328 3895 458 3968 castigata
469 3898 522 3952 εει(
544 3894 571 3950 si
586 3895 632 3966 qui
647 3902 753 3963 tamem
779 3894 995 3968 cujuslibetpro·
1048 3895 1088 3952 ria
1102 3896 1186 3966 Petri,
1204 3905 1233 3953 et
1246 3896 1325 3966 Filio,
1336 3904 1364 3952 ει
1375 3896 1489 3968 Spiritui
1500 3906 1605 3953 sancto.
1625 3897 1752 3969 Cumque
1772 3896 1845 3951 hunc

195 3989 322 4046 fessionis
345 3988 459 4057 luerint,
473 3988 592 4061 majores
604 3987 707 4061 culpas,
722 3997 749 4045 et
763 3989 882 4045 maxime
892 3989 925 4045 ad
940 3992 992 4046 im·
1049 3989 1239 4060 versiculum,
1264 3990 1298 4047 ad
1320 3989 1568 4047 commendandam
1583 4000 1687 4046 sanctae
1700 3989 1846 4059 iTrinitatis

195 4080 412 4139 munditiamvel
427 4081 598 4155 sacrilegium
613 4082 789 4154 pertinentes,
800 4083 871 4155 apud
885 4085 913 4138 S.
925 4087 993 4140 Pau·
1048 4081 1160 4140 naama
1181 4084 1299 4141 Nieaenis
1312 4085 1440 4141 Patribus
1455 4082 1641 4156 hymnizando
1661 4083 1808 4155 prolatum,
1819 4088 1847 4139 et

159 4248 162 4253 .
194 4176 254 4232 lum
270 4176 445 4232 committere
463 4184 704 4248 praesumpserunt,
729 4191 795 4232 mox
811 4175 838 4232 in
856 4175 994 4247 apostoli·
1048 4177 1080 4232 B.
1096 4177 1264 4249 Hieronymo
1286 4193 1335 4249 pro
1357 4185 1489 4234 succentu
1503 4182 1560 4246 (11)
1574 4176 1748 4249 singulorum
1767 4176 1845 4232 Psal-

195 4268 409 4326 eaerevercntiae
433 4267 590 4339 (bonorem)
616 4269 649 4325 ab
666 4270 879 4325 exterminatore
905 4270 992 4341 perie-
1048 4285 1158 4327 urorum
1177 4272 1298 4327 Damaso
1321 4272 1402 4344 Papae
1428 4272 1665 4336 commendatum,
1685 4268 1846 4325 fiducialiter

193 4370 268 4419 runt.
287 4362 462 4431 sicutenim,
488 4364 527 4432 (9)
550 4361 629 4436 primi
656 4363 782 4437 Gregorii
797 4370 934 4436 ternpore,
956 4365 987 4418 B.
1043 4362 1159 4421 adorsus
1174 4362 1285 4432 luisset3
1301 4365 1394 4422 Gloria
1405 4366 1479 4422 Patri
1491 4375 1520 4422 et
1538 4365 1624 4431 Filio,
1644 4362 1767 4430 dicebat,
1785 4363 1845 4431 scd,

194 4455 989 4529 Andreasdpostolusultorexstitisselegitursuisanetua·
1005 4450 1030 4512 D
1045 4456 1176 4529 Spiritum
1196 4468 1324 4515 sanctum
1351 4459 1496 4515 nominare
1520 4457 1635 4514 minime
1659 4455 1776 4512 valebat.
1801 4457 1846 4512 Se·

194 4548 243 4618 rii;
258 4549 332 4606 itaet
345 4549 375 4604 in
388 4550 486 4608 diebus
505 4550 676 4607 Hiltebrandi
695 4550 874 4622 ejusdemque
887 4551 993 4622 Grego·
1047 4551 1138 4607 cundo
1147 4559 1251 4608 tentare
1258 4552 1432 4621 admonitus,
1445 4550 1545 4609 deiecit
1560 4552 1588 4607 iu
1602 4550 1682 4607 Filio.
1699 4550 1793 4606 Tertio
1808 4565 1846 4605 re·

193 4643 597 4716 riiVll.B.,PaulusApostolus
608 4643 710 4701 vindex
718 4642 867 4700 enituitsui
877 4644 1005 4723 sanatib·
1046 4653 1140 4717 petere
1154 4645 1313 4718 permissus,
1333 4646 1451 4703 obticuit
1470 4646 1498 4700 in
1519 4646 1608 4701 Patre.
1629 4646 1708 4699 Tunc
1731 4644 1844 4700 demum

194 4735 238 4807 eii,
252 4745 370 4809 utroque
383 4737 485 4795 scilicet
504 4738 639 4811 Apostolo
657 4745 823 4809 cooperante
835 4746 886 4795 su'o
898 4753 993 4810 opera·
1046 4735 1162 4810 pedibus
1187 4739 1364 4812 apocrisiarii
1396 4738 1569 4811 provolutus,
1599 4737 1785 4794 simoniacum
1816 4750 1845 4790 se

194 4829 245 4889 rio.
1046 4842 1106 4887 esse
1120 4830 1260 4902 professus
1274 4841 1327 4890 est.
1342 4833 1397 4903 Qui
1410 4849 1475 4889 mox
1489 4841 1520 4889 ut
1532 4832 1567 4888 ab
1583 4831 1747 4904 Episcopatu
1767 4830 1846 4901 depo

227 5065 264 5128 (7)
284 5063 413 5118 minuata
436 5058 473 5114 ll.
489 5063 597 5111 creatus
615 5062 656 5111 est
679 5051 724 5109 die
756 5058 798 5109 17.
825 5053 890 5109 tulii
920 5069 991 5111 anno
1044 5062 1102 5112 tem
1130 5055 1316 5122 Cesinensem,
1334 5054 1399 5112 dein
1416 5056 1560 5114 Victorem
1575 5058 1611 5111 ll.
1627 5056 1729 5125 Papam
1748 5053 1793 5110 lib.
1816 5060 1843 5109 3.

194 5138 274 5188 tots.
302 5138 339 5198 et,
360 5144 425 5185 cum
450 5126 566 5183 sedisset
591 5125 650 5183 dies
674 5131 720 5182 2³.
741 5124 876 5182 extinctus
894 5133 945 5194 est,
962 5135 992 5182 ut
1047 5126 1234 5196 uiatogorom,
1246 5124 1842 5199 etepudPetrumDamianumOpusculo19.

192 5202 325 5267 ereditur,
341 5214 458 5256 veneno.
1045 5214 1095 5269 eap
1115 5203 1141 5253 6.
1166 5199 1241 5270 opud
1263 5214 1335 5270 quos
1358 5214 1475 5271 sequens
1495 5205 1622 5255 narratur
1645 5195 1766 5260 historia,
1795 5198 1844 5252 sed

229 5278 268 5339 (8)
283 5272 410 5327 VitamS.
430 5269 527 5325 seona
544 5270 592 5325 (Χ.
602 5267 732 5325 dedimus
747 5274 794 5324 ιιι.
810 5267 920 5340 Aprilis.
937 5272 992 5323 An-
1045 5270 1229 5326 subdiaconus
1246 5270 1408 5341 appellatur.
1420 5274 1524 5328 Verum
1540 5267 1609 5327 inira
1628 5282 1644 5322 a
1665 5264 1702 5321 ud
1718 5267 1844 5324 Bertbol·

192 5348 423 5398 nusautemtunc
434 5345 585 5395 erat1084.
1045 5338 1111 5396 dum
1125 5356 1202 5396 nram.
1222 5352 1230 5395 t
1248 5351 1277 5398 et
1293 5341 1581 5412 apudGrutmnndum
1595 5282 1843 5417 archiepiscopum

228 5416 267 5478 (9)
280 5412 348 5466 Haec
363 5410 498 5466 habentur
512 5411 538 5465 in
551 5412 612 5467 Vita
626 5412 655 5467 S.
669 5412 802 5481 Gregorii,
818 5410 920 5467 anobis
944 5417 988 5466 tt.
1044 5415 1216 5468 daemonum
1240 5412 1285 5467 lib.
1302 5420 1318 5468 3
1333 5414 1367 5468 de
1388 5415 1510 5469 veritate
1536 5412 1666 5481 Corporis
1693 5411 1794 5466 Christi
1814 5411 1841 5465 in

191 5481 282 5537 Martii
310 5481 453 5553 illustrata,
481 5493 594 5540 auctore
613 5486 719 5539 Joanne
740 5486 866 5539 Diacono
892 5482 940 5539 lib.
961 5491 988 5540 a.
1044 5483 1229 5549 Eucharistia,
1242 5484 1458 5540 archidiaconus
1467 5482 1577 5540 dicitur.

193 5559 328 5609 numito.
1079 5559 1135 5621 (ιι)
1160 5559 1201 5611 De
1218 5555 1270 5612 hoc
1284 5562 1417 5621 succentm
1433 5571 1449 5611 a
1464 5556 1491 5610 S.
1512 5554 1686 5628 hieronymo
1700 5569 1843 5611 commen·

227 5628 285 5697 (lo)
303 5627 373 5682 Cum
392 5625 419 5682 S.
444 5624 532 5682 Leoni
558 5627 609 5683 lx.
631 5625 808 5682 successisset
833 5625 928 5681 Victor
952 5627 988 5683 11.
1043 5627 1118 5694 dato,
1141 5627 1258 5699 egimus,
1283 5626 1312 5682 in
1337 5625 1484 5683 Αιιιιοιειίε
1506 5624 1541 5681 ad
1569 5627 1705 5698 Epistolas
1730 5624 1843 5696 praevias

189 5705 297 5755 creatus
310 5703 353 5754 tt.
368 5696 467 5770 Aprilis
480 5710 551 5753 anno
563 5690 644 5753 rost.
667 5697 785 5753 missum
800 5712 830 5753 se
845 5697 873 5753 in
887 5697 989 5755 Gallias
1044 5698 1153 5771 utrique
1167 5698 1327 5769 adscriptas,
1342 5706 1408 5753 ante
1423 5696 1570 5771 Cetalogos
1588 5707 1695 5757 veteres
1715 5698 1843 5770 andquo·

191 5775 307 5827 testeam
320 5769 380 5842 ipae
394 5767 600 5828 Hildebraudus
613 5767 685 5842 apud
708 5768 884 5826 Desiderium
897 5768 989 5825 Abba·
1042 5785 1107 5826 rum
1118 5769 1296 5839 Pontificum,
1308 5766 1398 5826 editos
1408 5775 1475 5825 ante
1488 5775 1601 5828 tomum
1614 5769 1784 5843 1.eprittsp.
1797 5772 1841 5825 ιι.
