3884 6158
146 258 193 314 ru
482 252 512 308 s.
531 248 691 309 ceseomr
709 251 755 307 vu
773 249 869 306 esee
888 241 1026 309 census
1044 249 1132 308 ems
1150 248 1170 308 1.
1191 275 1227 297 -
1245 249 1445 310 nsarsrnuu.
1624 214 1627 219 ⁸
1736 252 1790 312 sae

144 396 210 439 cura
222 377 415 438 sollicitudinis
424 374 550 444 inheret,
562 373 739 432 vehementer
752 373 893 445 dolemus,
911 383 940 434 et
955 374 1115 444 Aiormido
1132 377 1217 446 nocie
1227 392 1311 451 quam
1323 376 1425 434 nostris
1438 375 1530 433 dicitis
1544 373 1676 434 tratribus
1695 376 1792 434 immi·

144 473 203 548 ejus
214 470 377 531 desolationi
395 484 444 542 pro
465 466 569 524 viribus
593 482 748 538 occurrere,
768 468 897 542 opitulari
911 477 941 527 et
993 486 1059 530 nere
1069 470 1201 545 principis
1209 470 1337 541 udi03vel
1346 486 1382 528 ne
1394 469 1424 526 bi
1437 469 1485 544 qni
1495 469 1532 528 de
1539 467 1792 544 diversispartrbus

145 568 299 635 consulere,
314 561 394 619 elicii
406 560 496 619 nostri
520 559 683 620 necesitate
701 561 878 636 impellimur.
896 562 943 621 Si·
994 563 1111 622 inuicem
1124 563 1314 635 inimicantur,
1328 564 1392 621 siin
1407 579 1495 621 unum
1513 562 1793 637 convenienteque

147 658 289 717 moniacns
301 655 430 713 animilia
442 654 876 730 Herimannusdictnsepiscopus
888 655 942 714 boc
995 657 1029 716 ad
1038 657 1233 717 internecionis
1245 657 1317 716 bella
1329 665 1505 732 consurgant.
1527 658 1596 729 Que
1609 672 1675 715 sane
1696 656 1793 715 omnis

147 746 405 822 annoedsynodum
412 748 941 823 llomamvocatusvenirecontempsit3
994 752 1060 809 satis
1073 752 1197 810 ridentur
1218 752 1254 810 ed
1274 751 1430 826 cuiuspiam
1445 751 1653 810 excusationem
1680 749 1791 808 idonea.

145 843 194 902 sed
207 858 272 900 cum
284 841 397 914 propius
407 844 529 899 Romam
543 842 711 913 accessisset,
725 841 754 899 in
763 842 864 901 itinere
877 841 942 900 sub·
995 846 1101 903 Verum
1110 844 1344 905 si'consideremus
1351 854 1486 920 quantum
1503 845 1540 903 ab
1550 844 1678 903 humanis
1686 845 1792 918 iudicis

144 936 225 1007 stitit,
236 945 266 994 et
274 935 446 1009 premittens
459 937 573 994 nmtics
591 952 658 995 suos
671 953 736 995 cum
749 936 868 1010 copiosis
882 953 944 994 mn·
995 937 1209 1011 distantdivina,
1219 940 1290 997 nihil
1302 955 1370 1014 pene
1382 940 1533 1014 reperimus
1543 939 1618 1013 quod
1629 939 1659 996 in
1672 953 1792 1012 superno

1 1011 2 1019 ἵ
78 1024 80 1028 '
145 1029 267 1100 neribus,
280 1037 348 1087 noto
366 1028 418 1087 sibi
428 1029 544 1087 artificio
565 1030 752 1089 innocontiam
774 1039 944 1089 nostramet
995 1032 1119 1090 examine
1141 1034 1297 1092 excusabile
1322 1032 1506 1107 proferamus,
1527 1042 1559 1090 ut
1571 1033 1606 1090 ab
1632 1032 1792 1090 animarum

146 1122 318 1182 contratrum
340 1132 499 1180 nostrorum
522 1122 705 1197 integritatem
718 1123 843 1197 pactione
862 1139 944 1198 pecu
996 1126 1079 1185 lucris
1092 1126 1195 1184 retrahi
1207 1126 1269 1185 sine
1281 1127 1402 1202 periculo
1424 1128 1583 1197 valeamus3
1609 1141 1666 1184 non
1689 1125 1793 1184 damna

146 1218 201 1276 nie
212 1225 357 1287 stentare,
368 1225 460 1303 atque,
476 1216 498 1273 si
511 1215 569 1274 lieri
579 1225 679 1290 posset,
689 1233 865 1291 corrumpere
880 1233 943 1275 rno-
995 1220 1131 1295 siquidem
1141 1236 1245 1290 rerum,
1264 1237 1322 1279 non
1335 1222 1473 1279 malornm
1494 1220 1656 1290 simultates,
1680 1225 1730 1277 aut
1750 1218 1793 1278 irs

146 1317 211 1375 litus
219 1323 271 1373 est.
287 1316 369 1389 Quod
380 1313 427 1371 ubi
440 1322 539 1387 preter
548 1330 626 1388 spem
635 1314 735 1386 evenit,
741 1313 803 1388 jam
817 1314 853 1373 de
865 1314 944 1374 dam·
997 1323 1150 1388 potentum,
1160 1331 1216 1373 non
1227 1314 1314 1389 ipsius
1321 1315 1416 1373 salum
1430 1330 1540 1389 quoque
1555 1321 1659 1372 nostre
1671 1312 1794 1388 vimque

147 1411 257 1469 nasone
287 1425 336 1467 sua
364 1408 498 1477 securior,
529 1407 689 1468 festinanter
711 1409 884 1479 retrocessit,
916 1415 945 1466 et
996 1407 1183 1482 dispendium.
1203 1407 1301 1466 lnboc
1315 1408 1417 1482 quippe
1432 1406 1793 1480 mercenariiapsstorrbus

146 1503 254 1562 blandis
265 1501 462 1575 fallacibusque
486 1501 629 1576 promissis
652 1502 817 1560 clericorum
838 1501 885 1577 qui
897 1517 942 1561 se·
996 1500 1100 1560 distant
1111 1503 1185 1577 qnod
1194 1502 1233 1571 hi,
1246 1502 1311 1575 lupo
1325 1502 1460 1570 veniente,
1475 1501 1608 1559 dumsibi
1621 1499 1793 1559 nonoribus

146 1613 211 1656 cum
224 1604 301 1655 erent
313 1596 420 1654 animas
438 1595 655 1667 lactans,aiebat
666 1612 706 1667 se,
726 1596 883 1671 sipatrism
900 1611 943 1654 re·
996 1603 1133 1668 mearunt,
1153 1596 1241 1671 grapa
1253 1595 1435 1670 direptionem
1454 1595 1706 1668 dispersionemque
1725 1609 1794 1652 oon·

146 1690 247 1767 pedere
271 1699 373 1765 pussru,
394 1690 430 1747 ab
443 1690 603 1764 episcopatu
615 1699 825 1749 cessatrunmet
845 1705 942 1748 mona·
995 1697 1160 1760 temnentes,
1172 1690 1213 1747 eis
1231 1688 1345 1760 relictis,
1357 1688 1507 1763 effugiunt3
1531 1696 1655 1762 pastores
1666 1703 1731 1746 vero
1743 1686 1792 1761 qui

92 1850 95 1863 ,
145 1788 220 1846 stice
229 1786 292 1844 vitae
305 1783 506 1858 professionem
522 1783 690 1842 subiturum.
706 1786 798 1857 Quem
819 1783 942 1857 sponsio·
960 1749 1061 1842 Bsnas
1073 1783 1190 1858 diligunt
1202 1799 1283 1853 oves,
1302 1798 1349 1842 eas
1362 1797 1539 1857 nequequam
1555 1780 1685 1840 deseramt
1696 1779 1795 1839 immi-

147 1896 213 1939 nem
236 1879 354 1954 qualiter
372 1877 542 1951 impleverit,
570 1878 762 1937 celsitudinem
785 1887 877 1948 tuam,
902 1877 943 1935 till
995 1886 1079 1935 nente
1100 1877 1230 1951 periculo,
1250 1893 1301 1950 pro
1328 1877 1428 1951 quibus
1443 1891 1553 1950 quoque
1587 1891 1646 1933 non
1664 1875 1795 1933 dubitant

91 2022 94 2027 .
145 1967 317 2041 charissime,
329 1987 385 2030 non
396 1971 472 2028 latet.
486 1971 561 2042 Quin
573 1973 659 2030 etiam
668 1972 815 2030 temeraria
827 1971 943 2030 ulterius
995 1972 1116 2045 proprie
1130 1972 1192 2031 vite
1203 1971 1296 2030 subire
1309 1970 1434 2028 endum.
1451 1971 1624 2044 Quapropter
1642 1975 1750 2044 oportet
1763 1974 1794 2026 et

147 2082 307 2141 progressus
326 2064 450 2133 audacia,
465 2064 581 2122 clericos
601 2065 730 2123 Ecclesie
741 2081 809 2134 sue,
824 2065 943 2123 salutem
994 2081 1048 2123 nos
1072 2065 1170 2124 studiis
1196 2064 1341 2139 pastoralis
1370 2063 1456 2122 oldcii
1477 2064 1606 2122 insistere
1636 2063 1792 2138 vigilanter,

146 2169 175 2219 et
188 2160 321 2218 honorem
341 2167 508 2232 querente,
528 2159 609 2216 bonis
621 2159 680 2217 suis
699 2158 881 2233 despoliavit,
902 2167 941 2230 et,
996 2167 1078 2232 atque
1101 2158 1136 2217 ad
1157 2158 1271 2217 Domini
1289 2158 1406 2233 gloriam
1429 2158 1526 2216 ovium
1549 2172 1658 2231 semper
1678 2169 1794 2214 mmm

147 2254 201 2311 nisi
215 2268 279 2311 eum
292 2261 351 2323 tna,
365 2260 396 2309 nt
414 2251 578 2322 audivimus,
602 2252 701 2327 regalis
715 2252 835 2326 potentia
856 2252 941 2312 reiro·
995 2252 1114 2310 salutem
1127 2267 1261 2326 querere,
1276 2251 1312 2309 ad
1323 2252 1413 2326 gregis
1431 2250 1588 2309 custodiam
1601 2250 1692 2309 socios
1713 2249 1795 2307 insti·

146 2347 241 2421 gisset,
252 2345 359 2418 penitus
369 2344 549 2403 confudisset.
565 2345 617 2402 liis
631 2345 785 2403 excessibus
800 2345 942 2420 diligenter
994 2362 1073 2422 gare,
1096 2355 1125 2404 et
1150 2353 1183 2404 ut
1200 2354 1276 2404 recto
1294 2360 1388 2419 passu
1408 2345 1565 2403 commissis
1582 2344 1677 2403 ovibns
1688 2356 1793 2417 prece·

32 2462 41 2476 ·
147 2437 337 2509 consideratis,
358 2438 394 2495 ab
417 2438 565 2511 episcopali
587 2454 651 2497 eum
670 2447 755 2512 atque
777 2438 940 2498 sacerdotali
994 2440 1062 2497 dant
1090 2438 1236 2498 salubriter
1263 2452 1454 2497 commonere.
1484 2440 1612 2512 Namque
1638 2439 1663 2496 si
1693 2436 1794 2495 iratres

147 2533 238 2592 oliicio
266 2532 424 2606 dejecimus.
454 2535 569 2606 iusuper
591 2532 724 2605 quoniam
750 2532 941 2606 sambergcn-
994 2541 1105 2592 nostros
1127 2532 1332 2591 consideremus
1353 2531 1531 2606 delinquere,
1557 2540 1585 2588 et
1607 2538 1742 2600 memus,
1769 2531 1794 2587 si

25 2656 30 2662 ·
143 2642 203 2684 sem
230 2626 393 2699 Ecclesiam,
432 2624 581 2698 apostolica
610 2625 684 2684 beati
719 2626 793 2683 Petri
823 2626 942 2684 uritioru
993 2626 1116 2700 denique
1130 2641 1233 2698 errare,
1247 2635 1275 2683 et
1289 2641 1347 2683 non
1361 2641 1408 2683 eos
1421 2623 1456 2683 ad
1468 2624 1646 2682 rectitudinis
1660 2624 1795 2681 semitam

141 2720 292 2791 munitam,
314 2718 451 2777 crudelius
484 2726 566 2792 atque
590 2718 734 2778 molestius
766 2735 853 2793 quam
876 2724 941 2777 ante
995 2720 1133 2778 monendo
1146 2735 1274 2778 revocare
1284 2734 1426 2787 conemur,
1440 2726 1572 2776 nonneet
1586 2718 1638 2791 ipsi
1651 2716 1794 2790 delinqui·

141 2813 273 2872 iniectare
305 2812 489 2888 presumpsit,
516 2812 698 2871 anathematis
735 2829 799 2871 eum
832 2813 941 2872 vinculo
993 2829 1066 2884 mus,
1090 2822 1118 2870 et
1132 2829 1224 2872 errare
1238 2815 1340 2872 merito
1357 2810 1537 2886 judicamur?
1553 2812 1659 2870 etenim
1682 2811 1730 2882 qui
1743 2823 1794 2868 ns·

139 2906 331 2965 innodavimus
345 2906 433 2965 donee
444 2906 657 2965 ecclesiasticam
668 2906 832 2982 dignitatem
844 2906 939 2965 illicite
993 2906 1071 2981 gligit
1095 2907 1189 2981 culpas
1213 2906 1378 2977 emendare,
1409 2904 1568 2963 committit.
1595 2906 1631 2961 Et
1653 2918 1704 2961 cur
1729 2902 1795 2961 Heli

141 3000 435 3075 usurpatamdeponat,
443 2999 692 3059 etsenihilominus
701 2999 775 3058 sedis
782 3000 938 3073 apostolice
992 3000 1120 3058 sacerdos
1138 3001 1168 3058 in
1187 2999 1243 3059 Silo
1258 3000 1358 3074 periit?
1379 3008 1408 3058 et
1421 2999 1487 3073 quid
1500 3006 1543 3056 est
1558 2997 1631 3072 quud
1656 2996 1795 3055 Dominus

137 3094 241 3169 judicic
259 3102 445 3168 representet.
458 3096 538 3151 Nunc
551 3109 628 3168 ergo,
643 3093 870 3151 excellentissime
886 3092 939 3165 tili,
996 3093 1121 3167 loquitur
1140 3109 1190 3168 per
1217 3094 1396 3168 prophetam?
1418 3093 1590 3162 Maledictus,
1609 3089 1708 3165 inquit,
1744 3090 1797 3163 qui

142 3187 339 3247 sublimitatem
348 3196 423 3244 tuam
442 3185 595 3258 hortamur,
614 3194 642 3245 ct
654 3193 819 3274 prunestre
836 3185 941 3244 sollici·
958 3148 1249 3260 cprelu'betgludtura
1262 3202 1365 3244 sauma
1383 3190 1521 3259 sanguiue.
1536 3189 1601 3255 (ter.
1620 3183 1742 3256 rems),
1765 3181 1795 3241 id

141 3281 248 3340 tudinis
278 3280 371 3339 debito
401 3279 566 3350 suademus,
599 3289 630 3337 nt
656 3279 850 3354 religiosorum
876 3296 943 3339 con·
995 3289 1038 3339 est
1061 3280 1177 3338 verbum
1206 3279 1406 3354 predicationis
1426 3279 1607 3338 acarnalinm
1628 3278 1690 3335 vite
1712 3276 1795 3335 inter·

143 3375 206 3434 silio
219 3375 343 3433 virorum
364 3372 461 3432 eadem
487 3373 601 3432 ecclesia
620 3375 661 3432 ita
675 3373 831 3433 erundum
852 3375 944 3432 Deum
996 3372 1124 3434 tectione.
1139 3376 1180 3434 Ut
1201 3383 1294 3432 antem
1308 3373 1384 3432 adid
1398 3373 1475 3448 quod
1493 3372 1528 3431 ad
1550 3386 1669 3447 presens
1694 3370 1796 3445 premit

142 3469 297 3538 ordinetur,
312 3476 447 3542 quatenus
460 3467 536 3526 beati
549 3465 945 3542 Petri,cujnsnomiuietdo·
995 3469 1118 3526 smmum
1132 3476 1161 3526 et
1177 3468 1252 3542 quod
1280 3467 1356 3541 quasi
1382 3475 1520 3526 causaest
1543 3466 1633 3524 nostri
1654 3465 1796 3524 sermonis

141 3562 257 3622 fensioni
271 3563 409 3621 attitulata
422 3569 475 3631 est,
490 3561 694 3632 intercessione,
721 3560 822 3620 diuite
838 3577 944 3620 merea·
997 3563 1147 3633 veniamus,
1165 3562 1306 3636 quomodo
1320 3577 1353 3620 ea
1368 3562 1504 3634 patienter
1530 3559 1653 3635 perferre
1671 3559 1796 3618 memus

143 3655 183 3713 ris
207 3655 335 3713 obtinere
360 3653 489 3727 sutfragia
501 3654 687 3728 protectionis.
710 3654 782 3725 Quid
811 3670 874 3713 vcro
892 3655 943 3712 bac
996 3671 1058 3730 que
1070 3655 1106 3714 de
1114 3655 1204 3713 fratris
1215 3655 1318 3713 nostris
1337 3653 1558 3729 strasburgensis
1572 3651 1693 3726 episcopi
1706 3652 1795 3710 morl·

143 3748 201 3822 ipsa
213 3746 342 3805 decanea
355 3744 492 3820 sigefrido
514 3745 646 3804 confratri
666 3755 763 3806 nostro
776 3748 944 3823 Moguntino
996 3749 1049 3807 bus
1066 3750 1226 3818 audivimus,
1248 3757 1277 3808 et
1292 3759 1365 3808 certa
1380 3764 1440 3808 esse
1458 3748 1593 3806 nonnulla
1611 3745 1701 3806 veraci
1725 3746 1795 3805 rela-

142 3841 280 3916 spiseopo,
293 3847 322 3897 et
332 3837 422 3896 eidem
431 3838 626 3914 bambergensi
636 3838 709 3896 clero
719 3847 749 3897 et
763 3842 865 3913 populo
877 3840 944 3899 scri·
997 3843 1073 3901 tione
1084 3842 1371 3918 cognovimuslUnde
1383 3844 1511 3901 volumus
1521 3850 1604 3916 atque
1617 3840 1795 3916 precipimus

143 3932 256 4009 pserim,
272 3949 306 3990 ex
319 3931 418 3988 litteris
430 3930 465 3989 sd
486 3946 534 3990 cos
547 3931 621 3990 datis
638 3930 673 3990 ad
693 3931 828 4006 liquidum
841 3933 944 4006 poteris
997 3945 1132 4012 quatenus
1155 3953 1253 4007 unum,
1273 3935 1351 4010 quod
1363 3935 1439 4010 apud
1464 3950 1515 3994 nos
1539 3933 1631 3994 adbuc
1653 3941 1750 3992 manet
1764 3934 1796 3992 in

143 4042 321 4103 regnumre-
997 4030 1123 4103 dubium,
1143 4031 1310 4089 Simoniacse
1323 4029 1450 4088 videlicet
1463 4029 1600 4088 hereseos
1624 4027 1794 4102 contagium,

181 4121 249 4179 Data
259 4123 370 4190 Rome,
384 4115 580 4179 decimotertio
589 4118 730 4178 Kalendas
743 4121 871 4197 Augusti.
998 4124 1142 4199 diligenter
1161 4123 1302 4193 ἀίοοιιῑῑοο,
1330 4132 1359 4183 et
1372 4123 1505 4198 quidquid
1526 4137 1607 4196 super
1626 4137 1660 4180 eo
1683 4128 1796 4180 certm
1831 4142 1835 4151 ¹

419 4224 598 4283 nstsrots
625 4225 673 4282 lv.
998 4220 1133 4293 repereris
1150 4219 1230 4276 nobis
1241 4218 1371 4275 intimare
1390 4232 1449 4275 non
1462 4215 1588 4288 dilieras,
1609 4213 1796 4290 quatenns,sl

144 4335 186 4381 nn
206 4333 396 4379 srusrarnurt
422 4333 635 4378 ιοοιιιιιιιιοιι
664 4334 944 4380 rscnmrscosnss.
999 4328 1094 4371 verum
1104 4311 1198 4381 inerit,
1211 4311 1313 4370 curari
1325 4310 1542 4369 ecclesiaranus
1552 4307 1679 4368 'ordiblss
1697 4323 1797 4366 immi·

440 4417 533 4482 (Annc
560 4417 652 4481 1⁰7⁵.)
997 4404 1089 4476 detur,
1109 4413 1137 4462 et
1154 4404 1228 4463 illins
1246 4405 1358 4474 anime,
1374 4419 1409 4463 ne
1422 4411 1534 4479 pereat,
1553 4401 1751 4470 subveniente
1770 4400 1797 4460 sl

144 4509 278 4567 Hortatur
299 4510 337 4565 ad
357 4507 494 4580 pastorale
524 4523 621 4564 meuse
643 4506 758 4576 fideliter
782 4509 942 4565 abeundum.
957 4525 985 4592 Ι)
998 4515 1064 4558 vero
1081 4497 1166 4572 (quod
1185 4498 1275 4573 magis
1291 4503 1427 4572 optamus)
1448 4495 1561 4567 falsum,
1579 4503 1656 4554 tante
1678 4493 1796 4552 iniamia

180 4582 306 4664 Pioevi'ili'l
332 4586 364 4666 ut
380 4581 503 4664 intulisti
520 4593 586 4663 uum
611 4578 828 4664 simillimis
848 4581 944 4664 iiiiii&
998 4593 1093 4668 presul
1107 4593 1143 4651 ab
1159 4608 1203 4664 ec,
1218 4592 1428 4666 adjuvantenos
1440 4589 1532 4649 divina
1550 4588 1646 4665 gratia,
1659 4587 1796 4664 propella-

178 4653 492 4806 {fflwfflffi
503 4650 940 4792 {fff'mffiemssffl
998 4697 1052 4797 tur:
1072 4687 1115 4745 illi
1135 4703 1199 4747 vero
1223 4688 1272 4795 qui
1285 4688 1379 4745 dicunt
1392 4684 1538 4745 concilium
1562 4681 1640 4758 qnod
1653 4681 1733 4740 vobis
1753 4682 1797 4807 im

180 4797 389 4920 mxuma}
402 4799 432 4849 ut
443 4796 590 4851 Samousum
610 4796 637 4848 et
648 4795 859 4861 remeationem
872 4794 941 4850 cuel-
994 4775 1796 4951 fflutffidglfutgfflfftussraffigugffissffi

389 4905 397 4919 .
1084 4894 1126 4934 ml
1306 4916 1315 4943 ,

182 4963 777 5038 Gsseomusepiscopus,servusservorum
786 4969 848 5040 Dei,
858 4969 942 5029 Smn-
995 4971 1058 5042 niti,
1079 4969 1147 5046 quid
1160 4978 1227 5028 tunc
1244 4976 1335 5028 essem
1349 4968 1449 5038 acturi,
1469 4981 1535 5025 cum
1551 4965 1646 5023 bostes
1666 4964 1698 5020 in
1719 4962 1796 5038 regia

148 5074 243 5119 rsrno
256 5058 423 5133 moguntino
432 5057 653 5132 archiepiscopo,
667 5061 820 5121 edummet
833 5071 944 5136 aposto·
995 5065 1057 5122 aula
1070 5065 1153 5122 armis
1161 5064 1221 5137 ism
1235 5071 1263 5121 et
1273 5063 1334 5137 igne
1345 5062 1495 5119 sevirent?
1509 5060 1611 5117 Dicant
1621 5071 1689 5130 ergo
1698 5064 1798 5115 οῑιοοι

146 5155 227 5212 ilem
239 5152 467 5212 benedictionem.
995 5174 1073 5218 arma
1085 5156 1262 5216 deberentad
1273 5158 1347 5230 ipsos
1364 5149 1706 5228 bostespcrtnrbandoset
1725 5164 1796 5209 con·

182 5247 318 5306 Plurimus
335 5246 364 5304 in
385 5245 440 5304 tuis
462 5243 571 5316 litteris,
595 5241 690 5317 irater,
714 5247 898 5318 excusabiles,
914 5258 943 5307 ct
995 5251 1124 5309 terendm
1135 5250 1270 5309 violenter
1279 5250 1427 5323 corripere,
1440 5265 1476 5307 en
1489 5245 1659 5321 quidbostes
1678 5251 1798 5319 egerent

146 5348 281 5415 qusnbrm
318 5338 353 5397 ad
380 5338 534 5396 humanum
561 5347 666 5412 spectat
683 5339 817 5414 judicium
841 5332 955 5401 validas‘
995 5350 1106 5402 uatum
1118 5344 1222 5403 inertes
1241 5341 1426 5402 considerare.
1447 5339 1520 5412 Quid
1533 5340 1610 5398 enim
1622 5336 1701 5398 alind
1714 5336 1797 5396 msli·

147 5433 283 5508 protulisti
297 5433 425 5491 rabones.
440 5433 499 5490 Nec
509 5431 591 5489 nobis
610 5446 719 5505 quoqne
732 5433 888 5494 riderentur
897 5435 944 5495 in·
996 5437 1043 5511 gni
1053 5436 1167 5510 spiritus
1184 5445 1281 5511 agunt,
1292 5437 1348 5494 nisi
1359 5433 1434 5509 quod
1447 5432 1547 5492 Christi
1559 5431 1712 5491 Ecclesiam
1731 5430 1797 5506 igne

147 5524 245 5598 mure,
260 5526 284 5585 si
299 5523 459 5601 brinsmodi
470 5533 584 5599 poeent
601 5525 631 5582 in
643 5524 735 5585 divino
749 5542 800 5586 nos
819 5529 945 5588 sumine
996 5529 1126 5588 vitiorum
1134 5531 1303 5588 incessmter
1313 5528 1455 5587 dmasure
1467 5524 1656 5586 enundnntr
1667 5525 1707 5583 Et
1724 5522 1799 5599 quid

148 5636 289 5682 excusare.
324 5621 399 5677 llata
423 5617 563 5692 siquidem
585 5617 693 5677 videtur
711 5621 849 5680 οιοιιοοῑίο
868 5623 946 5698 regni
995 5623 1084 5698 regios
1097 5623 1210 5694 milites,
1224 5632 1335 5683 sanum
1355 5621 1482 5681 videlieet
1494 5617 1668 5689 οοοοιιῑοῐοι,
1681 5624 1798 5692 oportet

146 5723 240 5774 motus
252 5728 284 5772 ec
297 5711 475 5797 penurbgtio,
490 5707 561 5769 bella
578 5717 607 5769 et
622 5711 781 5785 seditiones,
791 5714 945 5774 invasiones
995 5715 1095 5789 iacere,
1107 5716 1162 5776 nisi
1175 5716 1307 5776 adversus
1319 5731 1417 5775 eorum
1433 5713 1569 5775 seutiam
1590 5712 1689 5788 clypeo
1703 5708 1798 5769 aba&

15 5836 19 5903 ζ
146 5807 270 5870 hosfium
290 5823 324 5865 ac
341 5786 457 5880 persilio
480 5821 573 5864 rernm
594 5814 762 5881 vestrarum,
788 5808 946 5884 inruperat
998 5810 1063 5870 tatis
1080 5811 1205 5871 munitos
1223 5809 1314 5885 gladie
1333 5807 1505 5870 urimrebt
1521 5805 1802 5869 mmeri-
