3884 6158
145 297 202 353 337
713 301 811 358 Lissa
830 303 963 361 PRIMUS.
983 334 1018 345 —
1037 306 1141 364 aelst.
1161 308 1236 366 lxii.
1656 320 1660 327 ’
1747 314 1800 369 338

141 421 296 493 suscepisse
307 419 487 494 dignoscitur.
510 426 613 480 verum
633 434 779 507 postquam
794 428 942 499 apostolica
958 436 1045 502 Aper
1065 432 1206 502 epistolam
1228 441 1351 489 nostram
1365 430 1469 488 duriter
1491 432 1699 507 increpavimus,
1718 435 1801 491 inter·

142 514 236 582 sedes,
263 524 373 589 accepta
396 514 501 590 praefati
522 517 641 592 episcopi
664 519 848 591 qucrimonia,
871 538 944 594 soepe
998 518 1119 577 dieentes
1142 523 1167 577 ei
1186 538 1220 578 ne
1241 521 1355 578 ulterius
1377 537 1406 577 se
1425 521 1583 594 hujusmodi
1601 525 1696 580 inertia
1719 525 1800 593 [farte

142 625 192 683 per
214 608 352 682 epistolas,
374 609 517 684 aliquoties
537 610 619 668 etiarn
642 628 690 685 per
712 613 813 686 legatos
833 631 943 673 cauam
996 609 1120 678 audacia]
1144 617 1170 666 et
1187 608 1312 667 fatalitate
1332 625 1466 682 occupare
1488 610 1608 683 incipiat.
1624 616 1755 669 Attamen
1773 615 1796 671 si

142 702 217 773 justo
230 703 284 759 fine
297 703 478 761 determinans
496 712 524 761 et
545 704 621 761 litem
643 722 815 779 compescere
828 707 943 767 desuda.
996 697 1061 769 quid
1075 697 1221 756 adversum
1234 709 1260 756 te
1273 700 1415 756 temerario
1426 700 1526 772 jedida
1544 701 1646 771 fecerit,
1660 712 1797 787 praeventu

141 805 235 865 '01213
252 804 320 853 mne
338 796 452 854 demum
466 798 594 871 gvpgpam
613 800 721 856 „operata
740 809 786 858 pua
800 804 942 875 negotium
996 788 1154 858 apostalicae
1168 788 1337 845 auctoritatis
1355 797 1430 844 tutus
1451 796 1532 861 atque
1543 789 1683 860 defensus,
1708 790 1796 849 donec

140 890 345 960 animadvertit,
370 891 426 947 suis
449 890 503 949 bac
528 891 743 952 discussionibus
771 895 943 954 referendum
998 877 1098 931 “esum
1118 874 1153 933 ad
1175 885 1202 933 ¹⁰
1225 885 1319 932 ¹¹⁰⁸ffl¹
1341 876 1440 949 Ιθὲἃῑῑθ
1460 876 1620 947 lelfffifflia
1636 895 1685 950 pro
1709 878 1794 938 fllhfl⁰

139 998 199 1041 csse
209 983 344 1057 judicarit
356 993 384 1041 et
405 983 518 1042 fratrem
531 1002 579 1058 per
596 988 744 1059 apostolica
758 988 888 1062 suffragia
908 990 942 1047 ad
997 964 1090 1033 duffii
1106 966 1249 1039 m³ss⁵⁸q¹¹⁰
1262 965 1313 1066 sibi
1332 964 1365 1021 ad
1380 965 1540 1038 Wiwlumr
1554 982 1637 1039 quam
1656 968 1706 1067 ‚tibi
1720 968 1793 1024 futu·

140 1086 252 1151 portum
271 1077 381 1150 justitiae
394 1087 423 1135 et
444 1080 541 1151 quietis
559 1089 715 1137 enatantem
733 1083 761 1138 in
776 1082 943 1155 prafundum
995 1072 1059 1114 “¹¹¹¹
1072 1070 1131 1111 ⁰⁸⁸⁰
1149 1071 1204 1111 ⁰⁰¹¹
1219 1056 1352 1128 amm·
1374 1056 1411 1111 ΒΘ
1428 1063 1528 1112 ⁰ae¹⁰¹⁰
1548 1055 1701 1128 ⁰⁹⁰st⁰¹¹⁰i⁸
1714 1057 1793 1115 bem·

141 1171 244 1240 (credo)
268 1172 433 1230 renovandae
457 1175 638 1231 contentionis
658 1184 685 1232 et
710 1176 834 1233 laborum
856 1186 942 1234 retra·
996 1144 1160 1203 di⁰fi⁰⁰ib⁰⁸
1174 1159 1284 1244 semper.
1302 1151 1329 1200 te
1348 1143 1485 1243 mimum
1504 1159 1563 1201 ⁰⁵⁸⁶
1576 1146 1703 1247 gande&
1727 1236 1733 1248 .
1775 1238 1780 1249 .

1032 1237 1104 1290 Data
1116 1236 1216 1290 Romae
1228 1231 1334 1289 decimo
1344 1240 1439 1304 quanto
1452 1232 1593 1291 Kalendas
1602 1234 1714 1306 Aprilis,
1725 1236 1793 1294 inda·

996 1323 1085 1379 ctianc
1098 1319 1273 1378 duodecima.

1255 1415 1432 1471 EPISTOLA
1450 1416 1541 1471 LXll.

1070 1522 1112 1566 dl)
1133 1524 1285 1567 sticourt!
1305 1523 1450 1565 ΔΒΒΔΤΒΗ
1469 1523 1718 1569 ctuultcsllssls.

139 1264 332 1322 bereraluisti.
348 1268 524 1340 Quamquam
539 1268 621 1341 igitur
634 1269 699 1326 binc
715 1269 797 1327 oflicii
814 1271 854 1327 tui
867 1271 943 1328 incu-

139 1357 193 1425 ria,
221 1358 297 1415 illinc
324 1369 452 1432 suscepta
469 1360 599 1418 adversus
632 1364 807 1435 apostolicam
832 1363 942 1435 sedem,

139 1459 284 1509 meante
306 1461 352 1524 te,
372 1455 525 1526 arrogantia
548 1455 646 1513 merita
669 1457 696 1512 in
727 1466 754 1513 tc
774 1461 940 1516 commoveri

140 1544 316 1615 deberemus3
329 1554 438 1605 utentes
451 1556 544 1604 umen
557 1550 704 1621 apostolica
722 1551 939 1622 mansuetudine,
1287 1599 1378 1663 (Anno
1401 1598 1490 1667 107⁴)

140 1637 297 1789 miza?
311 1637 513 1789 ἐὲφοῃθωυε
543 1640 642 1699 affectu
674 1659 709 1700 Μ
740 1644 854 1702 umus
882 1655 940 1751 Ψ
995 1695 1116 1749 iliratar
1133 1691 1244 1747 eumad
1262 1692 1429 1745 visitandam
1447 1692 1721 1761 apostaliaamsadem
1739 1710 1792 1750 aaa

293 1774 301 1801 ι
380 1735 531 1791 ¹⁰⁰⁰⁰⁸¹¹¹¹³
547 1742 777 1808 lfaesumastffl]
792 1739 941 1810 ³9⁰⁵t⁰¹¹⁰³
1031 1766 1280 1819 accessissemus
1300 1763 1331 1816 id
1350 1764 1435 1830 [aaut
1452 1768 1478 1816 et
1499 1764 1601 1829 fratres
1624 1778 1686 1819 suas
1702 1780 1793 1835 preces

138 1824 238 1897 judicia
258 1842 317 1882 non
333 1826 406 1896 dico,
424 1828 483 1896 tibi,
507 1828 556 1885 sed
578 1846 628 1886 nec
647 1829 694 1886 ulli
713 1831 939 1904 patriarcharum,
955 1816 979 1879 Β
1027 1850 1119 1905 prosa
1137 1835 1256 1902 [ιιιιιιειι
1270 1839 1353 1889 caret.

141 1926 182 1975 aut
194 1919 347 1992 primatum
367 1921 530 1978 retractandi
555 1922 692 1979 licentiam
712 1923 772 1981 fare
786 1924 932 1989 existimes,
1014 1926 1793 1999 Gnrcoarusepiscopus,servusserrarumDei,llnaoar

142 2022 281 2070 necantra
302 2024 424 2071 mncmm
449 2019 606 2073 Romanam
622 2018 771 2075 Ecclesiam
785 2019 934 2091 quidquam
988 2020 1077 2077 abbati
1098 2020 1267 2078 cluniacensi
1282 2019 1399 2077 salutem
1426 2029 1455 2075 et
1477 2020 1654 2093 apostolicam
1678 2021 1791 2079 benedi-

141 2105 182 2163 trbi
198 2108 350 2165 attribuere
362 2108 404 2165 vel
416 2108 506 2166 moliri
528 2112 644 2182 cogites,
667 2111 726 2167 sinc
747 2112 825 2184 cujus
846 2112 933 2169 abun·
988 2114 1119 2171 cuonem.

141 2198 208 2257 danti
231 2200 388 2271 clementia,
412 2218 462 2259 nec
489 2202 518 2259 in
543 2204 604 2261 loco
627 2204 738 2277 quidem
765 2210 825 2274 tuo,
849 2215 880 2261 ut
904 2214 934 2261 tu
1024 2207 1106 2264 Grata
1121 2207 1237 2264 nobiset
1250 2206 1337 2263 dulcia
1350 2206 1508 2263 suntvarba
1523 2215 1624 2276 vestra,
1639 2206 1689 2264 sed
1700 2209 1790 2266 multo

142 2295 190 2366 ipse
202 2295 288 2365 nosti,
309 2295 459 2353 subsistere
479 2306 566 2369 pates.
586 2302 643 2355 Nos
665 2300 777 2367 etenim,
791 2299 935 2372 adjuvante
989 2300 1106 2358 uberiori
1121 2299 1299 2358 delectatione
1312 2315 1365 2357 nas
1378 2309 1515 2373 caperent,
1528 2301 1551 2357 si
1569 2308 1658 2357 restra
1673 2301 1790 2358 charitas

142 2389 203 2455 lieo,
229 2404 279 2460 per
304 2390 494 2448 auctoritatem
519 2391 590 2448 beati
610 2393 693 2461 Petri,
720 2392 790 2449 sicut
807 2393 867 2466 jam
887 2393 935 2449 diu
988 2393 1127 2451 ardentius
1163 2410 1224 2467 erga
1253 2397 1410 2450 Romanam
1435 2392 1553 2450 ferveret
1570 2394 1732 2451 Ecclesium.
1757 2398 1788 2451 ln

142 2481 340 2554 inapostolica
375 2484 439 2540 sede
463 2484 605 2541 decretum
633 2495 685 2555 est,
709 2487 780 2543 inter
808 2486 935 2558 praelatos
989 2486 1042 2544 hoo
1051 2488 1123 2543 enim
1134 2487 1285 2544 dilectionis
1296 2496 1393 2544 restrae
1404 2485 1545 2543 flammatu
1558 2486 1677 2543 residere
1691 2488 1787 2560 depre-

142 2574 276 2648 opiscopas
315 2576 392 2633 litem
428 2576 498 2649 juste
537 2578 676 2647 decidere,
713 2588 741 2636 et
777 2581 935 2636 llorurensi
989 2580 1145 2649 baudimus,
1170 2580 1244 2653 quod
1270 2580 1487 2638 consolationem
1509 2588 1605 2637 restrae
1630 2580 1789 2638 visitationis

141 2668 263 2726 loclesiae
272 2684 336 2742 quae
348 2670 466 2743 suijuris
477 2680 541 2728 sunt
553 2670 700 2730 decernere
712 2684 740 2730 et
753 2675 934 2732 corroborare
989 2674 1069 2730 toties
1082 2674 1225 2746 quaesitam
1247 2674 1370 2729 invenire
1387 2689 1443 2729 non
1458 2688 1613 2745 possumus.
1630 2673 1662 2730 ld
1676 2673 1786 2747 quidem

144 2763 353 2833 procurabimus.
989 2783 1044 2823 nan
1069 2767 1128 2824 aliis
1149 2766 1377 2839 occupationibus
1397 2766 1493 2822 restris
1511 2766 1706 2839 imputandum
1729 2783 1787 2823 esse

171 2858 238 2913 liata
254 2860 355 2914 llomae
372 2856 482 2916 decimo
501 2860 598 2932 quinto
610 2860 749 2917 Kalendas
763 2862 874 2933 Aprilis,
888 2862 932 2919 in·
989 2860 1136 2928 credimus,
1159 2860 1212 2916 nisi
1236 2859 1310 2933 quad
1331 2859 1505 2915 sanctitatem
1532 2866 1651 2915 vestram
1678 2859 1787 2917 labores

143 2948 254 3006 dictione
278 2950 452 3008 duodecima.
990 2953 1092 3027 fugere,
1114 2962 1142 3010 et
1155 2953 1294 3024 aliquanto
1315 2952 1440 3025 gratiora
1461 2952 1582 3024 negotia,
1606 2953 1682 3024 quasi
1703 2954 1785 3025 pigri·

399 3054 578 3113 EplsToLp,
593 3058 668 3113 pr,
988 3055 1074 3104 tatem
1093 3050 1128 3115 [s.
1148 3046 1295 3121 pigritateJ,
1310 3046 1477 3120 quibusdam
1499 3044 1685 3102 occasionibus
1699 3044 1786 3103 dccli·

257 3162 298 3203 a„
316 3162 518 3207 aarum„
532 3164 638 3207 „uem
655 3164 810 3206 nouam,
987 3156 1052 3197 nare
1063 3139 1195 3197 videmus.
1208 3140 1324 3197 Proinde
1335 3149 1431 3196 noscat
1445 3140 1537 3213 religia
1552 3148 1640 3196 vestra
1652 3140 1784 3212 quoniam

436 3246 528 3308 (Anno
549 3249 638 3310 1074.)
950 3212 1035 3306 Cqui
1050 3232 1210 3308 denegatam
1231 3233 1312 3289 nobis
1337 3233 1508 3306 praesentiam
1521 3239 1641 3290 vestram
1652 3232 1785 3290 hactenus

142 3335 264 3390 bortatur
287 3342 319 3391 at
340 3339 369 3391 ιἰι
391 3337 448 3392 dtas
470 3337 587 3407 maiores
603 3354 763 3407 progressas
793 3340 882 3406 [ιιιιιιι
901 3341 931 3394 in
987 3326 1246 3384 cumadmiratione
1269 3326 1460 3395 sustinuimus,
1475 3326 1604 3398 deinceps
1627 3327 1684 3383 sine
1699 3327 1784 3384 multa

169 3407 341 3463 absmcamia
373 3424 437 3477 “9⁰
468 3410 618 3465 Emittam
650 3411 804 3466 Ettleti'tm·
842 3412 930 3467 Ositn·
988 3419 1167 3492 anrietate1ct
1184 3418 1511 3492 mentislperturbatione
1529 3418 1601 3476 ferro
1616 3435 1672 3476 uon
1690 3435 1784 3493 passu·

168 3478 932 3622 ἐξεξιῖεαωὲᾗῗέἕξζῖξοηὲδᾚιῑωᾞψξῇξᾚὶνῗξζὲἃέὲ
988 3530 1064 3619 mus.
1083 3513 1239 3618 lllemiuisse
1258 3513 1330 3569 enim
1354 3510 1457 3569 debetis
1478 3521 1545 3617 quot
1564 3521 1592 3569 et
1609 3521 1713 3618 quanta
1731 3529 1782 3619 ne'.

169 3624 235 3673 pur,-
260 3637 345 3691 quar,
366 3638 427 3692 qm„
451 3628 544 3677 comm
564 3624 653 3693 amum
675 3626 760 3693 ψη
779 3624 855 3677 appa
878 3639 932 3679 0333
988 3616 1061 3680 gotia
1085 3623 1113 3662 ιιι
1135 3614 1223 3663 vestra
1243 3622 1337 3673 manu,
1358 3614 1386 3661 ct
1407 3604 1551 3662 confratris
1573 3614 1659 3662 nostra
1680 3606 1782 3664 Grraldr

169 3691 295 3748 declami-
988 3700 1122 3775 [Gerardi]
1142 3700 1276 3759 Ostiensis
1299 3699 1418 3771 episcopi
1436 3699 1618 3771 posuerimus,
1636 3714 1697 3771 quae
1718 3716 1782 3772 pra·

170 3796 351 3852 Gasaanrus
382 3795 534 3868 episcopus,
568 3811 662 3853 servus
690 3812 833 3855 servorum
865 3798 928 3866 Dei,
987 3802 1048 3867 pter
1065 3794 1215 3851 absentiam
1237 3800 1354 3849 vestram
1376 3801 1424 3848 aut
1444 3792 1565 3865 neglecta
1587 3801 1712 3865 pereunt,
1734 3803 1783 3851 aut

143 3885 320 3946 illnrrrsnso
341 3888 404 3945 duci
420 3888 560 3946 sabania
576 3892 693 3947 salutem
712 3899 739 3947 et
753 3891 929 3963 apostolicam
986 3896 1188 3960 competentem
1205 3886 1291 3943 finem
1307 3884 1408 3942 babere
1421 3901 1476 3942 non
1491 3893 1618 3957 possunt,
1640 3886 1780 3958 quoniam,

143 3976 356 4038 lmcdictionem.
986 3997 1048 4039 cum
1071 3980 1213 4053 praelatum
1235 3980 1395 4052 episcopum
1421 3977 1448 4033 in
1470 3979 1579 4035 servitio
1602 3980 1688 4035 sancti
1708 3981 1781 4037 Petri

170 4073 299 4143 Qouiam
321 4074 429 4132 afflatus
451 4075 513 4149 igne
539 4075 632 4133 divino
659 4074 749 4133 studia
773 4075 925 4133 devotionis
985 4073 1055 4131 ultra
1070 4083 1178 4131 mantes
1192 4082 1224 4130 ut
1239 4072 1274 4129 ad
1297 4087 1390 4141 regem
1407 4072 1546 4141 misimus,
1562 4086 1611 4128 ros
1634 4080 1780 4130 venturum

144 4176 195 4237 ugr
230 4178 355 4225 sanctam
381 4177 408 4224 et
435 4169 612 4242 apostolicam
645 4169 793 4227 Ecclesiam
824 4169 924 4226 babere
984 4168 1198 4225 aestimabamus.
1221 4168 1403 4240 Quapropter,
1423 4166 1471 4222 etsi
1494 4166 1638 4234 commoti,
1656 4166 1778 4224 dilectio·

144 4262 243 4332 mpisti,
258 4262 340 4319 silere
360 4277 411 4318 nas
427 4262 544 4319 charitas
565 4263 595 4319 in
616 4272 642 4319 te
662 4262 762 4321 diflusa
785 4278 841 4320 non
862 4263 928 4335 pati·
983 4277 1046 4317 uem
1064 4271 1181 4318 vestram
1199 4258 1497 4317 intimoadmanemus
1509 4257 1621 4327 affectu,
1637 4268 1668 4315 ut
1686 4276 1737 4317 nos
1750 4262 1779 4319 in

144 4356 188 4421 tur,
201 4355 265 4426 quin
290 4354 417 4412 ardorem
437 4354 538 4413 dirinae
552 4357 689 4413 servitutis
702 4357 736 4414 de
750 4356 793 4413 die
814 4356 927 4414 indiam
982 4354 1078 4410 nutritis
1093 4363 1121 4411 et
1134 4355 1242 4427 maguis
1260 4354 1393 4426 angustiis
1416 4351 1518 4422 positos
1535 4352 1696 4423 quantocius
1718 4353 1780 4410 sisi-

144 4441 276 4506 ierrentius
296 4457 324 4505 te
343 4448 485 4520 concipere
508 4448 640 4522 frequenti
657 4449 846 4507 exhortatione
866 4464 927 4506 tuo·
981 4456 1039 4503 tare
1064 4448 1177 4505 curetis.
1204 4452 1348 4506 Pareamus
1370 4446 1456 4514 enim,
1481 4459 1640 4517 quanquam
1665 4445 1776 4515 infirmi,

144 4552 249 4599 murus.
265 4542 314 4599 llla
325 4542 425 4599 etenim
436 4550 499 4598 rata
508 4543 580 4615 apud
595 4546 683 4599 Deum
695 4543 804 4614 praemia
819 4558 964 4647 meren-D
980 4556 1139 4615 quanquam
1171 4550 1247 4598 extra
1271 4541 1339 4597 vires
1368 4538 1468 4612 ingenii
1497 4546 1525 4595 et
1555 4538 1690 4609 corporis,
1727 4540 1777 4596 sali

144 4636 214 4692 iuret
232 4636 359 4709 gloriam,
378 4652 441 4709 quae
457 4652 504 4709 per
526 4635 626 4709 gradus
649 4638 784 4694 banorum
809 4651 925 4708 operum
979 4643 1070 4691 tamen
1095 4644 1248 4708 portamus,
1267 4635 1297 4690 in
1312 4635 1363 4689 boc
1387 4632 1546 4706 gravissimo
1562 4641 1697 4705 tempore,
1719 4649 1777 4690 non

145 4724 307 4786 adcacumen
322 4729 496 4803 plenitudinis
508 4729 635 4798 tendunt,
648 4739 676 4786 et
690 4745 798 4802 semper
811 4731 839 4785 in
852 4729 924 4787 bona
978 4728 1067 4786 solum
1082 4729 1264 4800 spiritualium
1278 4728 1325 4783 sed
1335 4735 1364 4783 et
1375 4726 1549 4782 saecularium
1561 4726 1657 4798 ingens
1670 4728 1777 4799 pandus

145 4816 263 4880 desideria
285 4823 420 4895 ampliora
437 4823 603 4895 concipiunt.
623 4824 803 4895 Quapropter,
826 4822 926 4880 charis·
978 4822 1166 4893 negotiorum,
1181 4828 1209 4878 et
1227 4835 1320 4876 casum
1337 4829 1463 4876 nostrum
1483 4818 1605 4892 quotidie
1631 4836 1662 4877 ea
1683 4821 1775 4878 immi·

145 4910 199 4971 time
222 4916 258 4973 lili
287 4918 316 4972 in
340 4916 459 4984 Christo,
484 4917 556 4973 bona
577 4932 649 4990 qua,
676 4920 735 4973 Deo
767 4916 923 4989 inspirante,
978 4916 1053 4972 nenti
1067 4916 1171 4971 sarcina
1184 4912 1378 4979 formidamus,
1393 4914 1438 4985 qui
1454 4913 1660 4972 sustentationis
1678 4916 1776 4973 auxilia

145 5018 207 5065 netu
223 5018 250 5066 et
263 5008 375 5067 devotio
394 5018 441 5067 tua
462 5011 613 5083 proposuit,
636 5008 670 5065 ad
684 5008 816 5065 effectum
837 5008 925 5082 perfe-
979 5009 1005 5064 in
1029 5009 1081 5065 hoc
1095 5008 1196 5065 saeculo
1215 5023 1389 5081 nequaquam
1410 5012 1539 5080 [nequam
1561 5010 1702 5077 leqmdam
1721 5025 1776 5065 asse

143 5099 227 5160 manis
247 5102 393 5160 extendere
408 5102 487 5160 stude
503 5122 509 5160 :
525 5112 659 5176 quatenus
682 5102 831 5175 apostoliea
845 5103 926 5159 bene·
979 5106 1108 5171 arbitror]
1127 5101 1246 5175 reperire
1267 5101 1420 5173 nequimus.
1442 5101 1524 5159 Unde
1543 5117 1590 5174 per
1603 5103 1777 5174 amnipoten-

143 5193 256 5265 rolentia,
274 5196 351 5254 nulla
365 5197 414 5252 tibi
429 5194 590 5253 labefactata
608 5197 732 5269 segnitie,
757 5195 925 5269 promeritis
978 5206 1033 5253 tem
1049 5195 1199 5252 Dominum
1217 5210 1345 5268 rogamus
1359 5203 1390 5250 ut
1403 5194 1502 5251 iratres
1520 5202 1626 5251 vestros
1645 5196 1725 5263 (sicut
1740 5197 1775 5253 ab

141 5287 185 5344 tuis
207 5288 332 5362 ampliari
356 5304 463 5362 semper
487 5296 513 5346 te
534 5289 677 5347 dilectione
697 5290 922 5364 comprehendat.
977 5290 1054 5347 initio
1075 5289 1253 5346 ordinationis
1276 5297 1379 5345 nostrae
1396 5289 1601 5361 postulavimus)
1620 5306 1670 5363 pro
1691 5289 1771 5348 nobis

140 5379 176 5436 lie
196 5382 315 5455 reliquiis
341 5391 369 5439 et
392 5383 533 5456 privilegio
553 5382 624 5440 unde
647 5399 698 5440 nos
718 5383 830 5457 rogasti,
859 5399 923 5440 cum
974 5384 1077 5458 jugiter
1096 5400 1176 5441 orare
1198 5385 1290 5440 Deum
1311 5383 1526 5449 commoneatis,
1552 5384 1695 5456 quoniam,
1722 5385 1775 5442 nisi

139 5474 239 5533 nuntius
251 5484 328 5547 tuus,
342 5475 419 5533 linita
436 5485 464 5533 et
477 5475 593 5550 perfecta
606 5477 729 5545 ecclesia,
743 5478 922 5535 consecratio·
977 5478 1086 5534 illarum
1116 5484 1143 5533 et
1169 5477 1285 5534 aliarum
1311 5476 1433 5534 fidelium
1460 5476 1660 5534 interventibus
1681 5477 1775 5535 divina

137 5565 175 5623 nis
185 5570 327 5627 consilium
340 5585 355 5627 a
373 5569 453 5628 nobis
470 5568 616 5643 quaesierit,
631 5571 761 5628 voluntati
775 5581 830 5631 tuae
848 5572 925 5628 satis·
978 5570 1109 5643 suffragia
1123 5586 1288 5640 mereamur,
1302 5579 1438 5640 nostrum,
1454 5579 1491 5640 et,
1503 5570 1579 5644 qnod
1592 5572 1680 5644 magis
1697 5572 1776 5628 time-

137 5656 219 5719 ltcere
247 5662 365 5737 benigne
401 5664 620 5737 procurabimus.
656 5664 820 5739 sigifredum
859 5681 924 5722 vero
978 5680 1049 5732 mus,
1076 5664 1206 5721 Ecclesiae
1229 5665 1378 5737 periculum
1407 5665 1510 5721 evitare
1538 5680 1594 5720 nan
1614 5663 1774 5737 poterimus.

137 5753 363 5831 uddrpisccpum
398 5757 602 5831 bloguntinum,
635 5757 669 5815 de
712 5760 924 5831 praesumptione
978 5758 1162 5831 Omnipotens
1184 5760 1270 5827 Deus,
1291 5758 1472 5830 aquabona
1494 5755 1773 5829 cuncuprccedunt,

136 5858 211 5919 quarn
224 5849 253 5907 in
276 5864 358 5907 causa
380 5850 508 5909 iernmiri
523 5852 668 5924 bragensis
686 5826 806 5927 episcopi
818 5852 923 5919 babuit,
977 5869 1027 5911 vos
1038 5870 1071 5910 aa
1084 5853 1248 5911 commissas
1261 5851 1338 5909 rabis
1348 5852 1437 5908 iubae
1450 5846 1789 5908 mamliutsltaatacrs
