3884 6158
145 264 195 319 ιιι
712 268 811 327 trena
828 269 996 339 ouranos,
1015 300 1051 315 -
1070 274 1174 335 arsa.
1193 275 1226 332 ι.
1730 250 1794 343 ¹ros

145 386 197 445 sibi
218 387 362 461 subjectus
379 390 518 448 asinculo
528 390 678 465 iuramenti
700 394 792 453 eidem
809 395 939 468 promissi
953 402 979 464 Α
992 408 1084 455 autem
1110 400 1182 472 qum
1205 400 1310 458 iactum
1336 410 1378 459 est
1404 402 1572 462 charissimas
1600 406 1665 464 lilim
1692 417 1795 467 noslrae

144 481 181 537 sit
190 481 344 539 absolutus.
358 482 413 541 Sed
428 484 493 558 quia
506 501 558 542 nos
578 496 673 545 contra
687 504 752 546 eum
768 505 826 545 non
843 491 939 560 mouit,
995 493 1095 563 agneti
1116 495 1281 566 imperatrici
1304 501 1447 567 Augustos,
1468 498 1492 554 si
1516 499 1588 554 iilius
1606 500 1666 571 ejus
1684 515 1718 557 er
1742 500 1793 558 hac

144 576 204 632 lieo
226 583 310 643 teste,
339 577 478 635 saecularis
504 581 643 652 superbis,
669 598 722 639 nec
748 598 817 639 vana
841 583 939 641 mundi
994 586 1125 642 vitaante
1142 588 1231 658 ipsam
1251 587 1394 660 migraret,
1407 606 1465 646 non
1485 600 1527 647 est
1548 606 1618 665 opus
1636 592 1727 650 adbuc
1741 596 1794 651 du·
1893 600 1902 611 ‘

143 668 290 739 cupiditas,
313 669 362 726 sed
387 681 491 730 sanctas
504 674 578 730 sedis
602 683 631 731 et
655 677 820 733 universalis
845 677 940 733 matris
993 677 1080 735 bitsro
1105 680 1229 751 quia,si
1257 680 1340 739 nimia
1369 683 1468 753 pietate
1493 684 1566 740 circa
1594 686 1682 742 lilium
1709 686 1794 744 ducta

143 762 274 820 Ecclesiae
285 764 442 823 sollicitudo
462 776 491 823 et
502 766 655 840 disciplina,
676 786 824 827 monemus
844 785 893 827 vos
911 771 940 827 in
989 769 1105 843 justitia¹
1127 774 1271 843 restiterit,
1295 775 1336 831 vel
1348 776 1463 848 justitias
1484 776 1578 835 iavens
1593 787 1623 835 ut
1647 779 1795 852 abjiciatur

143 858 265 915 Domino
279 860 383 915 Jesuet
395 876 537 933 rogamus,
552 862 626 918 sicut
637 863 814 921 charissimos
827 863 938 934 iratres,
994 881 1010 922 a
1031 882 1118 938 regno
1132 868 1312 937 consenserit,
1334 868 1403 941 quid
1417 878 1511 938 restet,
1526 888 1574 928 sos
1597 872 1647 944 ipsi
1669 889 1794 945 compre·

142 959 174 1007 nt
191 967 259 1008 enm
278 952 409 1025 benigne,
429 954 451 1009 si
471 972 504 1012 ex
518 964 577 1015 toto
599 957 681 1015 corde
701 958 737 1015 ad
760 961 854 1015 Deum
868 976 937 1016 con-
993 958 1113 1016 bendite.
1140 962 1201 1015 lloc
1227 966 1319 1017 tamen
1345 960 1453 1019 videtur
1475 963 1619 1031 laudabile,
1645 976 1792 1039 postquam

142 1060 237 1101 sersus
251 1044 344 1116 luerit,
360 1048 525 1121 suscipiatis,
538 1058 567 1106 et
580 1051 652 1107 circa
669 1068 734 1109 eum
755 1068 812 1109 non
830 1061 940 1109 tantum
992 1062 1099 1110 eertum
1113 1053 1196 1109 fuerit
1215 1053 1288 1126 opud
1303 1069 1351 1110 ros
1365 1060 1407 1119 (ut
1425 1056 1539 1112 omniuo
1554 1058 1705 1126 firmatum)
1717 1059 1792 1132 quod

136 1136 290 1211 justitiam,
302 1156 366 1214 quas
385 1141 465 1199 illum
488 1159 603 1215 regnare
622 1145 758 1217 prohibet,
773 1146 822 1203 sed
835 1146 939 1203 miseri·
993 1147 1052 1220 ejus
1067 1147 1168 1203 iiliusa
1189 1162 1278 1218 regno
1301 1156 1487 1215 removeatur,
1501 1149 1647 1206 consilium
1662 1152 1698 1208 ab
1712 1168 1742 1208 ea
1765 1161 1792 1209 et

140 1233 345 1308 cordiam,quse
357 1237 442 1293 multa
450 1237 525 1295 delet
536 1240 647 1305 scelera,
656 1240 819 1298 ostendatis.
833 1244 939 1309 Estote,
992 1257 1009 1297 a
1036 1241 1117 1297 nobis
1144 1240 1300 1313 requiratur
1324 1240 1359 1296 de
1382 1241 1493 1298 inventa
1515 1257 1630 1314 persona
1657 1243 1691 1300 ad
1714 1246 1792 1317 regni

140 1342 247 1401 quasso,
261 1344 399 1386 memores
421 1330 551 1389 humanas
566 1333 733 1390 conditionis
746 1341 772 1389 st
785 1334 940 1391 communis
993 1334 1188 1407 gubernacula·
1216 1336 1293 1391 Tunc
1316 1342 1364 1391 aut
1389 1345 1486 1392 nostro
1510 1336 1651 1392 communi
1678 1337 1792 1393 oonsilio

139 1418 308 1495 hagibtatis,
323 1438 374 1481 nec
390 1440 439 1481 vos
451 1435 597 1497 praetereat
610 1427 654 1499 pia
674 1436 702 1485 et
717 1427 815 1484 nobilis
831 1443 938 1484 memo·
991 1442 1135 1483 assensum
1156 1427 1300 1497 prmbrbir,
1321 1435 1369 1484 aut
1381 1429 1538 1500 apostolicae
1551 1429 1622 1486 sedis
1642 1428 1792 1486 auctoritas

139 1514 180 1572 ria
199 1517 285 1588 patris
299 1517 358 1590 ejus
371 1525 400 1574 et
412 1520 519 1587 matris,
533 1520 632 1591 quibus
646 1537 701 1577 non
717 1530 832 1593 possunt
845 1532 939 1579 nostra
993 1520 1085 1576 omnia
1111 1520 1218 1577 vincula
1240 1536 1303 1593 quar
1322 1521 1450 1578 videntur
1464 1522 1576 1593 justitiae
1601 1521 1793 1580 contradicere

138 1615 223 1665 stare
235 1609 272 1666 ad
286 1609 391 1682 imperii
407 1613 592 1681 gubernacula
615 1615 728 1670 inveniri
744 1617 874 1688 aquales.
897 1615 940 1671 Sic
992 1614 1154 1671 removebit.
1169 1616 1209 1669 lie
1222 1615 1571 1671 excommunicatisautem
1581 1616 1640 1688 iam
1655 1631 1701 1672 me
1716 1617 1792 1673 robis

140 1709 236 1761 temen
255 1702 384 1760 adhibete
401 1707 558 1763 vulneribus
578 1708 636 1781 ejus
658 1708 751 1764 oleum
772 1709 889 1781 pietatis,
905 1723 939 1763 ue
992 1706 1098 1763 dedisse
1112 1708 1259 1769 licentiam.
1280 1708 1328 1779 qui
1348 1706 1432 1764 fidem
1450 1708 1631 1765 Christianam
1654 1709 1694 1781 (ut
1713 1709 1794 1766 decet

140 1794 206 1852 sino
230 1795 380 1868 disciplinae
407 1800 532 1872 neglecto
556 1801 696 1859 cicatrices
725 1803 785 1875 ejus
810 1802 838 1858 in
861 1780 976 1875 pejusB
993 1802 1145 1872 episcopos)
1170 1799 1325 1869 defenditis,
1355 1810 1387 1856 ut
1413 1800 1571 1871 absolvatis,
1596 1801 1737 1873 recordor,
1764 1812 1793 1859 et

140 1888 228 1963 (quod
246 1890 338 1953 abuti)
352 1901 519 1964 putrescant,
532 1904 561 1951 et
577 1895 667 1952 bonor
681 1906 785 1953 sanctae
810 1897 938 1953 Ecclesiae
992 1893 1082 1949 adhuc
1104 1894 1157 1949 hoc
1171 1894 1244 1951 idem
1259 1894 1405 1963 curlirmo,
1430 1894 1452 1950 si
1465 1910 1557 1951 resera
1581 1895 1744 1966 resipuerint
1765 1903 1792 1952 et

139 1982 316 2057 Romanique
326 1984 434 2057 imperii
450 1997 544 2044 nostra
556 1990 721 2062 negligentia
733 2005 841 2062 magum
849 1990 936 2045 rtrinae
992 1986 1133 2043 humiliter
1145 1987 1337 2059 poenitentiam
1349 1988 1461 2059 egerint

140 2084 272 2149 patescat
287 2079 386 2134 Procul
397 2079 432 2135 ab
443 2096 476 2136 eo
487 2081 562 2153 prasi
572 2091 767 2139 removeantur
778 2084 937 2151 consiliarii,
1028 2083 1099 2137 Data
1124 2082 1264 2149 Laurenti,
1293 2081 1378 2137 tertio
1402 2084 1498 2138 Nonas
1520 2080 1699 2152 Septembris,
1723 2079 1792 2140 indi·

141 2170 189 2243 qui
227 2185 279 2243 pro
306 2172 461 2229 Simoniaca
489 2174 586 2232 haeresi
617 2177 844 2234 excommunicati
879 2193 938 2234 non
991 2173 1083 2230 ctione
1101 2174 1248 2247 incipiente
1261 2174 1368 2231 decima
1382 2174 1487 2246 quinta.

140 2262 313 2323 surbuerunt
325 2264 470 2323 dominum
487 2283 569 2325 suum
587 2270 697 2342 propria
712 2271 786 2344 lepra
801 2271 937 2327 contami-

139 2373 221 2425 nare,
247 2368 276 2415 et
297 2374 348 2431 per
370 2359 478 2417 diversa
502 2362 618 2421 crimina
639 2380 705 2421 cum
725 2364 882 2422 seducendo
902 2363 939 2420 ad

138 2450 324 2509 scindendum
349 2462 471 2511 sanctam
499 2457 647 2513 Ecclesiam
668 2473 828 2529 provocare,
855 2466 884 2515 et
907 2458 937 2513 in

140 2544 209 2602 iram
228 2545 280 2602 Dei
293 2555 321 2603 et
339 2547 426 2603 sancti
440 2548 513 2603 Petri
531 2549 680 2622 impellere.
694 2551 884 2609 Adhibeantur
897 2550 936 2607 illi

140 2639 291 2695 consiliarii
311 2641 360 2713 qui
382 2657 439 2697 non
453 2657 503 2699 sua
522 2649 641 2713 tantum,
660 2644 708 2701 sed
730 2661 795 2702 eum
810 2644 934 2717 diligant,

140 2740 168 2789 st
179 2733 307 2790 saeculari
324 2733 399 2790 lucro
415 2750 464 2807 per
476 2737 570 2792 omnia
585 2740 676 2794 Deum
691 2747 860 2810 preponens.
877 2741 940 2794 Non

140 2828 213 2883 nitra
234 2835 313 2900 putet
331 2838 457 2885 sanctam
481 2831 633 2887 Ecclesiam
659 2832 713 2888 sibi
736 2832 886 2905 subjectam
910 2840 941 2888 ut

1277 2268 1507 2326 EPlSTOLAlV.

1261 2371 1307 2413 sn
1326 2371 1518 2413 nonnrsss.

1292 2455 1385 2516 (Auno
1403 2454 1494 2517 tatu.)

994 2544 1059 2601 eum
1079 2560 1131 2598 riou
1141 2546 1261 2613 potuerit
1279 2560 1369 2598 corum
1389 2544 1526 2613 petitioni,
1549 2544 1791 2600 contradicentibus

1029 2615 1181 2679 custoribus,
1192 2616 1352 2681 satisfacere
1365 2617 1393 2668 in
1412 2613 1570 2668 or·diruutdo
1586 2616 1787 2685 archiepiscopo

1028 2686 1143 2755 quodum
1154 2685 1253 2752 junone
1267 2684 1302 2737 ab
1327 2686 1364 2739 cis
1385 2684 1609 2753 elemosinariam
1624 2687 1731 2753 juvenis
1746 2701 1790 2740 ro·

1030 2762 1097 2826 gato
1107 2757 1229 2809 abboteru
1241 2758 1333 2811 Sancti
1343 2756 1453 2810 llelorr'i
1466 2757 1606 2821 [Meluuiil
1618 2758 1792 2825 archiepisco-

1026 2844 1093 2899 pum
1107 2827 1243 2881 ordinasse
1253 2828 1305 2892 ait;
1321 2829 1364 2879 cui
1378 2840 1419 2879 eos
1434 2826 1541 2880 obedire
1550 2832 1647 2881 mouet.

140 2920 284 2989 ancillam,
305 2921 354 2979 sed
368 2922 509 2994 praelatam
524 2933 555 2981 ut
573 2923 729 2982 dominam.
751 2929 815 2982 lton
829 2926 941 2982 iullatus
1030 2922 1208 2978 Gnaeosrus
1220 2917 1375 2989 episcopus,
1388 2932 1630 2974 servussersorum
1643 2919 1702 2988 Dei,
1718 2919 1791 2976 clero

139 3012 238 3088 spiritu
259 3015 387 3073 elationis
407 3016 619 3074 consuetudines
637 3019 773 3091 superbiae
793 3028 897 3085 contra,
911 3019 952 3074 li-'
997 3021 1024 3071 et
1041 3013 1142 3087 populo
1155 3012 1269 3068 Dolensi
1284 3010 1312 3066 in
1333 3009 1484 3082 Britannia,
1500 3008 1658 3068 salutemet
1680 3022 1794 3086 aposto-

139 3106 278 3165 bertatem
300 3118 404 3166 sanctae
421 3112 551 3167 Ecclesia
577 3112 702 3169 inventas
725 3111 866 3181 defendat,
891 3111 980 3211 sed'(2
996 3107 1076 3164 licam
1085 3103 1314 3162 benedictionem.

139 3198 271 3258 observet
291 3211 450 3258 sanctorum
464 3206 574 3260 Patrum
597 3203 764 3275 doctrinam,
784 3219 867 3276 quam
891 3213 951 3277 pro·
1029 3200 1140 3256 hlisistis
1153 3197 1188 3255 ad
1200 3214 1251 3255 nos
1265 3196 1413 3271 quemdam
1423 3196 1568 3271 juvenem,
1580 3206 1703 3270 petentes
1717 3196 1794 3255 robis

139 3292 229 3351 salute
243 3302 338 3359 nostra
352 3311 400 3352 eos
413 3295 509 3353 docuit
521 3306 643 3369 potestas
657 3298 760 3355 divina.
776 3299 857 3368 Quod
872 3297 941 3356 side
994 3311 1010 3351 s
1044 3294 1123 3350 uobis
1150 3292 1225 3349 illum
1259 3292 1378 3348 ordinari
1412 3292 1579 3364 pontificem3
1612 3292 1655 3348 cui
1681 3291 1793 3365 quidem

140 3386 224 3443 lu'set
238 3387 300 3444 aliis
312 3388 376 3460 iure
390 3389 425 3445 ab
447 3404 480 3447 eo
500 3391 642 3465 exigendis
655 3408 706 3449 nos
727 3407 840 3448 securos
850 3391 940 3449 modis
994 3386 1127 3461 petitioni,
1167 3385 1300 3457 quoniam
1334 3383 1405 3441 sacri
1436 3400 1557 3441 canones
1592 3384 1793 3451 contradicunt,

141 3480 244 3553 quibus
277 3490 386 3553 oportet
412 3482 572 3553 reddiderit,
610 3486 705 3542 statim
732 3486 861 3542 volumus
892 3500 941 3557 per
994 3495 1135 3537 assensum
1160 3477 1285 3550 praebere
1307 3492 1477 3550 nequaquam
1501 3477 1653 3548 potuimus.
1675 3476 1792 3533 Nosde·

129 3587 251 3637 ‚vestros
271 3575 386 3633 idoneos
407 3578 510 3651 legatos
533 3579 568 3634 de
590 3579 722 3635 omnibus
742 3576 892 3649 informari,
911 3586 941 3635 ut
993 3575 1076 3647 nique
1107 3579 1287 3645 cognocentes
1326 3570 1476 3626 Ecclesiam
1512 3580 1630 3626 vestram
1667 3570 1714 3625 diu
1743 3586 1795 3626 ne-

140 3668 208 3741 quid
221 3668 321 3726 debeat
341 3669 400 3726 lieri
414 3673 557 3727 communi
578 3673 702 3740 consilio,
719 3675 778 3730 Deo
792 3672 939 3745 aspirante,
993 3668 1117 3743 quissirni
1131 3664 1285 3740 pervasoris
1299 3663 1441 3737 tyrannide
1455 3678 1624 3735 oppressam,
1647 3679 1680 3720 ex
1699 3662 1792 3720 debito

141 3762 231 3819 valeat
257 3764 381 3821 inveniri.
403 3765 474 3822 lllud
499 3774 591 3823 autem
615 3768 687 3823 inter
709 3768 803 3823 omnia
817 3783 851 3824 ex
865 3776 941 3840 parte
993 3771 1023 3819 et
1045 3759 1131 3818 nostri
1167 3758 1250 3816 oflicii
1284 3758 1515 3824 consideratione,
1547 3756 1698 3828 apostolico
1733 3755 1795 3812 tutti

140 3856 214 3913 herti
237 3858 311 3914 Petri
333 3858 536 3931 interdicimus,
556 3868 587 3917 ut
610 3863 705 3919 nullus
730 3871 849 3919 restrum
877 3876 941 3918 eum
994 3854 1131 3930 praesidio,
1161 3861 1243 3926 prout
1276 3851 1399 3907 salernus
1424 3850 1452 3907 in
1479 3849 1612 3921 Domino,
1642 3847 1794 3906 reformare

141 3961 294 4025 prasumat
312 3952 347 4008 ab
363 3955 651 4011 excommunicatione
664 3955 813 4024 absolvere,
836 3971 940 4028 quous·
993 3950 1129 4022 cupimus.
1151 3950 1334 4021 Quapropter,
1359 3943 1481 4017 ejusdem
1500 3943 1610 4015 iuvenis
1633 3950 1730 4015 rogatu
1751 3958 1794 3999 as·

143 4060 208 4119 que,
216 4046 329 4120 eisquar
343 4047 521 4119 praediximus
533 4049 615 4105 nobis
629 4047 763 4114 indicatis,
779 4049 939 4121 apostolicas
993 4057 1128 4115 sensuque
1160 4041 1299 4098 sociorum
1322 4038 1393 4110 eJ'us,
1419 4036 1510 4094 Sancti
1533 4034 1637 4093 llelarii
1660 4034 1792 4107 [llelanii,

144 4138 217 4197 tedis
229 4154 398 4197 consensum
418 4148 447 4198 et
466 4142 594 4198 iteratum
615 4157 779 4215 responsum
793 4141 937 4214 recipiatis.
992 4141 1030 4195 sic
1040 4143 1065 4192 et
1077 4140 1108 4192 is
1120 4136 1175 4191 cod.
1190 4131 1434 4200 diutiulabbatem
1449 4134 1563 4187 leonem
1578 4128 1699 4198 nominc,
1712 4144 1795 4202 quem

143 4232 369 4291 liedirersorum
382 4234 494 4308 quidem
508 4235 622 4292 diversis
641 4235 762 4293 consiliis
773 4234 943 4303 dubitamus,
997 4230 1032 4287 ad
1048 4245 1100 4286 nos
1119 4237 1208 4285 restra
1223 4226 1358 4298 legatione
1382 4223 1504 4291 misistis,
1532 4224 1621 4280 virum
1644 4222 1739 4295 utique
1754 4226 1795 4291 (ut

146 4334 173 4381 st
189 4325 344 4385 humanam
366 4328 481 4400 matiam
506 4329 547 4384 vel
569 4328 699 4385 timorem
725 4328 873 4403 suspicioni
898 4328 944 4385 ba·
998 4339 1046 4381 sos
1059 4323 1129 4379 bene
1142 4319 1238 4387 nostis)
1261 4317 1432 4391 prudentem,
1452 4316 1566 4381 bonum,
1589 4324 1717 4373 ornatum
1731 4330 1794 4370 mo-

146 4418 250 4478 bemus.
276 4420 360 4492 Quod
386 4420 421 4489 si,
449 4421 621 4494 exigentibus
648 4424 801 4481 multorum
825 4423 944 4496 peccatis
996 4418 1084 4487 ribus,
1103 4414 1231 4488 omnique
1243 4410 1375 4485 religione
1397 4408 1523 4480 dignum,
1540 4407 1613 4463 tobis
1636 4407 1665 4463 in
1682 4409 1794 4462 Patrem

147 4514 227 4585 (qaod
249 4530 311 4571 non
324 4521 477 4586 optamus),
494 4532 528 4572 ex
541 4517 624 4573 corde
639 4533 696 4573 non
710 4516 791 4574 luerit
803 4516 839 4573 ad
851 4520 940 4573 Deum
953 4520 980 4585 1)
995 4521 1023 4569 et
1052 4509 1288 4581 archiepiscopum
1321 4499 1554 4568 consecravimus,
1591 4506 1735 4555 monentes
1767 4504 1796 4555 et

150 4618 302 4677 moremus,
319 4608 381 4666 talis
397 4607 433 4664 ad
448 4609 526 4682 regni
539 4610 735 4683 gubernacula,
753 4614 810 4667 lteo
824 4608 941 4677 tarento,
995 4606 1182 4671 obsecrantes,
1206 4609 1236 4657 ut
1249 4600 1319 4656 sicut
1333 4594 1405 4651 beati
1423 4593 1494 4649 Petri
1509 4592 1636 4665 apostoli,
1651 4590 1793 4664 nostrique

152 4696 296 4759 inveniatur
316 4702 365 4774 qui
386 4718 418 4759 ea
434 4718 496 4775 quac
512 4703 699 4776 praediximus,
721 4712 750 4759 ot
768 4712 866 4761 oaetera
880 4719 942 4775 quar
976 4700 1068 4763 ,illius
1088 4699 1151 4755 licet
1172 4693 1273 4765 indigui
1289 4688 1383 4747 ismuli
1406 4686 1523 4760 gratiam
1537 4685 1651 4757 optatis,
1673 4684 1749 4742 sicel
1764 4694 1795 4742 ut

155 4792 277 4852 ridentur
289 4794 452 4852 Christianae
468 4797 589 4871 religioni
602 4806 629 4853 et
647 4797 731 4854 totitu
745 4796 850 4869 imperii
861 4797 941 4853 saluti
995 4793 1066 4867 patri
1080 4800 1108 4848 et
1121 4786 1220 4846 rectori
1236 4802 1284 4857 per
1295 4782 1387 4839 omnia
1400 4778 1584 4837 obedientiam
1597 4777 1757 4835 exhibeatis.

157 4889 308 4959 νηπία,
329 4899 432 4946 secreta
445 4905 478 4946 ac
496 4889 669 4948 indubitabili
693 4890 872 4963 promissione
894 4890 942 4947 ob·
1031 4890 1100 4942 Data
1114 4887 1223 4950 itomoe,
1239 4894 1258 4936 v
1272 4874 1412 4935 Kalendas
1424 4872 1565 4942 Octobris,
1581 4871 1735 4930 indictione
1748 4870 1793 4928 in-

159 4988 319 5040 ttttstnrum
340 4982 494 5055 promittat.
508 4985 549 5041 Ut
571 4992 664 5043 autem
688 4993 806 5041 vestram
829 4983 941 5041 electio·
995 4980 1112 5053 cipiente
1127 4991 1177 5035 xv.

161 5076 257 5145 huni
277 5075 357 5133 valde
370 5084 478 5149 oportet
488 5085 521 5134 ut
533 5076 591 5141 ssat,
611 5078 760 5151 apostolica
781 5077 942 5134 auctoritate
1279 5040 1452 5100 mmm
1471 5038 1506 5096 v·

162 5158 287 5227 memus
298 5178 328 5226 et
337 5185 437 5227 novam
445 5170 645 5229 ordinationem
657 5173 760 5230 nostris
772 5171 943 5243 temporibus
1125 5152 1159 5193 ³⁰
1176 5140 1493 5287 mmffifflssssgff
1509 5139 1663 5185 'mm'

163 5262 367 5333 ttttoboremns,
401 5260 474 5322 sictu
503 5280 521 5320 a
546 5266 646 5324 mactis
679 5266 782 5323 nostris
817 5265 942 5322 Patribus
1049 5325 1083 5337 ..
1288 5315 1306 5372 ς
1359 5314 1383 5367 e.
1397 5313 1428 5368 Μ
1440 5310 1641 5377 'mimmii
1671 5306 1752 5363 sicet
1766 5301 1795 5362 in

98 5362 103 5375 θ
163 5344 252 5416 ΜΨ
272 5373 335 5419 “⁸⁹
354 5359 555 5432 ⁰⁰⁸⁰⁰⁸⁰im¹¹⁸’
571 5361 724 5434 ”⁰⁸⁰¹ium’
744 5375 891 5434 mmmm
914 5366 943 5416 εἰ
994 5318 1294 5462 scssffitgieuqitffltezom
1306 5327 1461 5455 hvpcpiobaeto
1475 5381 1508 5436 ob
1517 5350 1665 5451 juvenilem
1687 5383 1795 5435 atatem

163 5454 237 5511 ΝΜ
258 5452 331 5528 θῙῑΰι
352 5454 521 5525 (luaflffliffl
543 5455 658 5527 Ρθῑθῦῑῑῑ
671 5452 751 5512 ¹¹⁰1)ss
764 5453 893 5521 indicates
912 5462 944 5510 Ut
1031 5485 1049 5523 a
1070 5465 1226 5524 hoiensibus
1249 5460 1337 5519 electo,
1357 5458 1389 5510 ιἰι
1408 5455 1545 5511 holensem
1567 5453 1796 5535 ar·chiepsscopum

98 5592 100 5599 .
162 5550 237 5604 tuda
267 5554 297 5603 st
322 5545 382 5603 utili
408 5546 558 5604 intentione
585 5547 744 5605 incedentes
771 5547 942 5615 mereamini,
1030 5549 1199 5598 cooscuosse
1212 5530 1362 5602 otpollium
1376 5526 1635 5591 eueoroucessese,
1661 5537 1692 5575 cc
1707 5526 1797 5575 tossen

159 5630 217 5696 fl'tnt
235 5639 319 5697 nobis
335 5648 409 5699 notre
426 5656 527 5709 musae,
548 5642 708 5713 apostoticae
727 5642 800 5699 sedis
822 5641 943 5698 levorem
1031 5608 1181 5737 mm
1201 5596 1797 5745 {zffigwgfffflwgfgssfffflztimm

158 5738 197 5797 Ν
214 5730 340 5791 ‘lim
360 5734 488 5809 mm·
510 5741 540 5793 ⁰⁸
561 5734 633 5792 beati
657 5735 732 5793 Ρθῑῐῑ
755 5736 942 5808 ³P⁰⁸t⁰¹⁰¹¹¹ffl
1033 5756 1074 5808 tia
1097 5750 1236 5819 agebatur,
1264 5757 1342 5798 usum
1367 5745 1455 5795 tamen
1475 5734 1559 5816 pallii
1588 5735 1630 5789 tttt
1647 5733 1795 5814 coristrmat.
1899 5816 1903 5821 Ι

155 5821 275 5901 Μ’Μιὲί
287 5826 709 5974 ἵπιεῗὲχιὴῧῗῃοᾱίοῑίοιιιω.
733 5831 775 5887 De
785 5828 944 5902 juramento
1033 5824 1157 5894 Rumpit
1171 5824 1202 5877 ut
1218 5819 1243 5875 οἱ
1262 5821 1391 5885 istim
1403 5800 1815 5947 “l'sshii'iltwligffiffiffi
