3870 6164
615 216 644 275 s.
663 176 1317 275 casooauultraruorsnuumasu.
1739 218 1787 273 rra

141 228 196 283 0Ὶῦ

143 342 276 423 presserit
287 345 433 405 violenter.
449 342 528 401 Datis
539 356 664 416 namque
675 342 771 400 comiti
785 343 876 399 Alano
896 356 941 399 co·
953 347 980 412 A
994 342 1041 401 eie
1055 341 1194 415 episcopo,
1207 342 1321 414 suisque
1332 340 1546 410 mcecssoribus,
1559 340 1682 398 salutern
1692 346 1789 414 ctapo-

141 441 226 516 piosis
238 439 411 511 muneribus,
430 451 493 512 quae
512 451 600 511 usque
613 435 694 493 bodie
718 434 754 492 ad
766 434 939 512 {probamen-
992 436 1117 494 stolieam
1130 434 1362 493 benedictionem.

143 542 203 593 tam
224 534 300 609 prius
316 531 448 607 nequitiae
467 531 497 587 in
511 529 656 605 propatulo
677 537 796 599 exstant,
812 545 868 587 non
892 544 941 601 per
1029 532 1158 602 Supernae
1177 528 1364 587 miserationis
1375 537 1500 601 respectu
1515 529 1552 588 ad
1566 526 1623 587 hoc
1635 526 1788 589 universali

142 629 246 687 ostium
257 627 287 684 in
302 626 373 685 orile
390 624 503 695 Carini,
525 624 574 683 sed
592 631 626 681 nt
638 622 684 681 iur
703 631 732 680 et
747 624 818 680 latro
830 622 940 680 aliunde
992 623 1120 681 Ecclesiae
1146 638 1242 685 curum
1263 624 1434 698 suscepimus
1450 632 1479 681 et
1502 622 1651 697 apostolici
1669 620 1785 681 moden·

141 722 265 797 irrepsita
285 720 331 795 qui
345 720 430 778 etiam
445 735 495 777 nec
516 719 571 776 boc
584 718 688 776 scelere
706 725 865 787 contentus,
884 716 939 773 ini·
993 718 1074 774 minis
1094 716 1304 775 sollicitudinem
1328 717 1452 791 gerimus
1471 726 1502 774 nt
1519 717 1601 791 justis
1624 716 1785 791 precantium

142 816 278 890 quitatem
290 830 374 890 super
395 814 567 886 iniquitatem
586 812 725 887 apposuit,
749 820 778 868 et
797 810 876 885 quasi
894 811 938 867 si·
993 812 1063 869 uotis
1077 810 1216 870 iaceamus
1230 821 1258 869 et
1274 820 1372 869 nostro
1395 811 1540 869 libramine
1559 812 1656 869 charis
1670 809 1786 869 omnibu

141 911 301 969 moniacam
311 924 372 967 esse
392 923 488 981 parum
504 916 533 964 et
545 923 596 980 pro
610 906 697 963 nihilo
722 905 876 979 deputaret,
889 905 938 963 Ni·
993 906 1022 962 in
1035 906 1196 962 necessitate
1210 905 1319 979 positis,
1333 914 1467 978 quantum
1478 909 1538 964 Deo
1555 904 1685 963 donante
1700 920 1785 980 porto·

141 1005 239 1063 colaita
260 1019 369 1077 quoque
387 1002 448 1060 ilcri
472 1000 621 1060 festinavit.
645 1003 717 1058 Nam
742 1000 771 1057 in
797 998 858 1072 ipso
881 1007 938 1055 taur
992 1016 1066 1066 mas,
1079 998 1226 1057 subvenire
1239 998 1399 1057 debeamus.
1422 998 1542 1057 Proinde
1552 998 1633 1074 juxta
1647 1014 1785 1073 persensu

139 1098 291 1173 perniciose
311 1098 409 1170 adepto
432 1096 592 1168 episcopatu
608 1094 711 1167 nuptiis
736 1093 842 1166 publice
865 1092 938 1149 cele-
993 1103 1069 1149 tuam
1083 1093 1203 1151 ecclesiae
1220 1092 1292 1151 beati
1307 1093 1444 1164 autberti,
1469 1092 1630 1166 hujusmodl
1653 1092 1786 1167 privilegio

12 1188 20 1197 '
141 1191 238 1261 bratis,
258 1200 381 1249 scortum
399 1190 490 1271 potius
512 1204 596 1262 quam
614 1203 742 1261 sponsam
763 1186 864 1244 ducere
881 1202 938 1243 nou
992 1186 1212 1260 auctoritatisque
1234 1196 1336 1245 nosnae
1357 1186 1470 1245 decreto
1491 1187 1680 1259 indulgemus,
1702 1202 1786 1247 conat·

142 1286 263 1355 erubuit,
285 1301 317 1341 er
328 1300 381 1358 qua
394 1292 422 1340 et
435 1283 506 1340 lilios
519 1282 682 1356 procrearit,
699 1290 729 1336 ut
749 1280 793 1354 qui
804 1280 863 1354 jam
881 1279 937 1353 spi·
992 1280 1084 1338 dimus
1102 1290 1183 1354 atque
1198 1281 1351 1347 firmamus,
1366 1288 1518 1339 statuentes
1531 1282 1639 1339 nullum
1655 1296 1785 1341 suooem·

142 1380 227 1437 ritum
248 1394 330 1435 suum
357 1378 513 1435 animarum
534 1375 689 1448 corruptori
714 1391 763 1447 per
782 1374 938 1431 simoniaca
991 1392 1053 1433 rum
1071 1383 1200 1446 tuorum,
1222 1375 1328 1434 nullum
1351 1391 1460 1450 quoquc
1480 1374 1614 1449 dignitate
1631 1376 1785 1450 praeditum,

142 1472 312 1531 commercia
326 1466 938 1545 prostituerat‚perioedaelibidinisincestum
993 1470 1034 1527 vel
1055 1485 1191 1543 quemque
1211 1468 1308 1534 alium,
1330 1468 1366 1527 de
1387 1468 1432 1527 bis
1453 1484 1517 1544 quae
1530 1468 1620 1527 eidem
1649 1468 1787 1528 venerabili

142 1582 242 1639 corpus
255 1582 337 1624 suum
350 1566 388 1622 ita
402 1565 431 1621 in
443 1562 640 1622 contumeliam
658 1561 770 1621 diabolo
792 1578 939 1619 consecra·
993 1564 1159 1621 monasterio
1174 1580 1190 1621 a
1205 1574 1231 1620 te
1243 1565 1284 1620 rel
1300 1580 1316 1619 a
1328 1563 1495 1637 quibuslibet
1507 1563 1676 1622 bominibus
1686 1564 1722 1623 de
1733 1581 1786 1638 pro·

142 1667 196 1729 ret,
214 1667 244 1718 et
257 1659 297 1717 sic
317 1659 345 1717 in
359 1674 392 1717 eo
405 1659 498 1716 nullus
520 1658 598 1716 locus
617 1665 771 1730 superesset
785 1655 937 1726 conditori,
994 1657 1123 1731 priojure
1132 1658 1193 1731 jam
1211 1658 1311 1715 donata
1325 1659 1391 1728 sint,
1408 1658 1449 1715 sel
1472 1656 1654 1727 infuturum,
1668 1662 1731 1717 Deo
1742 1660 1788 1717 mi·

140 1769 224 1829 quem
234 1753 309 1812 intus
323 1752 499 1826 exteriusque
508 1752 660 1826 obligatum
671 1758 761 1808 totum
776 1750 829 1807 sibi
839 1747 937 1808 adver·
953 1742 978 1805 B
992 1760 1111 1821 serente,
1129 1752 1209 1809 allata
1235 1751 1346 1822 luerint,
1369 1753 1420 1810 sub
1447 1751 1593 1826 cujuslibet
1609 1769 1707 1811 causat
1719 1770 1789 1812 occa·

140 1848 227 1907 sarius
239 1863 297 1906 non
316 1846 487 1905 vindicasset.
503 1848 560 1905 lieo
577 1855 674 1903 tamen
694 1844 836 1918 hueusque
857 1844 936 1902 mali·
993 1846 1113 1905 sionisve
1135 1847 1234 1919 specie,
1253 1846 1386 1916 minuere,
1415 1846 1458 1905 rel
1471 1846 1591 1917 aulerre,
1606 1864 1640 1905 ac
1667 1850 1726 1907 suis
1739 1850 1788 1907 usi·

139 1942 185 2001 tie
196 1950 312 1999 conatus
322 1940 455 2009 substitit,
470 1939 520 1998 sed
538 1939 745 1997 atrocissimum
757 1937 863 1995 iaciuus
877 1946 936 1995 tur·
993 1942 1044 2001 bru
1056 1941 1191 2015 applicare
1210 1949 1258 1998 aut
1278 1940 1339 1998 aliis
1353 1939 1516 1998 concedere.
1537 1942 1593 1999 Sed
1611 1950 1716 1999 cuncta
1730 1956 1789 2015 qutc

139 2034 336 2108 pissimumque
358 2034 494 2107 llugitium
524 2033 663 2091 horrendo
687 2034 770 2089 etiam
799 2031 938 2104 sacrilegio
992 2036 1081 2093 oblata
1096 2044 1171 2105 sunt,
1185 2034 1275 2093 uelibi
1291 2034 1385 2092 olierri
1399 2035 1582 2109 contigerunt,
1599 2037 1790 2109 perennitenr·

140 2128 300 2185 cumularit.
314 2130 388 2185 llam
410 2126 519 2184 adultas
540 2142 574 2183 ex
595 2126 691 2183 illicito
712 2125 889 2183 matrimonio
904 2125 937 2180 ll·
992 2145 1058 2203 pore
1080 2130 1185 2203 integra
1208 2145 1225 2186 a
1248 2128 1356 2187 clericis
1375 2130 1426 2187 loci
1443 2128 1516 2186 illius
1535 2137 1564 2187 et
1577 2129 1639 2187 sine
1658 2129 1790 2204 inquictu-

140 2220 201 2289 lias,
223 2220 335 2294 praediis
357 2220 480 2277 ecclesiae
502 2227 530 2276 et
551 2218 706 2275 redditibus
729 2219 843 2275 nomine
866 2218 937 2275 dotis
992 2224 1056 2281 dine
1082 2224 1209 2281 volumus
1242 2223 1385 2297 possideri,
1417 2238 1514 2281 eorum
1540 2223 1658 2296 quidem
1686 2225 1792 2293 usibus,

140 2313 255 2383 collatis,
271 2322 355 2388 atque
376 2313 499 2372 alienatis
519 2313 620 2370 scelere
635 2311 832 2369 immanissimo
851 2312 937 2369 mari·
992 2334 1041 2390 pro
1054 2334 1173 2390 quorum
1182 2317 1383 2375 sustentatione
1393 2318 1654 2391 gubernationeque
1663 2334 1793 2377 concessa

139 2407 218 2466 terit.
236 2407 290 2465 llis
308 2406 497 2481 iniquitatibus
518 2414 674 2478 coopertus,
696 2406 823 2463 eamdem
845 2411 938 2461 tamen
992 2419 1057 2468 sunt
1070 2409 1160 2466 modis
1178 2410 1305 2467 omnibus
1319 2409 1476 2484 prolatura.
1500 2414 1568 2468 ilaec
1588 2412 1675 2485 igitrrr
1698 2411 1792 2471 omnia

139 2500 281 2561 molosiam
294 2500 471 2559 dilaceratam
492 2496 710 2570 dissipatamque
724 2498 746 2554 si
761 2497 841 2554 liccat
856 2498 936 2553 inclt—
992 2519 1054 2576 qua
1079 2502 1160 2577 buJus
1174 2503 1294 2577 praedicti
1315 2502 1472 2577 decretique
1490 2504 1580 2561 nostri
1597 2506 1696 2578 pagina
1708 2508 1794 2565 conti·

139 2594 205 2653 bare
216 2593 341 2662 molitur,
356 2592 458 2666 quibus
471 2592 506 2649 de
519 2592 610 2649 carreis
623 2590 757 2649 celsitudo
771 2597 817 2649 tua
831 2591 939 2648 noverit
991 2605 1038 2656 net
1052 2607 1110 2655 tam
1123 2596 1170 2654 tibi
1195 2614 1278 2671 quam
1299 2598 1404 2655 cunctis
1418 2598 1465 2672 qui
1489 2597 1539 2656 tibi
1565 2598 1742 2657 succmrim
1757 2600 1790 2657 in

139 2688 217 2746 illum
227 2687 287 2761 jam
312 2687 386 2744 bertii
409 2686 483 2743 Petri
508 2685 624 2760 apostoli
646 2685 752 2758 spiculo
771 2684 936 2758 perfossum,
992 2702 1155 2765 perpetuum
1168 2692 1304 2751 servando
1321 2691 1508 2750 decernimus.
1526 2692 1554 2749 Si
1574 2692 1637 2766 quis
1655 2708 1719 2751 vero
1732 2692 1788 2767 epi·

139 2789 178 2853 0²2
206 2780 257 2839 ¹15³*
278 2780 389 2839 ⁸⁰⁰¹&ss
415 2779 572 2853 resipuerit,
597 2779 772 2836 anathemate
793 2775 937 2836 mortifero
991 2794 1199 2859 scoporumaut
1216 2785 1392 2855 clericorum,
1407 2785 1449 2843 uel
1465 2786 1642 2855 saecularium
1661 2802 1792 2861 persona·

139 2890 198 2933 ease
221 2874 396 2933 damnatum.
421 2874 595 2947 Quapropter
618 2880 732 2945 paterna
756 2872 889 2930 charitate
910 2880 938 2930 te
991 2896 1052 2937 rum
1069 2880 1140 2937 banc
1154 2879 1357 2937 constitutionis
1371 2888 1473 2938 nostrae
1494 2880 1621 2955 paginam
1635 2897 1790 2955 agnoscens

17 3020 20 3025 .
138 2968 298 3041 admonere,
312 2977 464 3026 etcausam
478 2967 598 3025 breuiter
616 2982 752 3040 exponere
770 2966 937 3033 studuimus,
990 2982 1086 3031 contra
1104 2974 1196 3031 venire
1218 2974 1375 3045 tentaverit,
1396 2975 1541 3048 potestatis
1556 2973 1729 3052 honorisque
1751 2974 1793 3035 di·

136 3062 312 3121 aeternare
333 3077 383 3136 pet·
403 3060 589 3135 ignorantiam
611 3068 669 3119 itm
690 3060 803 3117 ecclesio
827 3059 935 3117 homini
968 3068 1092 3147 ¹gnitate
1106 3076 1394 3142 careat‚reumqnesc
1408 3068 1503 3127 divino
1520 3069 1625 3143 judicio
1645 3070 1682 3129 dc
1700 3086 1792 3145 perpe·

142 3156 240 3215 tandiu
263 3157 293 3214 in
316 3155 439 3213 tenebris
460 3155 518 3212 suis
541 3154 641 3228 jacenti
669 3154 785 3211 ulterius
805 3153 936 3211 auxilium
954 3128 1060 3218 “rrara
1081 3160 1222 3233 iniquitate
1243 3170 1400 3236 cognoscat,
1422 3162 1512 3221 etnisi
1532 3178 1594 3237 quae
1616 3164 1655 3221 ab
1668 3164 1716 3223 illo
1729 3172 1793 3223 nant

138 3248 271 3323 llfflbffl·
292 3264 360 3307 ΜΘ
373 3248 509 3307 ⁸⁰⁰¹ffl¹¹¹¹
523 3248 581 3321 ⁰5⁰⁸
601 3255 630 3306 ¹0
652 3246 815 3322 Wlfssillssm
840 3246 933 3314 boias,
990 3255 1063 3312 mala
1073 3254 1162 3312 ablata
1175 3256 1340 3325 restituat,a
1361 3256 1535 3314 sanctissimo
1549 3273 1669 3331 corpore
1685 3274 1719 3317 ac
1731 3274 1791 3317 san·

137 3344 186 3403 sed
199 3343 257 3403 sedi
271 3343 438 3417 apostolica,
452 3343 608 3415 nocuitque
620 3341 734 3399 monitis
746 3340 870 3399 modeste
884 3356 935 3414 pa·
989 3351 1069 3423 guine
1087 3349 1137 3407 Dei
1153 3349 1264 3406 Domini
1277 3349 1477 3423 Redemptoris
1491 3352 1579 3409 nostri
1594 3353 1664 3409 lesu
1678 3352 1789 3421 Gbrisb',

137 3437 226 3496 rendo
242 3438 321 3496 illurn
334 3453 351 3494 a
363 3446 390 3496 te
405 3437 535 3511 repellns;
551 3436 594 3494 rel
604 3436 688 3494 etiam
702 3444 734 3493 ut
756 3435 869 3493 tandem
881 3434 935 3492 ali-

136 3531 247 3606 quando
257 3532 310 3590 sibi
322 3530 458 3599 cernulat,
472 3540 555 3603 atque
571 3531 608 3588 ad
628 3529 782 3587 remedium
796 3529 935 3602 poeniteu·

136 3625 182 3683 tito
195 3624 349 3697 confugiat,
367 3623 467 3683 blande
483 3622 637 3693 suadendo,
648 3622 672 3680 si
686 3624 798 3697 poteris,
808 3622 933 3679 inducas.

136 3720 207 3775 llam
216 3718 286 3776 tales
301 3719 329 3775 in
347 3718 420 3774 ιιιιΙο
435 3726 637 3789 perseverantes
659 3714 751 3773 iouere
762 3725 791 3774 et
803 3715 934 3789 adjurare

137 3809 204 3868 nibil
216 3818 258 3868 cat
278 3809 351 3868 aliud
363 3826 447 3883 quana
460 3809 531 3867 bam
544 3808 660 3866 Domini
675 3818 769 3867 contra
790 3826 821 3867 se
835 3826 934 3882 proso·

136 3920 209 3962 care.
233 3906 291 3962 llos
319 3919 384 3961 vero
404 3903 569 3975 supradictae
592 3902 721 3960 Ecclesiae
757 3902 934 3960 sillictionem

52 4018 57 4027 ¹
135 3998 241 4057 diutius
261 4012 318 4055 non
340 3996 471 4065 lerentes,
485 3998 545 4054 Deo
572 3995 733 4067 inspirante,
760 3996 848 4052 virum
872 3996 934 4055 ritae

135 4091 305 4164 probabilem
327 4098 518 4163 etoompertee
539 4088 681 4162 religionis
704 4086 772 4146 inibi
792 4088 934 4148 ordinari-

136 4200 200 4243 mus
225 4194 255 4243 ct
275 4183 506 4252 consecravimus,
528 4181 653 4240 videlicet
669 4186 699 4240 S.
719 4182 829 4240 lllelanii
850 4184 933 4241 abba·

135 4287 195 4339 tem
210 4279 268 4353 qui,
287 4296 351 4337 cum
375 4279 412 4336 ob
431 4277 500 4335 alias
512 4292 608 4335 cauam
626 4291 695 4350 quas
719 4278 857 4350 explicare
871 4295 933 4352 pro·

136 4374 225 4433 baum
245 4383 298 4445 cst,
319 4372 356 4431 ad
381 4387 434 4431 nos
452 4371 581 4440 venisset,
603 4370 780 4445 pontiacum
810 4389 881 4431 onus
899 4390 933 4431 er

988 3444 1094 3501 alienus
1113 3443 1171 3513 liat,
1185 3452 1269 3518 atque
1283 3444 1313 3500 in
1331 3452 1435 3502 aeterno
1449 3444 1578 3503 examine
1600 3444 1740 3505 districtae
1751 3446 1790 3505 ul·

989 3538 1054 3595 tioni
1069 3537 1218 3611 subjaceat.
1233 3538 1347 3596 Cunctis
1358 3547 1450 3597 autem
1463 3538 1553 3596 eidem
1565 3538 1628 3597 loco
1639 3538 1718 3615 justa
1736 3556 1790 3599 ser·

989 3632 1114 3689 rantibus
1132 3633 1169 3690 sit
1182 3648 1233 3705 par
1246 3631 1361 3689 Domini
1372 3632 1462 3691 nostri
1480 3636 1545 3691 lesu
1568 3632 1684 3701 urent,
1697 3643 1731 3692 ut
1745 3634 1790 3693 bic

989 3724 1110 3783 iuratum
1126 3726 1206 3784 bonae
1217 3724 1329 3783 actionis
1343 3726 1485 3797 recipiant,
1499 3735 1528 3784 et
1540 3727 1614 3800 apud
1628 3727 1789 3787 districtum

985 3819 1107 3893 judicem
1121 3818 1236 3893 praemia
1247 3827 1358 3878 aeternae
1368 3819 1441 3893 pacis
1458 3820 1608 3879 inveniant.

1024 3916 1127 3971 Datum
1139 3915 1284 3971 lateranis
1297 3913 1441 3972 Kalendas
1454 3915 1621 3974 Nouembris
1631 3930 1682 3991 per
1692 3930 1789 3977 manos

988 4007 1073 4078 Petri,
1093 4016 1196 4067 sanctae
1214 4011 1351 4067 Romanae
1376 4009 1502 4069 Ecclesia
1531 4008 1685 4085 presbyteri
1700 4010 1787 4069 cardi·

987 4101 1059 4159 nalis
1075 4116 1106 4158 ac
1124 4102 1336 4173 bibliothecarii,
1352 4118 1426 4161 anno
1448 4118 1482 4163 rr
1498 4104 1677 4176 pontificatus
1687 4102 1787 4163 domni

988 4194 1210 4268 Gregoriipapae.
1337 4267 1425 4325 xxx

989 4362 1039 4419 Grc
1059 4362 1114 4416 orii
1128 4360 1181 4418 Vll
1193 4357 1306 4431 epistola
1318 4360 1356 4417 od
1379 4364 1535 4422 Germanos.
1550 4392 1586 4404 —
1603 4364 1749 4437 Significat
1760 4380 1787 4424 ιι

135 4468 275 4543 insperato
289 4466 385 4527 subire
401 4464 562 4539 compulsus
574 4472 626 4521 est.
640 4468 684 4523 De
699 4481 755 4539 quo
768 4467 974 4562 confidimus„
1024 4434 1081 4557 ἐξ
1091 4432 1270 4559 ὃαΰῗῖἕξὲζξί
1288 4434 1398 4573 (ἷξοξΐῠῖ
1415 4436 1620 4563 ffirmzietgittissc
1653 4441 1789 4569 um

135 4564 164 4623 ln
175 4566 307 4637 Domina,
316 4563 379 4637 quia
388 4562 424 4634 si,
436 4569 468 4620 ut
476 4561 664 4621 desideramus
672 4560 821 4635 litterisque
833 4564 934 4622 nostris
1023 4578 1117 4631 ,prem
1131 4542 1162 4630 ,je
1177 4576 1239 4632 gg„
1252 4577 1410 4649 recipiatur.
1569 4522 1635 4566 ⁰⁸⁸⁰·
1704 4526 1722 4566 ‘¹

18 4700 21 4705 -
136 4659 321 4731 multipliciter
334 4658 484 4731 implorare
497 4656 665 4725 curavimus,
682 4656 837 4730 principum
852 4666 934 4717 terrtc

136 4751 274 4810 bonorum
297 4750 419 4809 uirorum
450 4751 568 4824 gratiam
599 4758 627 4807 et
650 4749 738 4807 studia
762 4750 861 4808 babere
875 4766 934 4809 me-

135 4846 233 4915 ruerit,
247 4844 371 4903 Domino
384 4850 560 4918 cooperante,
575 4843 627 4901 sub
650 4844 683 4901 B.
694 4845 767 4903 Petri
782 4845 933 4919 patrocinio

136 4938 279 4998 ecclesiam
292 4939 322 4996 in
331 4937 430 4996 tnelius
439 4937 613 4996 restaurabit.

473 5072 586 5130 xxnt.

207 5188 288 5260 ilttllo
300 5198 425 5272 drmorti
439 5198 551 5272 Vllpro
566 5197 675 5257 rateto
686 5198 716 5258 S.
732 5195 863 5258 daiberti

430 5272 640 5332 Cameracensis.

437 5390 630 5457 (Annuitllll.)

134 5490 310 5575 [samana
325 5504 476 5577 saumae
495 5505 613 5564 d'Arrae
626 5508 653 5561 rr
665 5504 699 5561 aa
711 5503 851 5575 amour,
864 5503 931 5563 rur.

312 5578 450 5648 Laeuus,
465 5594 527 5652 pag.
541 5583 606 5648 tlt,
618 5574 647 5633 in
659 5574 754 5651 notia]

169 5697 355 5755 (lacoontos
363 5694 519 5769 episcopus,
531 5708 626 5753 serens
632 5707 775 5751 serrorum
784 5693 846 5763 Dei,
860 5696 933 5753 er-

9 5770 16 5781 ⁸
133 5802 228 5851 sauro
241 5790 341 5853 dilecto
355 5790 385 5851 iu
407 5789 517 5849 Christo
535 5790 603 5857 illio,
618 5789 822 5849 Cameracensis
836 5792 933 5849 lisele-

1287 4674 1379 4737 (Anno
1396 4675 1487 4740 turs.)

1180 4760 1498 4829 [mansuetorum.
1514 4755 1590 4834 tta]

1022 4850 1218 4921 Graeculus,
1230 4867 1325 4909 servus
1337 4867 1479 4910 serrorum
1491 4853 1551 4918 Dei,
1563 4852 1785 4930 archiepiscopis,

985 4944 1131 5018 episcopia,
1151 4944 1280 5018 ducibus,
1301 4946 1460 5018 comitibus,
1485 4962 1610 5007 necnon
1632 4948 1785 5023 maioribus

985 5048 1013 5095 et
1033 5038 1186 5098 minoribus
1211 5039 1241 5097 in
1253 5040 1352 5114 [regno
1378 5041 1594 5099 Teutonicorum
1611 5043 1784 5113 consumar,

984 5132 1142 5191 salutemet
1154 5132 1333 5207 apostolicam
1346 5133 1578 5195 benedictionem.

1020 5228 1089 5296 llos,
1103 5234 1132 5283 et
1151 5226 1257 5299 indigni
1277 5235 1306 5285 et
1319 5228 1427 5287 inutiles
1447 5230 1578 5303 principis
1591 5230 1785 5303 apostolorum

985 5319 1068 5389 serui,
1087 5321 1234 5379 statuimus
1252 5321 1289 5380 ad
1306 5338 1356 5380 tos
1370 5322 1461 5383 dirim
1472 5324 1623 5383 auxiliante
1637 5324 1785 5387 clernentie

985 5413 1087 5483 venire,
1100 5422 1129 5470 et
1143 5422 1338 5489 postponentes
1351 5418 1477 5477 omnium
1487 5417 1611 5477 lldelium
1619 5428 1784 5479 nosuomnr

986 5508 1141 5577 consillum,
1167 5509 1204 5565 ita
1227 5509 1427 5582 profectionem
1440 5520 1565 5572 nostum
1585 5520 1731 5573 meterrene
1751 5522 1782 5573 ut

986 5617 1018 5659 vt
1053 5600 1120 5660 ldus
1155 5604 1278 5662 ianuarii
1298 5606 1372 5681 apud
1375 5644 1524 5667 .......
1567 5607 1687 5669 valituris
1712 5622 1784 5677 enar

986 5704 1076 5754 vestra
1099 5695 1210 5769 quidem
1232 5699 1374 5759 voluntate
1402 5709 1432 5760 et
1458 5700 1608 5773 desiderio,
1626 5712 1662 5761 ut
1683 5702 1807 5763 diducit·

987 5788 1110 5863 probata
1121 5790 1186 5849 lldei
1199 5808 1369 5867 quacunque
1380 5810 1488 5869 aspera,
1504 5794 1574 5855 etti
1596 5796 1785 5859 medum
