3870 6164
145 217 198 270 eor
448 162 452 169 “
501 212 530 267 s
550 208 711 267 eneecntt
728 208 774 264 ιιιι
793 208 869 265 ιιι.
889 207 976 265 elas
995 209 1038 263 ιιι.
1060 237 1091 248 -
1110 206 1268 265 coactus
1288 172 1441 265 nonant.
1749 210 1799 266 soe

145 344 240 395 autem
259 342 365 405 orator,
379 334 436 392 sive
460 333 629 407 peregrinus,
653 341 702 390 aut
720 333 807 392 viator
829 333 857 390 in
870 339 1014 402 terrag«
1036 333 1198 406 opuserlum
1218 347 1299 389 suum
1314 332 1441 406 scripsit.)
1462 331 1546 390 Unde
1567 341 1598 389 et
1618 331 1712 389 adlrue
1724 332 1800 389 multi

146 430 452 489 excommunicatorum
476 429 592 498 venerit,
607 427 654 483 uhi
668 443 726 484 non
740 428 827 500 possit
843 442 944 495 emere,
1001 450 1014 476 ι
1036 425 1138 497 vivunt,
1154 427 1202 500 qui
1221 427 1326 484 eisdem
1341 428 1463 484 conciliis
1483 426 1688 489 interluentntc
1707 426 1756 498 qui
1774 432 1801 482 et

145 532 261 581 autnon
277 523 361 580 babet
375 522 449 579 unde
474 529 561 590 emat,
583 521 618 577 ab
633 521 877 578 excommunicatis
898 537 945 577 ac·
1000 542 1013 568 ι
1033 520 1113 578 nobis
1136 520 1172 577 de
1196 520 1292 578 iisdem
1310 521 1447 579 'conciliis
1478 521 1640 579 fidelissime
1664 518 1798 577 testificati

145 617 260 691 cipiendi
284 618 423 674 licentiam
445 616 555 672 damus.
572 619 607 672 et
628 615 650 672 ei
675 616 736 687 quis
757 614 946 672 excommuni·
1001 623 1109 672 «eunt.
1126 638 1139 663 ι

145 711 214 768 calis
227 726 285 768 non
298 711 500 768 sustentatione
512 709 649 781 superbiae
664 710 732 778 [tepe
750 725 800 782 pro
814 715 946 766 sustenta
1035 708 1227 782 Berengarius,
1242 711 1290 783 qui
1303 710 1422 782 primam
1440 710 1504 767 fidei
1526 707 1742 782 professionem,
1754 724 1796 764 an·

144 803 230 871 tione,
250 819 307 860 non
329 803 476 876 superbiae,
492 811 558 871 etc,
578 807 610 858 ut
640 819 726 872 supro
747 803 840 858 concil.
866 805 943 859 Rom·
999 804 1370 871 n01059,coramNicolao
1393 820 1462 876 papa
1475 803 1588 872 lecerat,
1609 801 1796 859 secundamin

143 898 196 965 tv,
219 898 333 966 litun]
345 896 393 953 sed
408 896 587 952 humanitatis
599 911 681 952 causa
703 894 807 968 aliquid
821 894 886 951 dare
899 908 944 949 vo·
997 896 1050 954 ista
1064 897 1170 970 synodo
1184 897 1248 966 edit,
1263 914 1347 971 quam
1366 897 1498 955 hactenus
1515 897 1652 954 ineditam
1667 912 1702 952 ex
1720 895 1795 953 reteri

143 989 224 1046 luerit
246 1006 304 1048 non
327 989 514 1063 prohibemus.
532 995 633 1047 Actum
648 989 677 1044 in
698 989 809 1046 ecclesia
830 985 945 1046 Domini
998 990 1092 1047 codice
1109 992 1157 1047 hle.
1175 990 1364 1059 hlahillonius,
1378 1001 1446 1049 tom.
1461 994 1497 1048 ll.
1512 991 1647 1049 analect.
1667 989 1795 1047 inobser-

147 1083 296 1140 Saltatoris
331 1099 393 1156 quae
434 1084 586 1157 appellatur
617 1083 810 1140 Constantiana
850 1085 943 1152 [sorta
999 1092 1053 1140 vat.
1069 1083 1105 1141 de
1120 1084 1264 1158 mrrltipllci
1287 1086 1444 1156 Berengarii
1467 1085 1649 1143 damnatione
1679 1084 1710 1139 in
1730 1082 1795 1140 hunc

144 1177 389 1248 Constantinianae,
403 1180 528 1247 Hanni,
543 1194 572 1235 v.
588 1180 683 1234 Nonas
697 1176 801 1233 Martii.
997 1176 1113 1235 modum
1131 1178 1243 1236 exhibet
1267 1197 1274 1235 :
1302 1201 1315 1228 ι
1340 1179 1477 1236 Proliteor
1500 1194 1600 1251 panem
1626 1175 1723 1234 alteris
1741 1182 1795 1249 poet

144 1287 342 1345 Onsnnvnnto
363 1301 393 1343 a.
411 1300 540 1344 anrontr
559 1288 635 1341 Pret
650 1285 687 1339 od
711 1300 755 1339 aa.
773 1283 836 1341 chr.
862 1286 942 1346 tottt,
999 1294 1012 1320 ι
1033 1272 1267 1329 consectationem
1290 1288 1349 1329 esse
1364 1288 1458 1330 terum
1472 1288 1573 1346 eorpus
1596 1270 1714 1339 Christi,
1728 1268 1792 1343 quod

469 1375 504 1419 ιι,
518 1364 536 1412 t
552 1361 576 1412 et
595 1363 623 1412 5.
998 1387 1011 1415 ι
1031 1374 1128 1422 natum
1142 1375 1184 1423 eat
1196 1366 1230 1423 de
1244 1367 1366 1439 Virgine,
1387 1366 1461 1439 quod
1475 1381 1588 1439 passum
1604 1372 1652 1421 est
1669 1364 1698 1420 in
1711 1379 1790 1431 crum,

179 1458 277 1519 Subdit
289 1460 324 1517 de
350 1459 490 1532 veynodo
504 1463 630 1521 Romana
645 1457 791 1515 Bertoldus
805 1457 835 1513 in
853 1457 942 1515 Chro·
998 1458 1107 1532 «quod
1121 1459 1200 1516 sedet
1215 1461 1250 1516 ad
1265 1459 1405 1517 dexteram
1424 1461 1536 1516 Patris:
1552 1466 1580 1516 et
1598 1457 1791 1514 rinumaltetlt

142 1554 227 1611 nico:
253 1558 315 1610 «ln
334 1553 439 1627 synodo
458 1554 510 1610 ista
533 1552 715 1627 Berengarius
737 1550 943 1625 andegavensis
997 1576 1011 1601 α
1031 1561 1177 1625 postquam
1198 1564 1387 1611 consecratum
1408 1562 1460 1621 est,
1486 1568 1546 1610 esse
1570 1567 1672 1609 verum
1692 1551 1789 1624 sangi·

144 1671 157 1696 ι
177 1647 337 1715 canonicus,
351 1656 383 1703 ut
396 1646 431 1703 ah
450 1647 547 1706 haeresi
561 1662 610 1703 sua
630 1646 809 1718 resipisceret,
824 1643 942 1717 synoda·
997 1670 1011 1698 ι
1031 1663 1106 1715 nem,
1122 1649 1171 1721 qui
1189 1648 1312 1705 manavit
1325 1648 1359 1705 de
1369 1649 1457 1705 latere
1475 1647 1589 1704 Christi.
1614 1649 1652 1702 Et
1665 1646 1735 1703 sicttt
1750 1659 1788 1701 ore

145 1761 159 1790 a
179 1739 241 1796 liter
259 1741 430 1809 contenitur,
453 1741 533 1814 eique
546 1740 665 1797 induciae
684 1754 773 1811 usque
793 1738 829 1795 ad
846 1738 941 1811 proxi·
956 1761 980 1825 Β
997 1764 1009 1792 ι
1032 1742 1192 1815 pronuntio,
1206 1743 1244 1798 ita
1270 1757 1318 1798 me
1332 1743 1361 1799 in
1375 1741 1460 1798 corde
1474 1741 1577 1798 babere
1594 1740 1741 1797 confirmo.
1752 1739 1786 1795 Sic

145 1854 159 1883 ι
178 1849 256 1890 mam
277 1831 400 1892 suturam
420 1834 559 1908 synodum
579 1833 689 1891 dantur.
712 1835 805 1888 »Huc
819 1831 942 1889 releren·
998 1858 1011 1884 a
1031 1850 1077 1891 me
1094 1835 1202 1908 adjuret
1215 1839 1300 1903 Deus,
1320 1843 1348 1892 et
1367 1835 1427 1893 brec
1441 1851 1527 1905 sacra.
1544 1858 1558 1885 ι
1575 1833 1727 1890 Verisimile
1738 1840 1781 1901 cst,

142 1927 210 1985 dum
232 1929 307 2000 quod
325 1944 478 2002 anonymus
497 1927 689 1985 Chillletianua
708 1927 736 1982 ιιι
754 1927 886 1999 opusculo
907 1924 942 1982 dc
999 1929 1089 2000 inquit
1103 1928 1287 1997 mabillonius,
1312 1930 1490 2003 Berengario,
1513 1936 1609 2001 postea
1625 1943 1708 2001 quem
1725 1927 1782 1999 prio

142 2023 299 2094 Berengarii
320 2021 510 2079 heresiarchae
528 2021 705 2078 damnatione
719 2019 860 2092 multiplici
874 2018 942 2075 scri·
998 2037 1057 2078 rem
1071 2022 1271 2079 confessionem
1285 2023 1362 2096 quasi
1384 2024 1527 2096 proprium
1544 2021 1693 2078 Humberti
1706 2018 1779 2079 urd-

142 2113 182 2170 bit
206 2135 213 2171 :
236 2138 250 2165 ι
269 2115 524 2172 Reverendissimus
545 2130 614 2187 papa
628 2114 778 2186 Gregorius
791 2115 855 2182 VlI,
878 2127 943 2168 suc·
997 2115 1065 2171 nalis
1080 2114 1166 2172 letum
1180 2124 1238 2172 tam
1261 2116 1401 2183 atrociter,
1424 2117 1524 2189 scripto
1539 2132 1590 2173 suo
1616 2112 1778 2171 aLanlranct

145 2223 266 2265 «cessar
296 2209 457 2276 Alexandri,
480 2209 582 2264 iterum
603 2207 695 2265 eidem
712 2207 876 2279 Berengario
896 2221 944 2263 au·
997 2205 1150 2276 confutato,
1170 2209 1324 2277 lacerasset,
1340 2218 1372 2265 ut
1384 2209 1426 2266 vel
1448 2209 1489 2266 sic
1500 2207 1594 2265 omnis
1614 2206 1740 2265 causandi
1756 2220 1777 2261 ac

146 2324 159 2350 ι
178 2301 311 2359 dientiam
338 2304 368 2359 in
388 2302 495 2359 duabus
520 2301 631 2374 synodis
653 2299 825 2375 generalibus
843 2302 943 2356 Romae
998 2301 1192 2376 tergiversandi
1204 2302 1296 2360 aditus
1316 2304 1342 2360 ei
1365 2301 1592 2377 praecluderetur,
1608 2301 1700 2358 damna
1712 2299 1775 2357 litlot

146 2419 159 2445 ι
179 2397 324 2453 concessit.
347 2395 400 2452 Sed
414 2412 477 2453 cum
500 2396 560 2469 ipse
580 2403 683 2452 sectam
697 2411 776 2452 ettam
799 2393 944 2450 catholicae
998 2404 1163 2468 potestatem
1177 2397 1234 2453 suis
1254 2396 1345 2453 verbis
1367 2396 1520 2469 explicandi
1536 2396 1675 2469 propriam
1692 2394 1723 2452 de
1740 2408 1773 2449 ea

145 2515 157 2539 α
176 2490 240 2547 lidei
260 2490 427 2547 contrariam
442 2488 578 2562 denegare
591 2506 648 2546 non
661 2496 765 2562 posset,
777 2488 877 2545 iterum
892 2485 943 2543 sub
998 2489 1128 2546 charistia
1142 2499 1274 2560 mentem,
1300 2490 1374 2563 quod
1395 2491 1452 2562 ipse
1475 2490 1648 2563 praestiterit,
1661 2488 1728 2546 edita
1737 2486 1773 2543 brt

145 2585 335 2658 «juramento
349 2583 475 2641 eamdem
495 2582 621 2639 abdicare
641 2589 670 2638 et
682 2581 766 2638 lldcm
780 2581 943 2638 catholicam
998 2581 1171 2640 confessione
1191 2583 1321 2652 secunda,
1337 2584 1365 2642 id
1382 2601 1436 2657 qua
1449 2584 1573 2641 subdolis
1594 2586 1652 2640 ocri
1671 2581 1771 2655 corporis

146 2701 158 2726 r
180 2677 304 2751 profiteri
329 2677 441 2751 delegit,
468 2677 540 2733 sicut
565 2677 594 2732 in
609 2675 797 2749 superioribus
820 2674 944 2732 conciliis
997 2681 1023 2732 et
1042 2680 1100 2733 ueri
1120 2681 1261 2751 seopuiuis
1276 2678 1365 2735 verbis
1378 2677 1539 2734 catholicam
1561 2677 1647 2735 fidem
1675 2671 1772 2750 prolitut'

145 2770 255 2828 «lecit.
276 2774 331 2829 Tot
344 2771 425 2844 igitur
452 2770 575 2827 conciliis
598 2770 830 2842 berengarianam
853 2768 941 2826 baere-
997 2769 1151 2841 videbatur3
1185 2771 1293 2829 tametsi
1315 2772 1367 2828 suh
1390 2771 1525 2845 ejtrsmodi
1549 2771 1680 2845 speciosis
1707 2766 1770 2826 lattlt

145 2889 156 2914 a
177 2867 232 2922 sim
250 2865 410 2923 damnatam
429 2864 610 2937 percipimus,
633 2872 693 2920 tum
715 2878 747 2920 ex
762 2862 883 2920 bdelium
904 2877 943 2920 re
997 2862 1125 2921 haeresim
1139 2881 1219 2922 suant
1234 2866 1398 2923 occultabat.
1413 2866 1480 2922 lnde
1495 2865 1603 2922 facturn
1617 2873 1648 2922 ut
1660 2863 1717 2921 hec
1729 2874 1772 2919 coo

144 2984 156 3008 ι
178 2959 281 3016 latione
296 2960 418 3016 virorum
430 2959 477 3031 qui
492 2957 599 3015 eisdem
613 2957 735 3014 conciliis
747 2956 942 3025 interfuerunt,
998 2957 1078 3015 lessio
1093 2959 1237 3031 permultis
1258 2959 1336 3015 istius
1349 2959 1447 3031 synodi
1470 2959 1603 3033 episcopis
1623 2974 1680 3015 non
1701 2953 1771 3014 leetil

142 3077 154 3103 ι
176 3061 235 3110 tum
250 3069 284 3111 ex
305 3053 420 3128 regestis
434 3054 627 3109 Romanorum
639 3049 812 3123 pontificum,
835 3059 896 3106 tum
909 3064 943 3106 ex
996 3051 1072 3120 satis,
1087 3052 1204 3124 ideoque
1218 3054 1330 3110 remissa
1342 3069 1374 3109 ac
1386 3053 1468 3111 dilata
1481 3053 1520 3109 sit
1532 3053 1653 3126 amplior
1664 3046 1770 3124 brrjmtrt'

142 3170 156 3196 ι
176 3147 283 3219 scriptis
301 3146 493 3219 religiosorum
514 3145 639 3203 virorum
656 3144 703 3218 qui
725 3144 760 3201 de
783 3143 825 3200 his
838 3142 941 3200 lldelis-
957 3134 980 3199 C
994 3143 1129 3202 discussio
1143 3146 1170 3201 in
1184 3145 1322 3219 synodum
1336 3148 1401 3202 anni
1420 3146 1622 3219 subsequentis,
1637 3145 1712 3219 cuy'rts
1726 3156 1769 3217 gtt·

142 3263 156 3291 ι
176 3240 246 3298 sime
266 3241 444 3313 seripserunt.
476 3242 546 3296 Nam
569 3238 667 3296 eadem
694 3236 808 3295 concilia
830 3235 936 3294 nostris
989 3236 1207 3312 rialrequentlcr
1220 3242 1413 3313 episcoporum
1431 3255 1564 3297 ntrmerus
1584 3243 1706 3297 Romam
1723 3250 1768 3293 cot·

144 3356 159 3385 a
186 3334 361 3408 temporibus
382 3333 454 3391 infra
475 3337 510 3390 40
529 3349 617 3390 annos
638 3331 777 3390 celebrata
799 3331 941 3405 reperiun·
996 3333 1088 3390 venire
1105 3331 1239 3402 debebat;
1259 3350 1291 3390 ac
1306 3334 1417 3391 interim
1428 3334 1610 3408 Berengarius
1632 3333 1666 3391 ad
1681 3331 1767 3389 idtcot·

145 3450 159 3478 a
179 3435 241 3499 tur3
257 3428 400 3501 quotanni
422 3427 457 3485 ab
471 3426 585 3486 exordio
600 3426 778 3499 pontificatue
791 3426 821 3482 S.
840 3425 943 3482 Leonis
996 3443 1048 3500 pus
1071 3430 1169 3484 Romae
1193 3427 1313 3485 residere
1332 3429 1435 3501 jussus.
1462 3430 1532 3499 Quae
1563 3429 1617 3485 viri
1644 3418 1766 3484 doctittiffl'

142 3543 156 3571 ι
175 3525 258 3595 Papae
277 3538 363 3594 usque
382 3522 411 3578 in
432 3530 596 3594 praesentem
614 3536 718 3577 annum
739 3527 943 3593 computantur,
997 3519 1153 3593 conjectura
1167 3521 1246 3578 valde
1256 3521 1326 3578 milti
1341 3520 1482 3594 probatur.

142 3638 156 3664 a
177 3614 222 3686 qui
234 3621 277 3670 eet
293 3615 327 3671 ab
339 3615 530 3672 lucamatione
545 3613 662 3670 Domini
681 3619 751 3671 1088
768 3613 833 3685 (qno
848 3621 945 3670 auctor

599 3798 649 3861 ao
671 3758 886 3863 coactitia
907 3799 1105 3866 ιιοιιιιιιιι
1127 3803 1152 3864 v
1172 3802 1341 3867 tuntum.

176 3990 247 4047 Cum
278 3987 306 4044 in
328 3986 444 4044 concilio
466 3986 519 4043 isto
543 3988 678 4043 Romanae
700 4000 745 4042 ree
772 3985 940 4043 Cassinensis
993 3989 1121 4061 praesenti
1136 3989 1239 4062 pariter
1256 3990 1350 4062 jussus
1363 3998 1406 4048 est
1428 3990 1492 4047 lidei
1508 4007 1567 4049 suae
1591 3988 1763 4049 confessionem

140 4082 298 4140 monasterii
311 4088 408 4137 contra
421 4081 649 4136 liormaunolum
661 4079 817 4136 invasiones
828 4088 940 4137 assertae
992 4081 1132 4152 exhibere,
1154 4099 1247 4156 quam,
1272 4083 1408 4157 siqnidem
1432 4100 1495 4141 vera
1526 4085 1573 4142 ille
1594 4076 1765 4141 narraverilitt

140 4175 253 4243 luerint,
274 4191 330 4232 non
351 4173 447 4232 dubito
470 4173 619 4247 quominus
639 4172 674 4229 ad
693 4172 766 4229 idem
780 4175 939 4230 Romanum
993 4178 1095 4249 scripto
1110 4177 1230 4250 quodam
1243 4193 1293 4234 suo
1319 4181 1429 4252 vulgato
1444 4180 1471 4234 in
1487 4178 1639 4235 anecdotis
1661 4180 1766 4235 starem

138 4268 287 4327 concilium
301 4267 435 4342 pertineat
457 4267 594 4325 sententia
606 4266 654 4323 illa
670 4266 803 4323 adversus
823 4266 939 4325 eosdem
992 4277 1062 4327 tom.
1087 4272 1133 4339 lV,
1157 4287 1220 4344 pag.
1245 4278 1307 4341 103,
1323 4272 1430 4329 concilii
1451 4272 1524 4328 illius
1546 4274 1642 4329 Patres
1655 4263 1767 4340 tuncqu-

138 4366 316 4421 Normannos
330 4361 394 4428 lata,
407 4375 462 4434 qua
477 4359 590 4418 eosdem
609 4361 785 4434 castigatpro
799 4361 880 4417 simili
894 4361 937 4417 in·
992 4363 1058 4420 dam
1078 4363 1244 4421 catholicam
1260 4376 1443 4438 agnoverunt;
1460 4364 1508 4421 sed
1536 4366 1580 4422 alii
1594 4366 1681 4423 latere
1702 4356 1769 4419 inillt

140 4456 250 4513 vasione
276 4471 371 4513 rerum
394 4454 553 4512 monasterii
571 4454 759 4512 casauriensis
781 4454 822 4511 vel
846 4455 938 4511 Pisca·
993 4457 1088 4513 veneni
1102 4457 1203 4530 aliquid
1222 4458 1342 4516 haeretici
1360 4459 1489 4532 suspicati
1512 4467 1705 4530 persuaserunt
1718 4466 1770 4528 pet·

137 4550 198 4619 rie,
213 4565 275 4622 qum
287 4549 376 4606 insula
389 4557 432 4606 est
445 4548 529 4605 marie
542 4547 674 4604 Adriatici
689 4547 719 4604 in
735 4547 854 4619 Aprutio
868 4547 936 4604 ulte·
991 4549 1058 4606 tilici
1078 4560 1109 4607 ut
1123 4554 1221 4609 Romae
1242 4551 1277 4609 ad
1297 4553 1443 4609 concillum
1466 4567 1553 4624 usque
1577 4553 1713 4627 sequentis
1723 4542 1771 4605 anni

138 4643 215 4700 riori.
232 4645 310 4700 Hanc
326 4641 409 4717 igitur
422 4642 521 4699 damus
537 4658 571 4698 ex
585 4641 721 4698 Chronico
739 4640 862 4715 ejusdem
876 4656 936 4699 mo·
951 4618 977 4682 Ῑ)
991 4643 1070 4700 illum
1091 4644 1238 4702 detineret.
1263 4645 1304 4702 lbi
1327 4645 1473 4702 clariorem
1487 4645 1553 4702 lidei
1566 4661 1625 4703 suae
1645 4640 1770 4704 melesio

137 4737 247 4793 nesterii
260 4736 383 4794 exhibito
398 4738 468 4794 iter.
486 4735 572 4793 italic.
587 4743 656 4792 tom.
672 4738 708 4805 11,
726 4751 784 4807 par.
806 4751 843 4805 ιι,
867 4751 934 4810 pag.
992 4753 1058 4794 nem
1078 4739 1231 4811 exprimere
1249 4748 1360 4796 coactus
1375 4747 1425 4795 est.
1447 4742 1535 4795 Porro
1561 4756 1594 4796 ex
1611 4754 1643 4796 ea
1656 4741 1770 4807 sareap-

139 4834 201 4888 365.
225 4832 341 4903 lnsuper
371 4830 405 4886 de
432 4829 600 4886 investituris
624 4828 788 4902 dignitatum
814 4830 940 4887 ecclesia·
992 4831 1026 4886 rii
1050 4831 1084 4889 de
1098 4832 1181 4889 rebus
1198 4832 1256 4889 suis
1270 4833 1427 4889 narratione
1449 4831 1627 4905 intelligimus
1646 4828 1770 4889 concilium

137 4927 269 4981 sticarum
291 4923 394 4980 alaicie
421 4938 476 4979 non
492 4922 662 4994 recipiendis,
686 4921 799 4981 decreta
818 4923 876 4980 duo
897 4924 941 4980 in·
992 4923 1067 4980 istud
1089 4929 1248 4985 Romanum
1262 4925 1292 4981 in
1313 4924 1458 4982 festivitate
1481 4927 1618 4983 Omnium
1632 4927 1769 4983 &ecloum

135 5027 214 5091 tegra
235 5033 300 5074 cum
323 5032 380 5072 non
402 5017 529 5089 legantur
549 5017 577 5072 in
604 5017 715 5089 synopsi
739 5025 865 5074 actorum
888 5015 938 5073 hu·
992 5017 1117 5091 coepisse,
1142 5018 1223 5092 idque
1250 5035 1315 5076 vero
1339 5028 1399 5075 toto
1418 5019 1466 5075 illo
1491 5035 1587 5076 mense
1610 5023 1770 5092 perseverent

135 5109 506 5183 jusconcilii,quamsolam
519 5109 563 5166 hic
577 5125 626 5183 pro
644 5110 713 5168 actis
726 5109 877 5182 deperditis
892 5126 939 5168 ex·
991 5110 1162 5168 demonstrat
1186 5112 1328 5185 inscriptio
1362 5111 1486 5185 ejusdem
1519 5112 1632 5170 concilii
1657 5112 1685 5168 in
1708 5100 1769 5166 edil't

138 5202 368 5271 hibetLahbeus,
389 5203 549 5275 supplemus
566 5219 599 5260 ex
621 5205 753 5277 opusculo
767 5205 797 5261 S.
810 5203 936 5261 Anselmi
990 5204 1158 5273 Lahbeanis,
1185 5221 1247 5278 quse
1270 5204 1346 5261 diem
1362 5209 1401 5262 lll
1423 5204 1487 5263 Kal.
1510 5204 1673 5263 Decembris
1692 5202 1767 5273 eigel

136 5296 268 5352 Lucensis
280 5305 376 5353 contra
395 5297 554 5353 Wlbertum
569 5297 736 5371 antipapam,
751 5298 799 5354 lib.
815 5313 851 5365 ιι,
872 5313 934 5371 pag.
989 5297 1190 5356 Nunctandem
1205 5297 1408 5357 confessionum
1426 5298 1491 5355 lidei
1511 5298 1636 5372 ejusdem
1655 5300 1766 5364 Berette

137 5395 202 5457 38⁴,
222 5388 289 5446 edit.
304 5391 458 5448 canisianae
482 5391 625 5465 Basnagii3
650 5391 698 5451 sed
712 5401 862 5465 antequam
876 5390 936 5448 haec
988 5391 1023 5448 rii
1034 5407 1067 5449 ex
1079 5392 1176 5449 ecdem
1190 5393 1324 5464 opusculo
1336 5408 1504 5466 promamus.

137 5482 323 5557 proferantur,
344 5484 497 5557 disquirere
522 5484 622 5558 aliquid
640 5485 721 5558 jurat
743 5487 777 5544 de
803 5485 935 5543 haeretIco
1132 5489 1319 5542 duramentum
1332 5489 1494 5559 berengarii
1510 5489 1649 5545 diatonici.

134 5578 310 5650 Berengario,
325 5577 403 5651 cujus
421 5593 503 5635 carisa
516 5594 574 5635 non
593 5580 623 5635 in
636 5577 751 5635 concilio
765 5586 935 5635 tantummo-
1024 5579 1159 5636 Profiteor
1179 5595 1277 5654 panem
1291 5581 1387 5637 altaris
1408 5589 1470 5653 post
1483 5581 1712 5640 consecrationem
1723 5581 1765 5631 ὥ

134 5670 171 5728 do
194 5674 322 5729 Romano
349 5673 488 5744 sequentis
506 5672 569 5728 anni
596 5680 711 5729 tractam
731 5680 784 5740 est,
808 5671 884 5746 quod
906 5680 935 5728 et
989 5687 1085 5727 rerum
1099 5688 1201 5745 corpus
1221 5673 1330 5743 Christi,
1350 5674 1424 5745 quod
1444 5680 1543 5731 natum
1554 5683 1597 5731 est
1612 5673 1647 5732 de
1667 5666 1765 5742 vtrgitc

133 5764 278 5823 Lahbeum
296 5782 350 5822 non
364 5767 458 5835 latuit;
471 5765 518 5824 sed
537 5776 564 5823 et
579 5766 655 5838 quod
674 5764 731 5837 ipse
743 5765 887 5837 ignoravit,
903 5765 933 5822 in
988 5762 1062 5837 quod
1075 5782 1183 5839 passum
1199 5775 1240 5825 est
1260 5767 1288 5823 in
1302 5783 1392 5838 cruce,
1413 5765 1488 5839 quod
1501 5767 1581 5826 tedet
1591 5764 1629 5826 ad
1648 5765 1766 5826 durno
