3870 6164
156 230 206 286 52¹
457 228 463 249 ·’
726 229 826 289 LlBER
844 229 979 289 SEXTUS.
993 261 1035 275 ·-·
1053 231 1156 290 EPlST.
1178 234 1242 290 xlll.

155 360 209 419 est,
233 352 327 424 etqui
352 353 428 426 prius
451 353 480 410 in
504 353 675 412 restitutione
694 355 830 429 praedictae
858 334 954 414 insulae
970 360 1120 423 ADomtat
1147 364 1186 414 est
1205 376 1335 430 raparum,
1358 368 1385 418 et
1405 365 1464 434 ipse
1485 366 1671 423 dominabitur
1689 373 1809 439 centium

154 445 397 515 elaboraturuses,
411 445 587 506 medietatem
601 449 723 505 omnium
744 450 910 520 reddituum,
925 459 956 507 et
1008 449 1098 522 (Psoi.
1113 454 1192 521 xxi).
1220 454 1317 526 Sitque
1338 469 1447 528 semper
1469 458 1498 514 in
1521 474 1579 525 ore,
1593 462 1630 518 sit
1651 476 1759 534 semper
1779 462 1809 519 in

1755 250 1806 303 522
1877 246 1879 250 ’

154 539 207 596 toti
214 554 248 595 ns
263 539 343 612 pretii
356 539 535 598 medietatem
551 558 615 616 quae
625 542 659 600 de
670 543 776 616 placitis
785 534 957 617 acq'uiretur3

155 630 266 691 duobus
283 648 349 690 vero
363 634 626 692 successoribnstuis
639 645 763 708 quartam
776 645 882 710 partem
892 637 956 695 red-

155 724 268 784 dituum
282 727 406 784 ettotius
427 728 503 799 pretii
523 743 585 801 quae
609 728 643 786 de
671 729 775 802 placitis
789 732 955 803 acquiretur,

154 817 190 877 ita
205 828 302 877 tamen
317 829 350 877 ut
363 836 438 877 arces
452 828 480 878 et
501 837 621 897 quaque
644 824 749 880 munita
775 824 834 881 loca
861 840 910 898 per
927 834 956 883 te

152 913 327 987 acquirenda
365 914 395 970 in
418 922 551 987 potestate
579 925 670 974 nostra
706 926 734 974 et
767 934 956 976 suceesmrum

148 1014 317 1065 nostrorum
335 1017 522 1081 permaneant,
539 1025 572 1067 eo
594 1019 746 1081 tenorent,
767 1011 789 1069 si
811 1014 957 1070 necessitas

147 1102 289 1176 exegerit,
303 1100 434 1159 custodes
456 1104 619 1162 eorumdem
637 1105 760 1162 locorum
774 1106 822 1163 tibi
847 1123 958 1164 succes-

140 1192 483 1268 noribusquetuis,salvo
499 1196 562 1269 jure
576 1205 605 1253 et
623 1197 727 1255 honore
749 1200 884 1257 Romanae
904 1204 957 1257 Ec-

140 1288 259 1359 clesite,
277 1287 416 1346 obediant.
431 1289 551 1363 Dignum
570 1291 669 1364 quippe
694 1300 736 1348 est
757 1301 798 1361 ut,
813 1292 882 1350 eiad
906 1295 958 1351 im-

132 1383 267 1457 perinm
295 1389 323 1440 et
347 1397 512 1441 consensum
547 1392 647 1441 mactae
669 1388 805 1444 Romana
831 1388 958 1446 Ecclesiae

135 1475 325 1550 pastoralem
338 1476 490 1535 secundum
513 1478 666 1536 Dominum
686 1481 854 1552 susceperint
866 1480 956 1555 digni-

133 1576 256 1639 tatem,
271 1569 392 1627 habeant
414 1586 448 1628 cx
466 1571 607 1645 largitione
628 1573 872 1647 apostolicaesedis
888 1584 958 1632 tem-

1009 543 1092 602 corde
1112 554 1211 615 vesun,
1235 545 1396 618 quodhunc
1419 551 1584 610 versiculum
1605 556 1699 628 paucis
1726 555 1809 612 inter·

1009 638 1106 709 positis
1126 639 1247 711 sequitur
1260 659 1268 697 :
1280 645 1316 698 lit
1327 646 1419 699 anima
1438 660 1498 701 ntea
1518 648 1561 702 illi
1577 651 1657 713 mitet,
1683 656 1709 705 et
1721 665 1809 705 semaa

1010 747 1098 788 meum
1111 736 1281 805 seruietipsi.
1297 736 1402 792 Notum
1413 746 1506 794 autem
1520 740 1596 797 robis
1609 757 1669 798 esse
1682 743 1809 799 volumus

1011 826 1141 898 qnoniam
1151 825 1320 884 desiderium
1337 838 1464 887 nostrum
1480 841 1531 902 est,
1546 834 1567 889 si
1581 850 1636 906 quo
1651 835 1735 891 modo
1748 851 1809 908 poe

1010 932 1104 976 semus
1117 920 1151 975 ad
1166 935 1213 977 vos
1223 920 1328 993 aliquos
1336 921 1371 979 de
1386 922 1516 982 lratrlhus
1526 927 1635 984 mittere
1649 929 1696 1001 qui
1715 928 1808 986 fideles

1011 1019 1038 1068 et
1052 1011 1127 1069 docti
1140 1022 1231 1070 essent
1243 1015 1277 1071 ad
1300 1016 1482 1075 erudiendum
1493 1035 1541 1077 ros
1555 1020 1672 1077 inomni
1696 1022 1808 1078 scientia

1012 1112 1041 1162 et
1062 1103 1186 1163 doctrina
1206 1107 1233 1163 in
1256 1107 1364 1166 Christo
1387 1113 1452 1167 iesu
1472 1120 1512 1181 ut,
1527 1113 1678 1170 secundum
1694 1130 1807 1189 evange·

1011 1197 1090 1255 licam
1104 1208 1132 1256 et
1150 1201 1330 1273 apostolicam
1344 1203 1499 1261 doctrinam
1522 1205 1649 1263 decenter
1672 1208 1808 1273 instructi,

1012 1291 1041 1348 in
1057 1292 1133 1349 nullo
1147 1294 1301 1352 vacillantes
1321 1298 1427 1365 essetis,
1440 1297 1490 1354 sed
1504 1299 1615 1356 radicati
1642 1308 1724 1373 atque
1744 1300 1807 1358 fun·

1012 1384 1069 1443 dati
1084 1402 1166 1459 super
1177 1388 1271 1445 stabile
1284 1388 1510 1461 fundamentum,
1532 1393 1606 1466 quod
1621 1403 1664 1450 est
1686 1395 1810 1452 Christus

1011 1481 1092 1536 iesus
1105 1482 1130 1553 (Ι
1148 1483 1206 1540 Cor.
1232 1484 1289 1552 111),
1314 1483 1497 1541 abundantius
1515 1487 1757 1559 atqueperiectiun
1780 1489 1811 1546 in

1012 1573 1111 1630 virtute
1137 1575 1187 1631 Dei
1211 1577 1369 1633 cresceretis
1395 1586 1423 1634 et
1446 1579 1597 1636 meandum
1624 1581 1810 1653 operationem

134 1663 296 1737 paralium
321 1680 415 1722 rerum
438 1665 662 1724 sustentationem
682 1677 710 1724 et
733 1666 871 1725 decorem.
896 1671 958 1726 Hoc
1012 1664 1132 1724 hactum
1143 1668 1204 1725 fidei
1217 1678 1319 1727 aeterna
1329 1672 1510 1728 retributione
1522 1671 1637 1746 dignum
1647 1673 1807 1731 redderetis.

131 1756 241 1814 etiam
255 1756 414 1816 addendum
424 1773 484 1815 esse
504 1760 674 1826 censuimus,
688 1768 718 1816 ut
731 1761 760 1817 in
773 1762 883 1834 agendis
897 1762 956 1835 pla·
971 1749 996 1813 B
1011 1760 1094 1830 Quod
1109 1762 1172 1834 quia
1185 1763 1275 1832 nobis,
1288 1771 1348 1820 tum
1368 1774 1480 1836 propter
1491 1766 1720 1839 longinquitatem
1728 1776 1810 1825 terra·

136 1849 220 1908 citis
233 1851 350 1909 nuntius
362 1860 457 1909 noswr
467 1867 576 1925 semper
590 1853 706 1911 intersit.
1012 1868 1086 1922 rum,
1102 1863 1130 1913 et
1143 1857 1261 1913 maxime
1280 1866 1393 1930 propter
1406 1859 1515 1932 ignotas
1528 1858 1637 1932 linguas
1660 1860 1737 1918 raldc
1754 1860 1809 1919 dil-

193 1946 297 2001 Aetum
331 1946 440 2013 homae,
464 1946 585 2004 secundo
616 1946 758 2005 Kalendas
784 1949 958 2018 Decembris,
1012 1945 1084 2004 licile
1097 1956 1147 2016 est,
1169 1965 1300 2022 rogamus
1319 1966 1367 2007 vos
1382 1952 1461 2016 (sicut
1481 1960 1509 2008 et
1523 1953 1580 2025 regi
1603 1958 1746 2011 Dacorum
1761 1952 1809 2012 de·

138 2036 443 2097 indictioneseeunda.
1012 2042 1215 2110 nuntiavimus)
1243 2053 1273 2100 ut
1290 2043 1325 2101 de
1346 2044 1496 2116 junioribus
1512 2054 1540 2102 et
1566 2047 1704 2104 nobilibus
1728 2057 1810 2106 terra
1919 2084 1932 2092 -

427 2139 601 2197 EPlSTOLA
612 2141 691 2198 xnt,
1013 2144 1111 2192 restrae
1124 2134 1158 2192 ad
1172 2138 1355 2208 apostolicam
1365 2138 1458 2194 aulam
1468 2138 1597 2209 mittatis,
1610 2148 1746 2212 quatenus
1759 2141 1811 2198 suh

301 2252 344 2294 m
366 2252 494 2296 omma
519 2253 685 2298 pomam
703 2256 816 2300 nm
1013 2228 1062 2285 alis
1082 2230 1272 2301 apostolorum
1297 2232 1370 2287 Petri
1396 2239 1423 2287 et
1442 2233 1518 2288 Pauli
1542 2233 1627 2289 sacris
1652 2250 1685 2291 ac
1712 2233 1812 2292 divinis

468 2336 657 2400 (annornm)
704 2390 705 2394 η
798 2311 800 2315 ’
1013 2321 1118 2395 legibus
1140 2322 1286 2397 diligenter
1296 2325 1395 2396 edocti,
1408 2325 1570 2397 apostolieae
1597 2326 1669 2384 sedis
1693 2327 1728 2383 ad
1761 2342 1810 2385 ros

144 2424 303 2494 emme
311 2425 476 2496 pameneae,
488 2432 525 2496 et,
537 2429 721 2498 quiapropter
729 2429 845 2485 locorum
853 2431 961 2486 aaran.
1014 2416 1143 2473 mandata
1163 2418 1276 2487 referre,
1301 2434 1358 2476 non
1383 2419 1461 2491 quasi
1476 2420 1572 2492 ignoti,
1598 2419 1645 2477 sed
1661 2420 1813 2494 cognitl,et

197 2497 301 2552 mmet
315 2497 667 2568 iiaqunipaorcatiamnoa
676 2503 960 2570 potestmittereciros
1015 2523 1078 2580 quae
1098 2507 1261 2568 Christianae
1279 2511 1420 2584 religionis
1442 2513 1510 2569 ordo
1533 2514 1713 2585 postulaverit
1739 2513 1812 2586 apud

196 2570 357 2694 gamin
372 2569 693 2653 'eiefflmim‘mdiame
709 2576 789 2640 ’σθαι
801 2573 961 2656 “times
1014 2617 1073 2668 ros,
1096 2618 1152 2659 nou
1175 2604 1254 2675 quasi
1279 2604 1361 2661 rudes
1384 2613 1433 2661 aut
1455 2604 1554 2678 ignari,
1590 2607 1637 2665 sed
1666 2607 1758 2680 lingua
1780 2623 1812 2665 ac

229 2638 458 2710 aobdmscrequo
467 2656 515 2695 suo
524 2641 563 2695 ad
572 2643 748 2712 apostolicam
755 2643 845 2698 sedem
856 2649 960 2711 mittat,

196 2711 253 2779 quq,
262 2709 365 2765 ,prm-s
378 2711 741 2783 peqipmdocpqaposwpqoe
750 2715 821 2768 sepis
828 2715 961 2769 meamea
1014 2694 1127 2751 scientia
1137 2696 1316 2769 moribusque
1328 2697 1477 2768 prudentes
1487 2697 1569 2771 digne
1583 2702 1642 2756 Deo
1662 2700 1813 2772 praedicare

196 2780 961 2855 adenmfmreetpradicoropossiat5fratriboeprater·
1014 2795 1042 2843 et
1063 2787 1290 2861 efficaciter,ipso
1311 2790 1468 2862 adjurante,
1480 2792 1601 2848 excolere
1621 2794 1738 2849 valeant.
1754 2797 1812 2850 Re-

196 2867 225 2907 m
238 2854 315 2922 '⁰9⁵⁸
329 2856 478 2922 Damm’
502 2854 659 2910 ‘mmm
684 2857 763 2938 'elini
781 2857 960 2926 menime
1015 2879 1102 2936 latum
1128 2897 1239 2954 quoquc
1255 2881 1335 2938 nobis
1353 2891 1396 2938 est
1409 2882 1510 2939 fratres
1531 2884 1603 2957 regis
1621 2887 1764 2942 Danorum
1778 2885 1814 2944 ad

195 2924 266 2978 melio
278 2928 359 2994 pacto
369 2940 444 2995 opem
457 2927 542 2993 faut,
555 2926 685 2981 sedeuret
691 2931 784 2995 potrus
795 2933 827 2982 ut
837 2943 887 2982 rea
901 2929 962 2994 fra

195 2997 247 3050 qm
259 3009 324 3050 m,
334 3010 395 3050 mm
407 2996 541 3052 omme
562 2999 704 3070 Μοίρι-αι,
720 2997 767 3052 Ad
782 2998 850 3053 bom
863 3001 962 3069 piaque
1016 2982 1136 3030 vestram
1148 2990 1177 3031 se
1190 2975 1337 3032 contulisse
1356 2976 1557 3045 excellentiam,
1583 2986 1613 3032 nt
1635 2978 1732 3034 restris
1749 2978 1813 3035 vlri-

195 3080 276 3136 opera
301 3067 383 3122 iliam
401 3068 536 3123 halatur.
1016 3066 1069 3124 hus
1085 3068 1227 3142 copiisque
1246 3069 1377 3141 nitentes,
1389 3077 1523 3142 quatenus
1548 3071 1681 3128 cumillis
1699 3086 1814 3143 regnum

194 3161 960 3237 (luconinsepiseapus,semusservorumnei,ourvo
979 3122 1131 3230 cdividat,
1146 3160 1258 3219 lratrem
1271 3177 1368 3236 cogere
1387 3162 1539 3220 intendant.
1556 3164 1625 3234 Quae
1647 3163 1756 3236 quidem
1770 3181 1815 3223 ros

154 3252 386 3314 lorrecchorum
399 3255 608 3330 [Norregorum,
622 3259 749 3334 Mamm]
770 3263 828 3335 regi
842 3261 961 3319 salutem
1013 3262 1150 3326 quantum
1160 3255 1196 3312 ad
1209 3255 1285 3327 regui
1297 3255 1505 3325 detrimentum,
1516 3266 1649 3329 quantum
1663 3256 1698 3315 ad
1714 3258 1814 3316 conlu-

159 3350 381 3423 eapostolicam
392 3349 624 3409 benedictionem.

193 3443 271 3501 licet
281 3459 315 3501 ex
328 3444 542 3502 universalicura
560 3453 662 3504 sanctae
672 3447 864 3519 etapostolicae
877 3447 958 3517 sedis,

159 3536 306 3595 midirina
318 3537 494 3596 miseratione
512 3539 704 3611 presidemus,
722 3539 857 3597 debitores
875 3540 962 3597 simus

161 3630 289 3689 omnibns
303 3631 350 3704 qui
365 3630 467 3689 Christi
489 3632 573 3689 fidem
593 3634 698 3703 colunt,
713 3633 747 3691 de
765 3632 843 3691 robis
856 3643 960 3703 mmen,

1015 3346 1119 3404 sionem
1141 3348 1234 3420 populi
1257 3348 1416 3416 Christiani,
1444 3358 1632 3423 quantumquo
1646 3351 1681 3408 ad
1703 3350 1814 3410 destru-

1014 3440 1137 3497 ctionem
1163 3441 1357 3506 Ecciesiarum,
1373 3442 1474 3514 qulbus
1488 3442 1609 3515 quotidie
1631 3444 1715 3501 vicina
1731 3447 1815 3517 Paga·

1014 3547 1114 3589 norum
1124 3534 1271 3591 crudelitas
1282 3534 1377 3604 inhiat,
1390 3543 1418 3592 et
1432 3535 1516 3592 totius
1524 3541 1606 3593 terrae
1616 3536 1815 3595 desolationem

1015 3626 1139 3696 attineat,
1152 3643 1201 3699 per
1212 3629 1390 3700 semetipsam
1411 3645 1464 3686 nos
1476 3629 1595 3696 Veritas,
1608 3646 1670 3702 quae
1690 3618 1835 3688 Christus
1896 3654 1902 3663 ·

160 3725 205 3798 qui
228 3724 311 3799 quasi
327 3724 357 3781 in
380 3732 506 3782 extremo
531 3725 607 3782 orbis
621 3734 760 3783 terrarum
783 3728 868 3798 positi
884 3727 960 3797 estis,

160 3825 236 3876 tanto
249 3833 304 3875 nos
327 3817 443 3890 majoris
463 3818 659 3876 sollicitudinis
676 3821 746 3877 ratio
760 3821 961 3894 necessitasque

160 3910 319 3969 affirmet
331 3918 438 3984 quanto
458 3927 506 3968 ros
522 3928 620 3970 eorum
640 3913 894 3985 quiinchrlstiana
916 3929 961 3971 re·

161 4002 257 4079 &one
270 4019 321 4062 ros
343 4004 478 4075 mennam
498 4005 638 4063 minorem
663 4007 772 4078 copiam
796 4016 825 4063 et
837 4022 961 4064 neeessa-

161 4098 200 4155 ria
219 4097 421 4157 minussolatia
434 4097 534 4156 nabere
555 4100 756 4172 cognoscimus.
779 4101 960 4171 Quapropter,

1015 3727 1067 3788 est,
1079 3720 1107 3776 in
1122 3721 1271 3794 Evangelio
1281 3721 1369 3792 docet,
1386 3737 1449 3778 cum
1459 3719 1528 3779 dicit
1546 3742 1552 3778 :
1565 3725 1647 3780 Omne
1663 3741 1775 3794 requam
1786 3728 1816 3780 itt

1014 3816 1131 3885 scipsum
1141 3815 1260 3870 diuisum
1269 3815 1447 3883 desombilur,
1462 3817 1594 3873 etdomus
1608 3833 1695 3888 supra
1707 3818 1816 3874 mum

1015 3909 1093 3965 cadet
1105 3911 1182 3975 (Luc.
1203 3909 1258 3981 xi).
1274 3908 1356 3965 Unde
1376 3909 1553 3966 eminentiam
1565 3919 1685 3968 vestram
1698 3910 1727 3968 id
1738 3927 1815 3969 snm·

1015 4019 1129 4076 mopere
1145 4019 1240 4061 carere
1264 4019 1422 4072 monemus,
1446 4012 1478 4060 ut
1498 4004 1600 4061 nullius
1617 4020 1741 4078 unquam
1757 4022 1815 4079 per·

1016 4098 1143 4154 suasione
1157 4096 1186 4153 in
1200 4096 1252 4155 hac
1266 4105 1344 4169 parte
1358 4097 1488 4170 cuiqnam
1505 4113 1647 4154 assensum
1671 4098 1816 4171 praebeatis

164 4188 248 4249 oben
260 4191 479 4265 opportunitate,
489 4192 649 4266 scripsimus
664 4191 741 4250 robis
754 4193 789 4250 ad
803 4191 961 4250 confortan-
1016 4191 1058 4247 vel
1079 4191 1257 4263 adjutorium,
1283 4207 1317 4247 ne
1333 4199 1475 4263 peccatum
1498 4191 1551 4248 hoe
1571 4190 1657 4264 (quod
1683 4192 1764 4262 absit)
1787 4192 1816 4249 in

166 4279 223 4343 darn
242 4285 335 4359 aliquo
359 4284 442 4343 modo
463 4285 577 4360 gloriam
590 4294 710 4343 vestram
725 4286 755 4343 in
773 4285 826 4343 tide
838 4302 900 4359 qnae
920 4293 962 4344 est
1013 4299 1063 4340 ros
1077 4291 1280 4357 retorqueatur,
1297 4298 1352 4340 neu
1365 4283 1399 4341 de
1410 4283 1524 4340 dissidio
1536 4284 1611 4355 regni
1626 4284 1698 4340 illius
1717 4295 1816 4343 contra

169 4373 195 4432 in
210 4377 318 4437 mureto
339 4381 418 4449 iesu,
435 4380 483 4453 qui
503 4378 658 4436 secundum
678 4380 850 4452 propositum
868 4379 961 4437 volun·
1014 4392 1063 4433 vos
1083 4385 1112 4434 et
1127 4392 1243 4450 regnum
1255 4385 1375 4432 restrum
1389 4376 1478 4432 dimna
1488 4376 1639 4449 indignatio
1652 4378 1814 4436 concitetur.

171 4470 335 4530 euml
357 4473 448 4530 Patris
459 4472 522 4543 Dei,
544 4481 709 4546 cooperante
731 4473 833 4546 Spiritu
853 4482 960 4544 sancto,
976 4495 1002 4560 D
1018 4472 1182 4528 Hoeautem
1202 4485 1251 4526 vos
1279 4485 1427 4541 procurare
1450 4469 1565 4526 libenter
1585 4469 1712 4526 volumus
1731 4479 1815 4543 atque

174 4572 213 4631 pto
230 4564 320 4624 sumto
347 4565 442 4624 mundi
456 4565 541 4624 homo
559 4564 649 4623 lactus
674 4575 726 4633 est,
744 4565 779 4623 de
800 4566 962 4624 intemerata
1017 4564 1199 4631 consulimus,
1219 4562 1393 4635 utpraelatus
1407 4572 1459 4619 ‘rer
1477 4565 1622 4619 Danorum
1636 4561 1734 4620 iratres
1749 4579 1816 4622 suos

175 4650 272 4732 Vltg‘ne
283 4666 376 4730 natus,
400 4659 536 4717 mundum
547 4659 723 4717 reconcilians
741 4661 801 4716 Deo
818 4675 867 4732 per
881 4675 958 4716 mor·
1015 4657 1043 4714 in
1056 4673 1173 4732 regnum
1189 4672 1252 4714 cum
1272 4655 1408 4713 charitate
1417 4654 1556 4727 suscipiat,
1576 4657 1651 4714 etita
1666 4656 1704 4713 eis
1723 4656 1758 4715 de
1769 4674 1814 4717 re·

176 4747 220 4807 itu
231 4767 320 4824 mam,
335 4751 429 4811 dalem
445 4761 555 4827 peccata
566 4761 660 4810 nostru
674 4768 724 4825 per
741 4752 961 4826 redemptionem
1015 4751 1095 4825 liquis
1109 4751 1189 4807 bonis
1209 4759 1236 4807 et
1250 4748 1416 4819 honoribus,
1444 4749 1490 4808 ubi
1504 4757 1604 4820 potest,
1620 4750 1765 4809 distribuat
1785 4761 1817 4811 ut

179 4849 226 4908 lit
237 4854 279 4904 et
290 4846 320 4903 in
331 4846 464 4919 sanguine
479 4846 575 4919 ipsius,
591 4855 619 4903 et
640 4846 746 4905 devicta
764 4845 895 4903 mortain
909 4862 957 4904 se·
1015 4861 1066 4901 nec
1087 4845 1149 4901 illos
1165 4844 1276 4915 indigna
1290 4843 1588 4916 angtmtetnocessitas,
1605 4860 1656 4902 nec
1670 4846 1745 4919 regni
1759 4855 1816 4904 sta·

183 4939 283 5014 neum
297 4939 501 4999 conviviticavit
511 4956 544 4997 ac
561 4940 735 4998 resuscitarit
759 4955 810 4996 nos
830 4940 859 4996 in
883 4955 961 5014 spem
1015 4946 1061 4996 tus
1081 4937 1263 4995 labefactetur
1289 4945 1337 4993 aut
1367 4936 1491 5009 dignitas.
1519 4941 1558 4994 De
1581 4947 1680 4995 eaetero
1708 4956 1817 5014 semper

116 5092 118 5099 ,
181 5021 261 5103 itam,
288 5034 320 5092 in
336 5032 527 5092 hereditatem
549 5032 815 5104 immarcessibilem,
839 5033 963 5091 inconta-
1015 5023 1132 5107 cogitate
1157 5032 1192 5090 de
1213 5047 1260 5106 spe
1274 5030 1422 5088 vocationis
1446 5039 1555 5102 restrae,
1576 5039 1604 5088 et
1625 5035 1722 5090 attenti
1736 5035 1771 5093 ad
1784 5052 1817 5094 ea

183 5119 309 5198 libram,
343 5127 531 5200 incorruptam
548 5130 574 5198 (l
596 5130 669 5185 Patr.
682 5133 715 5194 1).
742 5129 775 5183 ln
799 5143 865 5200 quo,
893 5127 964 5185 rictu
1017 5118 1078 5201 qu'ae
1100 5127 1238 5184 Dominus
1256 5126 1285 5182 in
1308 5124 1455 5198 Evangelio
1473 5124 1561 5183 dicit:
1579 5127 1648 5195 Quia
1665 5130 1816 5185 omeutab

182 5217 332 5279 eudimus
350 5221 379 5279 in
400 5220 587 5279 misericordia
609 5221 678 5294 ejus,
706 5220 786 5279 robis
809 5228 903 5293 parata
921 5230 964 5278 est
1017 5224 1119 5278 oriente
1134 5221 1307 5285 claudente,
1319 5225 1344 5275 et
1353 5221 1505 5276 recumbent
1515 5236 1575 5276 cam
1584 5221 1818 5291 tantummono

182 5311 265 5372 &rna
282 5315 358 5374 salus
370 5324 399 5373 et
417 5314 520 5383 rita,si
542 5321 636 5371 nmen
651 5315 680 5370 in
692 5314 740 5371 ilio
752 5329 829 5388 spem
853 5314 964 5371 firmam
1017 5321 1043 5372 et
1055 5315 1137 5372 Jacob
1151 5318 1181 5370 e'a
1198 5330 1279 5385 reqao
1298 5315 1420 5370 calmum
1432 5315 1542 5380 (nant.
1563 5315 1741 5384 r1rr)‚nolite
1764 5326 1818 5375 tar·

183 5405 291 5478 worm
300 5408 389 5466 finem
402 5408 545 5466 tenueritis
559 5409 651 5474 (Hebe.
669 5413 736 5478 111),
750 5395 892 5466 credentes
903 5409 963 5481 (sic-
1017 5407 1095 5478 dare,
1105 5409 1218 5475 currite,
1233 5407 1372 5465 festinate.
1383 5410 1425 5463 De
1440 5406 1653 5464 ultimislinibus
1663 5408 1745 5475 estls;
1755 5410 1817 5481 sed,

184 5496 271 5559 lliiieit
285 5502 428 5577 apostolus
436 5502 547 5568 Paulum
562 5504 731 5573 quouiamiu
747 5504 805 5573 ipso
824 5503 963 5560 inhabitat
1018 5502 1170 5570 sicurritis‚
1197 5501 1221 5557 si
1247 5498 1394 5569 ieiunatis,
1417 5501 1516 5572 primis
1538 5502 1663 5558 Patribus
1679 5501 1709 5558 iu
1731 5518 1818 5576 regno

183 5595 250 5652 w
266 5597 409 5669 plerrdado
428 5596 582 5653 multata
608 5597 788 5668 corporaliter
816 5596 882 5668 (Col.
915 5602 961 5663 11).
1018 5595 1114 5653 sociati
1133 5595 1215 5651 eritis.
1230 5594 1271 5650 Sit
1295 5609 1391 5650 cursus
1405 5603 1492 5650 vester
1506 5593 1585 5664 fides,
1601 5609 1681 5651 amor
1699 5604 1727 5650 et
1747 5595 1819 5653 desl-

182 5676 363 5765 Pllplerqnotl
374 5691 475 5749 serato
492 5689 518 5749 oi
540 5705 606 5747 cum
627 5689 819 5747 omnitimore
833 5690 963 5748 ethumi-
1018 5689 1136 5747 derium.
1160 5687 1202 5746 Sit
1225 5688 1276 5745 iter
1303 5696 1426 5745 restrum
1450 5686 1547 5743 mundi
1571 5686 1687 5761 gloriam
1711 5687 1821 5747 assidue

181 5772 251 5853 leto,
271 5778 509 5857 memoresquod
536 5783 679 5842 Psalmista
700 5782 799 5842 dicet:
827 5785 963 5852 Quoniam
998 5781 1144 5842 meditari
1162 5796 1222 5840 esse
1246 5780 1391 5851 caducam,
1416 5787 1445 5837 et
1465 5778 1528 5836 ideo
1550 5778 1822 5924 cumsmaritudine

305 5872 420 5931 Purser„
439 5872 572 5932 extriti.
