3870 6164
62 295 95 352 a
342 264 347 277 ’
557 294 820 357 raouacouam.
839 329 874 343 -
893 300 1030 357 lars-s.
1050 299 1224 355 caacoau.
1541 344 1543 349 ,
1682 304 1716 359 ao

60 418 167 490 patroni
177 431 279 474 earum
292 416 452 490 significari,
467 417 496 473 in
512 427 643 493 promptu
657 430 709 479 ast.
725 424 779 480 sed
789 441 860 497 quo·
875 435 902 498 Α
916 426 1033 494 tionem,
1051 424 1231 498 eleemosynis
1250 424 1398 491 conditam,
1420 423 1514 480 divino
1530 422 1592 481 fulti
1616 423 1715 482 aumlio

60 509 143 568 modo
166 519 196 567 et
216 517 323 582 portata
341 519 370 566 et
389 519 534 583 exportata
557 513 625 581 sint,
648 529 700 572 suo
724 524 862 590 tempore,
916 527 1099 576 statueremus
1112 516 1187 590 quod
1198 518 1296 574 melius
1311 517 1346 575 de
1360 517 1492 573 electione
1508 517 1625 574 Romani
1640 519 1714 574 Pon·

62 607 119 661 ileo
133 604 289 677 aspirante,
304 604 568 662 demonstrabimus.
916 611 997 668 tilicis
1010 610 1157 667 videretur.
1178 610 1232 668 Sed
1243 610 1352 678 subito,
1365 625 1429 666 cum
1451 609 1598 681 pradictus
1616 613 1713 667 Domi·

367 714 490 772 CAPUT
509 717 558 773 111,
917 720 970 762 nus
993 714 1085 761 noster
1104 707 1176 776 Papa
1202 704 1231 759 in
1255 704 1374 760 Ecclesia
1395 703 1541 760 deamris
1566 704 1715 775 sepulturae

64 831 169 887 E,em-⁰
191 827 226 882 ω
247 830 421 898 Papam„
440 828 510 883 Mn,
528 836 621 885 mm
634 832 700 900 υἱῲ
714 833 861 889 wlumboe:
916 798 1080 865 traderetur,
1103 806 1181 853 onus
1204 804 1246 853 est
1267 811 1381 868 coagnus
1407 796 1542 853 tumultus
1569 797 1660 869 populi
1685 805 1715 854 et

101 899 337 956 mmeramme
355 900 484 968 areperti>
503 901 620 956 immisse·
639 902 771 973 itamari,
796 908 864 978 αφ(
916 890 1053 959 fremitus,
1069 899 1097 948 et
1120 891 1148 946 in
1161 905 1207 947 me
1223 889 1300 963 quasi
1321 889 1410 944 tesam
1431 890 1656 959 insurrexerunt3
1676 891 1713 948 ita

101 982 200 1027 Wit-
916 992 948 1041 ut
961 1001 1023 1041 cunr
1052 982 1186 1057 Propheta
1201 981 1301 1055 possim
1326 981 1416 1039 dicere
1439 982 1530 1039 :Veni
1544 983 1572 1039 in
1592 983 1713 1042 altitudi-

98 1074 236 1129 21.Nunc
252 1071 393 1128 electionis
406 1071 477 1144 eius,
495 1081 557 1145 post
582 1085 703 1132 mortem
718 1077 863 1135 Alexandri
916 1094 979 1135 nem
1003 1077 1096 1146 maris,
1119 1085 1148 1133 et
1167 1083 1314 1149 tempestae
1333 1074 1465 1131 demersit
1494 1090 1554 1145 me,
1580 1075 1711 1133 Laboravi
1811 1096 1819 1131 ·.·

62 1169 152 1239 Papae,
164 1165 323 1238 legitimum
337 1163 474 1236 ordinem,
489 1176 569 1237 prout
589 1167 640 1240 ipsi
660 1169 790 1227 electores
804 1171 863 1243 ejus
915 1172 1046 1239 clamans,
1064 1186 1154 1228 raucae
1168 1168 1324 1226 factasunt
1343 1167 1436 1225 lauces
1460 1183 1543 1237 mete3
1555 1177 1603 1227 et:
1617 1169 1712 1227 Timor

62 1259 292 1332 maseripsemnt,
329 1274 527 1332 proponamus,
571 1271 702 1334 regnante
743 1265 863 1321 Domino
916 1273 945 1321 et
966 1272 1070 1321 tremor
1095 1272 1226 1321 venerunt
1245 1278 1326 1335 super
1347 1276 1401 1330 me,
1414 1270 1442 1317 et
1469 1259 1647 1319 contexerunt
1666 1276 1711 1318 me

62 1361 154 1410 nostro
173 1354 240 1410 iesu
254 1351 374 1421 Christo,
394 1367 466 1409 anno
486 1353 707 1412 clementissimae
731 1359 860 1414 incarna-
915 1357 1044 1415 tenebra.
1069 1357 1121 1415 Sed
1147 1357 1211 1429 quia
1237 1356 1266 1412 in
1290 1357 1358 1412 lecto
1373 1354 1465 1427 jacens
1488 1355 1565 1412 valde
1587 1353 1712 1428 infigatur

62 1448 141 1504 tionis
150 1446 213 1520 ejus
234 1451 296 1513 188,
311 1445 465 1503 indictione
478 1455 506 1503 et
520 1449 599 1504 Luna
619 1464 659 1518 xi,
675 1448 783 1507 decimo
806 1453 862 1506 Ka·
915 1450 981 1506 satia
999 1450 1102 1508 dictam
1125 1465 1248 1522 nequeo,
1261 1449 1401 1522 angustias
1415 1463 1490 1506 meas
1513 1463 1639 1505 enarrare
1663 1463 1709 1505 su·

61 1539 130 1598 lead
155 1540 224 1596 blaii
243 1537 309 1595 icria
333 1537 463 1609 munda,
493 1539 538 1597 die
566 1542 714 1613 sepulturae
745 1544 859 1600 Domini
915 1543 1052 1616 persedao.
1077 1546 1115 1600 Te
1141 1543 1225 1615 igitur
1251 1558 1299 1616 per
1318 1542 1536 1615 omnipotentem
1559 1541 1711 1598 Dominam
1736 1543 1738 1547 “

60 1632 208 1690 Alexandri
225 1632 307 1689 bonae
322 1633 463 1690 memorie
476 1633 588 1691 secundi
603 1637 693 1707 Papae.
719 1638 760 1693 Ne
782 1637 860 1694 sedes
914 1651 991 1709 rogo,
1019 1645 1050 1693 ut
1070 1634 1257 1709 suffraganeos
1280 1639 1388 1693 Fratres
1407 1644 1434 1692 et
1467 1635 1560 1704 Filios,
1586 1650 1656 1708 quos
1682 1635 1711 1692 in

60 1726 218 1800 apostolica
248 1724 298 1782 diu
323 1726 414 1798 lugeat
447 1727 560 1799 proprio
588 1727 716 1785 destituta
735 1732 858 1800 Pastore,
914 1728 1020 1788 Christo
1038 1730 1137 1796 nutus,
1161 1729 1196 1784 ad
1216 1728 1387 1785 exorandum
1408 1733 1496 1786 Deum
1517 1743 1565 1801 pro
1588 1743 1634 1784 me
1647 1744 1711 1801 pro-

59 1819 216 1893 eongrrgati
244 1819 272 1875 in
292 1818 408 1876 Basilica
422 1820 455 1876 B.
487 1820 558 1877 Petri
600 1821 635 1878 ad
662 1822 786 1893 Vincula,
808 1838 861 1881 nos
874 1794 898 1856 B
913 1839 1005 1893 voces,
1022 1831 1092 1879 etex
1106 1837 1168 1878 vcra
1182 1822 1295 1878 caritate
1310 1822 1432 1877 invites:
1462 1830 1596 1893 quatenus
1607 1822 1707 1890 oratio,

58 1922 159 1970 noctae
181 1916 319 1970 Romanae
334 1911 483 1970 catholiea
502 1922 531 1969 et
544 1915 708 1986 apostolica
729 1916 860 1974 Ecclesia
913 1931 974 1989 quae
987 1932 1031 1973 me
1056 1915 1169 1972 liberare
1185 1913 1293 1983 debuit,
1307 1930 1342 1971 ne
1364 1915 1531 1971 incurrerem
1545 1913 1706 1987 perieulum,

60 2006 227 2069 cardinales,
241 2005 348 2073 Clerici,
372 2005 509 2080 acolythi,
531 2005 705 2079 subdiaconi,
727 2009 857 2080 Diaconi,
912 2010 1010 2067 saltem
1021 2016 1131 2066 tueatur
1145 2009 1173 2064 in
1194 2008 1314 2080 periculo
1335 2007 1465 2080 positum.
1487 2010 1530 2064 Tu
1543 2016 1637 2064 autem
1650 2006 1709 2080 ipae

60 2099 231 2173 Presbyten'3
256 2098 439 2171 presentibus
467 2099 665 2157 venerabilibus
699 2102 858 2175 Episcopis3
912 2102 1073 2176 quantocius
1097 2101 1132 2158 ad
1148 2117 1200 2159 nos
1230 2102 1321 2158 venire
1351 2117 1408 2158 non
1434 2100 1635 2173 pretermittas,
1661 2100 1708 2172 qui

60 2191 225 2262 Abbaubtm,
262 2191 372 2251 clericis
400 2200 428 2248 et
451 2192 858 2266 Monaehisconsentientibus,
912 2205 1046 2270 quantum
1062 2198 1188 2252 Romana
1214 2194 1333 2252 Ecclesia
1355 2203 1381 2251 te
1397 2194 1526 2267 indigeat,
1546 2200 1574 2250 et
1596 2193 1624 2248 in
1645 2209 1709 2266 pru·

59 2286 186 2360 plurimis
205 2285 295 2343 turbis
320 2287 463 2358 utriusque
477 2302 560 2344 sexam
580 2285 736 2362 diversique
756 2288 859 2347 ordinis
912 2288 1004 2346 dantia
1025 2297 1071 2345 tua
1099 2288 1226 2345 fiduciam
1245 2287 1353 2358 habeat,
1386 2303 1442 2345 non
1470 2288 1589 2361 ignoras.
1611 2285 1708 2342 Domi-

58 2379 291 2448 scelamantibus3
302 2378 435 2452 elegimus
445 2378 525 2437 nobis
537 2379 565 2435 in
576 2382 719 2438 Pastorem
731 2391 760 2438 et
778 2384 860 2440 Sum·
911 2399 976 2440 nam
988 2389 1124 2457 agnetem
1134 2383 1337 2454 imperatricem
1353 2382 1419 2454 (2ο),
1434 2389 1461 2438 et
1473 2380 1637 2437 llainaldum
1652 2385 1708 2448 (21)

58 2488 133 2530 mum
151 2471 327 2538 Pontificem,
344 2473 433 2528 virum
456 2472 625 2546 religiosum,
640 2475 758 2547 geminae
770 2475 858 2534 scien
912 2475 1095 2533 venerabilem
1123 2478 1278 2533 Cumanum
1292 2475 1450 2547 episcopum
1472 2490 1505 2531 ex
1527 2481 1620 2530 nostra
1633 2482 1709 2546 parte

57 2566 99 2623 tia
112 2564 262 2639 prudentia
287 2564 446 2637 pollentem,
467 2566 604 2639 aequitatis
618 2575 645 2622 ct
655 2567 769 2640 Justitite
788 2584 859 2641 prae·
912 2569 999 2627 saluta
1020 2578 1067 2625 :ct
1079 2577 1214 2642 quantum
1228 2583 1292 2641 erga
1317 2583 1368 2625 nos
1385 2567 1536 2624 dilectionis
1550 2567 1709 2638 habuerint,

57 2658 260 2715 stmtinimnm
286 2665 448 2721 amatorem,
482 2658 512 2715 in
534 2658 654 2717 adversis
686 2659 806 2732 ionem,
830 2661 858 2719 in
912 2678 985 2719 nune
1009 2671 1040 2718 ut
1067 2662 1219 2729 ostendant,
1238 2669 1333 2719 nostra
1365 2661 1422 2718 vica
1440 2660 1556 2718 fideliter
1584 2660 1708 2718 obsecra.

59 2751 196 2825 prosperis
216 2758 410 2823 temperatum,
428 2758 467 2820 et,
491 2751 570 2825 Juxta
594 2752 718 2825 Apostoli
739 2752 859 2825 dietum,
914 2757 985 2811 Data
997 2758 1104 2823 homa,
1119 2756 1223 2811 eral.
1238 2756 1314 2825 Maii,
1327 2753 1479 2811 indictione
1498 2754 1653 2811 undecima.

59 2842 137 2901 bonis
159 2844 288 2901 moribus
308 2852 448 2914 ornatum,
463 2845 607 2917 pudicum,
621 2845 791 2916 modestum,
812 2863 857 2905 so·
947 2855 991 2903 aa.
1015 2847 1174 2921 Gregorius,
1193 2848 1221 2902 in
1249 2851 1407 2903 Romanum
1422 2847 1585 2903 Pontificem
1604 2847 1707 2903 electus

61 2937 162 3006 hlium,
186 2945 307 3006 eastum,
330 2936 506 3010 hospitalem,
530 2937 646 2994 domum
684 2952 764 2995 auam
788 2938 858 2996 bene
912 2938 1067 2998 Gottilredo
1086 2944 1142 3007 (22)
1167 2939 1238 2994 Duei
1278 2938 1394 2994 salutem
1436 2938 1464 2993 in
1493 2938 1614 2995 Domino
1642 2940 1708 2995 lesu

60 3039 209 3103 regentem
226 3029 255 3085 in
275 3029 381 3101 gremio
404 3028 485 3101 hujus
505 3030 601 3087 Matris
622 3030 752 3088 Ecclesia
766 3046 858 3103 apue·
911 3032 1030 3091 Christo.
1041 3033 1125 3091 Grata
1139 3031 1219 3087 nobis
1242 3029 1386 3087 estlaetitia
1400 3035 1457 3100 tsa,
1470 3045 1555 3103 quam
1569 3029 1596 3085 in
1612 3030 1708 3088 litteris

58 3123 117 3180 titia
129 3122 196 3179 satis
210 3121 337 3178 nobiliter
354 3121 502 3179 educatum
514 3131 542 3179 et
564 3096 783 3196 (inclamatque
806 3140 856 3197 pro
909 3127 964 3186 tuis
974 3127 1008 3183 de
1020 3125 1197 3198 promotione
1218 3132 1312 3182 nostra
1335 3131 1363 3180 te
1390 3122 1491 3180 habere
1507 3123 1707 3196 cognovimus;

58 3214 667 3272 vitamaritoinarehidiaconatuahonorem
677 3216 856 3289 usquehodie
912 3236 967 3279 non
986 3228 1018 3277 ut
1035 3218 1090 3276 ltoe
1114 3218 1203 3291 ahqua
1224 3232 1314 3275 musae
1337 3225 1439 3274 noshae
1463 3215 1604 3273 delectatio
1618 3215 1708 3286 iaciat,

58 3309 249 3377 sarblimatum,
279 3307 493 3366 Hildebrandum
530 3308 653 3366 videlicet
680 3309 859 3369 archidiaeo·
913 3313 960 3371 sed
981 3310 1057 3385 quod
1078 3327 1140 3368 eam
1154 3325 1188 3367 aa
1211 3309 1289 3366 fonte
1300 3310 1413 3366 sincera
1431 3309 1582 3366 dilectionis
1596 3318 1623 3366 el
1637 3309 1709 3369 lideli

58 3417 138 3471 num,
160 3416 244 3475 quem
265 3400 365 3458 amodo
390 3416 476 3475 nsque
495 3401 524 3458 in
545 3402 745 3476 sempiternum
757 3412 784 3461 et
800 3419 859 3461 esse
913 3414 1005 3463 mente
1018 3404 1167 3462 derivatam
1188 3417 1247 3459 esee
1260 3419 1317 3458 non
1331 3402 1498 3459 dubitamus.
1521 3405 1621 3458 Nostra
1634 3405 1709 3461 enim

58 3496 85 3551 el
96 3495 153 3553 diei
167 3494 336 3567 Gregorium
352 3497 454 3567 Papam
477 3502 505 3551 et
528 3496 717 3569 apostolicum
732 3497 859 3581 volumus
912 3497 1063 3571 promotio,
1076 3510 1138 3567 quae
1151 3494 1202 3551 tibi
1219 3494 1368 3566 eeoerhque
1385 3492 1510 3551 fidelibus
1522 3494 1596 3565 piam
1611 3493 1646 3551 de
1660 3510 1727 3575 no¹
1755 3560 1759 3565 ,

59 3588 293 3662 rtapprobamus.
320 3587 412 3644 Placet
436 3587 530 3645 vobis?
553 3589 653 3646 Placet.
676 3590 764 3646 Vultis
777 3596 858 3648 eum?
911 3591 954 3648 bis
977 3588 1210 3647 existimationem
1224 3595 1253 3643 et
1272 3586 1403 3660 gaudium
1423 3585 1613 3656 administrat,
1628 3578 1728 3645 nobis'

57 3683 205 3739 Volumus.
220 3681 352 3739 Laudatis
368 3680 631 3740 eumilaudamus.
650 3688 718 3741 heta
728 3686 826 3740 Romae
838 3700 858 3741 x
913 3684 1012 3740 interni
1037 3682 1142 3740 doloris
1159 3679 1374 3737 amaritudinem
1393 3689 1421 3736 et
1438 3679 1532 3737 nintiae
1563 3680 1709 3738 anxietatis

58 3775 179 3832 mend.
198 3775 271 3844 Maii,
294 3775 444 3832 indictione
458 3790 501 3832 xa.
912 3776 1052 3850 angustias
1073 3783 1195 3848 generat.
1223 3774 1354 3831 Videmus
1369 3773 1443 3830 enim
1457 3782 1559 3845 quanta
1578 3789 1630 3829 nos
1643 3773 1708 3831 soli·

96 3873 146 3924 22.
157 3869 217 3940 lpse
227 3884 337 3942 quoque
349 3868 498 3942 Gregorius
507 3868 542 3926 de
558 3870 689 3931 electione
702 3886 751 3928 sua
771 3871 858 3928 eonti-
911 3868 1005 3927 citudo
1032 3869 1192 3925 circumstat
1215 3890 1222 3924 :
1250 3867 1384 3923 sentimus
1406 3882 1493 3940 quarn
1518 3882 1569 3923 nos
1588 3869 1708 3940 suscepti

57 3977 119 4019 nuo
136 3962 187 4017 has
202 3962 275 4019 misit
296 3963 435 4035 epistolas.
465 3963 626 4036 Gregorius,
650 3965 678 4021 in
699 3968 859 4022 Romanum
913 3963 1006 4020 oneris
1026 3962 1133 4019 sarcina
1160 3967 1280 4034 gravat:
1307 3959 1360 4016 sub
1379 3959 1488 4031 quibus,
1515 3960 1582 4016 dum
1607 3969 1710 4017 nostrae

58 4053 225 4112 Pontificem
256 4056 369 4121 electus,
395 4055 535 4114 Desiderio
568 4057 666 4114 Abbati
700 4059 858 4115 Momsterii
913 4055 1080 4114 infirmitatis
1098 4054 1266 4111 conscientia
1305 4053 1408 4122 tramit,
1433 4053 1526 4109 anima
1558 4062 1654 4110 nostra
1681 4053 1710 4109 in

58 4149 86 4205 8.
101 4146 244 4204 Emediclr'
253 4149 355 4205 montis
366 4148 467 4217 Casini,
488 4149 769 4208 salutaminChristo
782 4151 857 4208 lesu.
912 4150 1020 4207 Christe
1034 4149 1126 4222 podas
1146 4145 1333 4205 dissolutionis
1355 4147 1489 4218 reqidmn,
1511 4147 1708 4219 qnemiutan-
1823 4192 1826 4197 .

59 4241 201 4298 Dominus
212 4242 286 4314 Papa
298 4240 452 4299 Alexander
470 4250 596 4299 mortuus
618 4252 679 4301 est:
694 4244 772 4316 cujus
782 4259 860 4302 mora
913 4243 947 4300 tis
960 4242 1086 4315 periculis
1099 4243 1183 4298 eitam
1195 4241 1277 4313 eupit.
1295 4242 1326 4296 ln
1340 4247 1448 4296 mutum
1459 4241 1558 4313 quippe
1570 4240 1710 4297 commissi

59 4349 200 4407 superma
216 4333 323 4402 cecidit,
337 4342 365 4392 et
384 4335 477 4392 omnia
490 4335 598 4393 'viscera
619 4352 679 4394 mea
692 4338 859 4407 concutiens,
914 4337 994 4394 nobis
1014 4335 1098 4393 oidcii
1120 4333 1302 4392 consideratio
1324 4349 1375 4390 nos
1397 4333 1539 4401 sollicitat,
1560 4341 1601 4403 ut,
1613 4333 1667 4390 nisi
1681 4335 1709 4390 in

61 4428 440 4500 penihrsconturharit.llam
452 4428 482 4484 in
496 4438 588 4486 morte
604 4429 716 4503 quidem
728 4431 787 4503 eius
802 4433 860 4487 Ro·
914 4430 1095 4497 orationibus,
1122 4427 1306 4500 spiritualium
1330 4426 1488 4496 hominum,
1519 4435 1581 4498 post
1606 4429 1709 4496 Deum,

60 4535 165 4577 maniis
194 4521 311 4599 populus
343 4531 438 4579 contra
456 4537 565 4580 momm
589 4523 625 4580 ita
647 4524 806 4597 queritat
831 4525 860 4581 in
874 4499 900 4562 Ῑ)
913 4523 1002 4594 aliqua
1013 4522 1112 4579 liducia
1125 4536 1178 4577 nos
1192 4525 1367 4587 sustentaret,
1382 4534 1512 4576 curarum
1522 4519 1710 4577 immensitate

60 4628 147 4671 mauu
166 4622 259 4672 noma
279 4616 383 4672 cosslii
409 4614 486 4672 hena
516 4616 628 4687 timuit,
654 4625 686 4674 ut
724 4617 862 4675 evidenter
915 4631 994 4673 mens
1008 4624 1100 4672 nostra
1120 4614 1324 4672 succumberet.
1341 4612 1465 4669 Peccatis
1486 4612 1563 4668 enim
1585 4612 1711 4669 iacienti-

60 4715 203 4780 sppareret
233 4722 267 4763 et
309 4707 358 4764 Dei
391 4708 575 4766 misericordia
612 4709 665 4767 hoe
695 4711 858 4784 provenisse.
914 4710 976 4777 bus,
990 4709 1028 4765 ita
1042 4715 1198 4780 penetotos
1212 4703 1371 4762 mundusin
1392 4704 1514 4777 maligno
1535 4713 1578 4762 est
1594 4706 1709 4778 positus,

60 4798 144 4856 Unde
165 4808 278 4873 accepto
293 4801 406 4858 consilio
427 4801 480 4859 hoe
495 4801 654 4871 statuimus,
675 4811 708 4861 nt
731 4812 794 4876 post
814 4804 860 4860 tri·
915 4812 948 4860 ut
968 4816 1065 4859 omnes
1091 4801 1132 4874 (et
1159 4799 1294 4873 precipue
1321 4798 1369 4871 qui
1398 4799 1425 4855 in
1460 4798 1580 4855 Ecclesia
1602 4800 1711 4857 Pralati

61 4892 186 4950 duanam
201 4892 350 4965 jejmium,
370 4902 433 4967 post
444 4895 566 4954 Litanias
579 4905 607 4953 et
628 4898 777 4954 multorum
804 4913 861 4955 ora·
915 4901 1062 4962 suntleam
1076 4893 1169 4968 potius
1186 4891 1367 4961 conturbare,
1380 4907 1465 4964 quam
1479 4890 1552 4949 lideli
1566 4890 1712 4951 devotione

96 5119 150 5182 (2⁰)
162 5113 277 5170 flenriai
297 5115 387 5189 quarti
413 5124 501 5173 mater
518 5120 609 5189 Aprica
626 5121 807 5192 imperatris,
828 5138 861 5179 eo
914 5119 1106 5193 imperatricis.
1121 5115 1218 5172 Eidem
1229 5115 1373 5185 epistolam
1386 5114 1454 5172 libro
1471 5120 1488 5171 e
1509 5116 1590 5172 etiam
1604 5117 1712 5191 scripsit

63 5186 175 5259 partulo
189 5194 254 5259 post
264 5184 312 5241 viri
328 5194 448 5242 mortem
462 5188 644 5261 gahemaeula
662 5192 738 5274 regni
753 5193 862 5264 pacifice
916 5192 1066 5250 indictione
1079 5196 1106 5245 t.
1120 5203 1192 5243 anno
1206 5192 1285 5243 tolli.

63 5265 107 5313 cst
117 5257 257 5314 moderata
273 5273 281 5313 a
299 5257 349 5314 sed
358 5266 471 5331 postea,
484 5260 644 5332 Principum
655 5260 755 5318 invidia
769 5264 862 5321 videns
953 5265 1009 5337 (22)
1021 5261 1191 5329 dotlisredas
1205 5275 1253 5316 seu
1265 5257 1442 5325 Godesridas,
1453 5268 1636 5332 cognomento
1647 5264 1713 5318 Ear-
1786 5280 1796 5295 r

64 5329 113 5384 lilii
133 5329 257 5386 ιιιιιιιιιιιι
277 5343 335 5385 ase
350 5343 476 5387 aversum
497 5330 620 5389 discessit
635 5333 664 5389 in
690 5334 794 5390 ltaliam
812 5355 818 5391 :
835 5344 863 5391 et
917 5339 995 5392 batos
1008 5350 1055 5390 scu
1068 5334 1173 5402 senior,
1190 5330 1375 5399 bothariapia
1387 5338 1416 5386 et
1432 5333 1533 5386 luscioe
1549 5338 1626 5401 Dua,
1644 5332 1713 5389 duas

60 5415 115 5471 per
142 5398 259 5456 meditati
282 5401 342 5468 sere
362 5403 431 5456 anai
451 5405 583 5472 spatium,
606 5412 636 5459 ut
663 5404 786 5477 loquitur
804 5409 861 5464 leo
917 5407 1141 5469 habuituxores3
1161 5401 1251 5474 primo
1270 5402 1430 5468 bodemen
1447 5404 1713 5476 quagenuitdode-
1806 5449 1808 5452 ,

62 5470 200 5529 Ostiensis
233 5470 251 5526 Ι.
276 5476 305 5527 8.
328 5471 453 5529 Chronicl
478 5474 631 5531 Casinemh
655 5492 680 5532 c.
703 5482 748 5532 32.
769 5479 863 5534 Casini
915 5479 1024 5549 scidam
1036 5475 1189 5541 wiotum,
1212 5481 1240 5529 et
1258 5475 1289 5530 Β.
1308 5473 1519 5539 [damniticam
1536 5475 1714 5532 Comitiasam
1753 5530 1757 5538 .

60 5546 291 5613 mmmmtoesl,
309 5557 342 5600 ac
358 5542 545 5616 proindoeam
561 5553 627 5602 tune
639 5545 676 5603 ihi
699 5548 861 5607 existentem
917 5550 1048 5617 Boionia,
1064 5547 1143 5619 cujus
1165 5544 1258 5600 Vitam
1279 5543 1406 5600 dedimus
1430 5551 1473 5601 1³.
1504 5548 1617 5619 aprilis.
1643 5547 1715 5602 Dein

61 5615 163 5672 salutat
179 5615 210 5671 S.
225 5613 382 5688 Gregorius
916 5621 995 5679 duait
1021 5634 1092 5674 anno
1133 5621 1212 5672 1054.
1241 5618 1396 5684 Bealnccm,
1435 5618 1544 5672 viduam
1582 5618 1717 5682 &ulfacii

95 5691 155 5753 (21)
170 5682 288 5742 Videtur
306 5684 454 5743 Ilaiaaldue
473 5696 540 5745 tune
562 5688 633 5757 exiri,
661 5688 747 5745 enaim
767 5688 861 5748 inisse.
919 5696 1020 5750 Pacate
1032 5689 1207 5756 herodionis,
1231 5701 1294 5758 quae
1308 5687 1398 5743 eidem
1425 5686 1569 5743 Boniiaeio
1583 5696 1647 5741 ante
1666 5703 1716 5759 gen

62 5759 134 5814 mm
143 5754 337 5839 &Gregprius
346 5756 624 5842 wapolaturepimola
638 5764 683 5813 ab.
697 5758 755 5816 libri
771 5760 861 5833 primi,
918 5772 1016 5821 nuerat
1030 5760 1187 5818 blothildcm
1207 5760 1440 5820 Marchiom'asam,
1460 5773 1508 5813 seu
1535 5758 1714 5814 comitissae.

62 5844 135 5887 nato
150 5832 278 5902 aequem
304 5826 380 5898 dala,
401 5843 429 5886 tn
442 5847 494 5904 qua
512 5829 638 5887 meminit
654 5829 736 5889 dictae
748 5834 861 5901 amaa

1795 5602 1824 5792 l
