3884 6158
142 279 206 334 l‘dll

640 279 687 334 sn
705 277 818 335 orons
835 277 862 334 s
883 264 1280 351 onocomr‘neeonntcos

1717 274 1780 328 1212

141 403 216 476 quod
233 409 391 489 sanctorum
407 399 508 470 legibus
524 403 610 470 possit
624 401 745 458 obviare.
772 427 785 451 υ
808 402 933 473 Proprie,
948 410 974 469 Α
989 401 1181 473 episcoporum
1193 397 1344 471 intelligere
1355 396 1508 453 debeamus
1519 414 1526 452 ε
1538 395 1668 453 videlicet
1678 404 1709 452 ut
1721 411 1782 467 prae

142 498 266 569 inquam,
280 493 457 549 sacerdotum
477 509 532 549 ooo
552 495 704 568 incongrue
717 497 856 565 dicuntur,
871 513 936 552 cnm

141 605 238 646 eornm
256 588 372 659 speciale
388 586 425 642 sit
446 585 569 644 cilicium
594 598 624 645 ut
642 589 693 646 sihi
716 600 743 646 et
764 591 825 646 aliis
836 605 935 646 secun·

140 683 209 739 duni
222 695 342 736 canones
355 680 506 751 providere,
521 690 560 752 et,
574 682 597 737 si
613 683 679 754 quid
701 699 844 756 perperam
858 699 935 740 com·

140 775 280 839 mittitur,
308 774 460 830 secundom
488 776 599 832 eosdem
620 777 768 833 emendare
790 785 933 833 conentur.

140 868 222 924 Unde
235 876 262 923 et
275 884 290 922 a
303 869 330 923 S.
346 868 494 923 Coelestioo
505 884 573 940 papa
586 885 633 925 eos
649 871 776 942 ignorare
792 871 936 943 prohiben-

140 969 195 1017 tur.
211 964 283 1016 llam
297 977 471 1033 nequaquam
484 962 525 1017 rel
541 977 570 1017 se
587 963 629 1018 vel
645 963 714 1019 alios
725 963 877 1020 secundum
892 979 937 1019 ca-

141 1070 229 1111 nones
243 1053 393 1110 ioiorniare
404 1063 526 1124 possent,
542 1056 564 1112 si
577 1071 718 1112 canonum
730 1056 936 1114 informationes

142 1149 309 1222 ignorarent.
327 1150 499 1221 Quapropter
524 1150 710 1207 sacerdotibus
723 1152 875 1208 necessaria
895 1159 936 1208 est

141 1242 257 1298 scientia
280 1258 428 1298 canonum.
449 1245 526 1299 Hanc
544 1252 636 1300 autern
661 1244 742 1300 nobis
767 1245 803 1300 ita
825 1247 935 1317 potissi·

141 1352 222 1391 mum
233 1351 392 1407 comparare
407 1337 566 1408 poterimus,
580 1337 655 1393 sieos
664 1337 822 1410 frequenter
835 1340 934 1412 legere,

990 502 1182 565 sumptuosam
1192 500 1220 548 ot
1231 491 1406 548 ambitiosam
1422 491 1609 547 mutationem
1623 505 1689 546 cum
1704 489 1782 546 ilice

989 603 1026 643 no
1039 587 1153 643 concilio
1165 584 1330 642 damnemus
1341 604 1350 653 ;
1365 584 1551 641 necessariam
1564 598 1632 639 vero
1648 593 1679 640 et
1691 583 1782 639 utilem

988 662 1051 738 cnm
1069 680 1215 753 apostolica
1233 680 1393 735 anctoritate
1403 679 1578 748 recipiamus.

1024 778 1106 843 ltem,
1120 775 1145 829 S.
1162 773 1288 831 Callistus
1299 788 1391 844 papa:
1408 794 1423 820 ι
1438 770 1600 838 Mutandns,
1614 771 1716 844 inquit,
1731 771 1784 842 epi-

989 885 1099 941 scopus,
1111 884 1167 924 noo
1182 881 1268 938 perse
1282 865 1335 922 hoe
1349 875 1422 937 agat,
1431 863 1490 934 sed,
1507 863 1640 920 iratribus
1652 864 1786 920 invitanti

988 964 1051 1029 bus,
1066 978 1129 1018 curn
1142 961 1302 1018 anctoritate
1316 959 1397 1031 hujus
1411 967 1515 1015 sanctae
1529 956 1604 1014 sedis
1620 956 1714 1024 iaciat,
1734 973 1785 1013 ooo

988 1067 1083 1114 mineo
1097 1055 1219 1112 ambitus
1233 1069 1325 1119 causa,
1345 1052 1455 1109 sedant
1472 1052 1637 1108 necessitate
1651 1059 1701 1107 aut
1714 1050 1786 1107 utili-

991 1159 1053 1206 tate.
1068 1173 1080 1199 i
1094 1152 1175 1215 item,
1187 1150 1216 1204 S.
1232 1147 1373 1204 Evarislus
1389 1165 1395 1201 :
1413 1146 1602 1216 «Episcopus,
1619 1145 1723 1217 inquit,
1735 1160 1786 1200 noo

989 1243 1113 1300 dimittat
1135 1241 1283 1298 Ecclesiam
1311 1239 1415 1310 absque
1441 1238 1586 1294 inevitabili
1613 1237 1785 1305 necessitate,

989 1348 1037 1395 aut
1058 1337 1206 1410 apostolica
1230 1335 1272 1391 vel
1288 1334 1404 1407 regulari
1426 1333 1594 1397 mutatione,
1619 1342 1650 1388 et
1668 1331 1787 1388 altecisc

143 1438 170 1485 et
196 1429 225 1485 in
238 1430 351 1502 legendo
376 1431 589 1501 competentiam
608 1447 706 1487 seusus
725 1433 860 1505 inquirere
877 1442 933 1488 stu·
985 1435 1094 1508 jungat,
1109 1431 1230 1488 ambitus
1252 1445 1341 1485 cansa.
1367 1451 1379 1476 v
1408 1426 1611 1498 necnonque
1631 1425 1783 1498 apostolici,

143 1524 267 1579 dearnns.
288 1526 359 1579 Nam
382 1525 507 1595 quamvis
521 1525 590 1580 sacri
615 1540 736 1581 canones
756 1535 878 1597 apertam
895 1528 935 1583 vi-

142 1618 259 1674 deantur
270 1616 440 1688 praeteodere
456 1617 647 1685 litteraturam,
656 1618 744 1675 multa
756 1620 885 1677 tamenin
898 1621 937 1677 eis

144 1711 258 1767 obscura
292 1711 473 1782 reperiuntur,
498 1726 559 1783 quae
583 1728 599 1768 a
623 1713 866 1784 negligentioribus
890 1715 937 1770 ali·

54 1878 67 1887 -
144 1804 255 1876 quando
271 1804 419 1860 lectoribus
438 1805 514 1875 qnasi
535 1806 627 1862 minus
640 1806 738 1862 idonea
759 1806 938 1880 deputantur,

143 1913 204 1969 quae
219 1898 358 1969 aptissima
370 1907 447 1969 suut,
462 1899 484 1953 si
497 1908 688 1971 competenter
707 1901 904 1972 intelligantur.

179 1991 931 2064 UtilludNicaeuiconciliidemutatioucepiscoporum:

145 2101 179 2140 xx
206 2084 288 2155 hujus
302 2085 411 2140 concilii
434 2087 532 2156 capite,
553 2086 662 2156 penitus
680 2086 842 2157 prohibetur
868 2113 881 2137 ι
904 2106 939 2145 ne

126 2178 288 2248 'episcopus
311 2176 466 2232 decivitate
491 2177 519 2231 in
540 2178 676 2233 civitatem
705 2181 888 2252 transmigret
912 2206 937 2237 υ.

143 2273 212 2324 ltem
225 2268 320 2323 beatus
334 2273 470 2326 Damasus
484 2286 550 2341 papa
566 2280 626 2341 post
638 2271 780 2327 Niraenum
793 2274 938 2331 concilium

145 2363 275 2418 omuibus
300 2362 434 2435 episcopis
454 2365 577 2421 scribens
598 2375 656 2421 tant
670 2366 795 2422 districte
809 2371 939 2425 mutatio·

144 2471 207 2510 nent
220 2456 412 2528 episcoporum
427 2458 575 2528 prohibuit,
591 2467 622 2515 nt
633 2461 877 2531 transmigrantem
888 2462 939 2518 sub

146 2549 478 2605 excommunicationem
500 2551 589 2606 locum
603 2568 682 2607 suum
699 2555 877 2623 revocaverit,
896 2557 938 2612 cui

145 2642 228 2697 etiam
258 2642 428 2699 sacerdotale
453 2643 576 2699 cilicium
596 2645 733 2702 interdixit
750 2649 871 2719 quaudiu
894 2649 939 2705 ille

146 2735 258 2802 viveret,
270 2735 293 2790 si
313 2751 395 2806 quern
409 2734 481 2793 inrte
490 2753 676 2794 successorem
685 2739 755 2796 inira
765 2757 845 2798 suam
855 2751 940 2799 trans

146 2827 341 2899 rivigratioocm
354 2831 511 2902 accepisset.

182 2921 349 2976 sanctissimi
365 2930 458 2979 auteur
486 2933 617 2998 martyres
635 2934 663 2982 ct
686 2927 828 2998 apostolici
851 2929 941 3000 ponti·

145 3013 210 3070 dces
235 3017 391 3085 Evaristus,
418 2999 546 3073 Callistus
560 3026 588 3073 et
607 3019 745 3075 botherus
770 3026 832 3076 ante
854 3022 941 3078 Nicae·

989 1542 1054 1584 eum
1067 1526 1178 1582 Nicaeoo
1194 1523 1311 1580 concilio
1321 1523 1349 1578 in
1360 1518 1510 1577 motatione
1524 1520 1724 1591 episcoporum
1734 1534 1786 1574 am

992 1619 1123 1675 bitiouem
1138 1617 1354 1679 damnaverunt,
1364 1616 1557 1670 necessitatem
1567 1628 1636 1668 vero
1646 1625 1675 1668 et
1689 1611 1786 1668 utilita-

993 1723 1049 1769 tem
1064 1709 1262 1768 admittendam
1278 1709 1439 1765 docuerunt.

1030 1809 1086 1862 Nec
1095 1803 1251 1860 mirandum
1266 1802 1341 1874 qnod
1353 1803 1496 1857 Nicaeoum
1506 1799 1660 1856 concilium
1669 1806 1787 1855 nonum

995 1901 1135 1972 signanter
1149 1907 1181 1953 nt
1195 1897 1299 1967 antiqui
1313 1898 1408 1951 Patres
1433 1893 1629 1950 necessitatem
1644 1901 1673 1948 ct
1687 1891 1785 1949 utilita-

997 2003 1053 2051 tem
1068 1991 1214 2062 exceperit,
1240 2005 1303 2045 cunr
1318 1988 1499 2044 mutationem
1520 1987 1720 2058 episcoporum
1736 1995 1788 2040 um

997 2084 1154 2156 simpliciter
1166 2080 1345 2155 prohibuerit.
1371 2081 1442 2135 Nam
1456 2087 1521 2135 ante
1536 2079 1686 2134 Nicaeonm
1699 2076 1788 2133 conci·

998 2180 1064 2235 lium
1075 2176 1250 2233 creberrimae
1268 2173 1469 2246 persecutiones
1483 2171 1629 2243 episcopos
1646 2170 1682 2227 de
1694 2168 1790 2225 loccis

997 2275 1089 2331 locum
1101 2272 1201 2329 mutari
1210 2271 1360 2343 saepissime
1368 2268 1572 2340 compulerunt.
1580 2268 1641 2322 Nec
1653 2265 1694 2321 ibi
1705 2265 1790 2321 locum

997 2367 1110 2425 ambitio
1125 2366 1224 2422 babere
1239 2372 1355 2435 poterat,
1367 2361 1413 2418 ubi
1428 2360 1602 2434 potissimum
1623 2357 1715 2415 illead
1727 2373 1790 2413 mar

996 2462 1099 2534 tyrium
1118 2459 1269 2517 ducebatur
1287 2457 1335 2529 qui
1349 2456 1411 2512 aliis
1432 2454 1616 2527 praeeminere
1640 2451 1789 2508 videbatur.

996 2558 1056 2612 lloc
1069 2555 1164 2626 utique
1177 2551 1262 2608 sancti
1278 2550 1398 2607 Romani
1411 2547 1556 2620 pontifices
1566 2560 1665 2603 verum
1684 2560 1744 2602 esse
1756 2553 1792 2600 te

995 2658 1111 2712 stantur,
1133 2648 1181 2720 qui
1215 2661 1282 2717 pene
1298 2657 1393 2701 omnes
1412 2650 1477 2698 ante
1489 2641 1636 2698 Nicteoum
1650 2638 1791 2696 concilium

995 2741 1128 2815 martyrio
1137 2739 1259 2797 coronati
1277 2739 1413 2810 leguntur.
1426 2739 1451 2790 Α
1462 2743 1588 2805 tempore
1600 2742 1699 2789 autem
1711 2734 1791 2789 llice}

996 2838 1025 2894 oi
1053 2834 1171 2900 concilii,
1191 2833 1284 2889 sedata
1299 2829 1489 2902 persecutione
1503 2826 1727 2899 aliquantolum,
1739 2839 1791 2882 ono

995 2939 1056 2986 tarn
1080 2926 1233 2984 necessaria
1268 2923 1409 2979 videbatur
1443 2921 1561 2977 mutatio
1588 2921 1789 2992 episcoporum,

997 3040 1060 3080 cum
1071 3022 1131 3094 jam
1151 3020 1267 3075 liberum
1281 3025 1353 3073 esset
1366 3014 1513 3087 quemlibet
1523 3015 1581 3070 suis
1602 3010 1791 3084 ovibospraeri

147 3123 215 3164 nom
235 3109 394 3176 concilium,
411 3111 528 3182 quisque
554 3112 582 3166 io
597 3127 647 3168 suo
661 3121 796 3184 tempore,
812 3115 977 3197 omnibusc
994 3123 1068 3184 dere,
1096 3116 1149 3180 vel,
1174 3111 1219 3168 uhi
1240 3110 1358 3179 deesset,
1382 3109 1466 3165 olium
1489 3106 1647 3162 secundnm
1661 3120 1790 3162 oeoooem

146 3201 280 3273 episcopis
295 3202 427 3271 scribens,
441 3205 620 3260 mutationem
637 3205 828 3277 episcoporum
839 3207 940 3264 licitam

145 3291 208 3351 iore
222 3296 384 3351 docuerunt.
403 3299 441 3352 Ex
457 3298 556 3368 quibus
566 3300 594 3354 S.
611 3299 750 3355 Autlrerus
762 3301 864 3356 multos
881 3317 942 3357 sao·

147 3397 207 3443 ctos
233 3391 328 3445 Patres
346 3390 380 3446 de
407 3390 469 3446 loco
497 3391 525 3446 in
551 3391 642 3448 locum
669 3394 817 3449 translatos
842 3411 941 3451 nonre-

149 3481 236 3550 ravit‚
265 3490 296 3538 ut
317 3486 430 3538 Petrum
455 3483 490 3540 dc
504 3485 644 3541 Antiochia
659 3488 791 3554 Romani,
818 3496 846 3543 et
860 3491 943 3544 Ense-

147 3573 224 3630 bium
249 3574 282 3631 de
297 3577 416 3647 quadam
437 3593 517 3649 parva
538 3578 645 3633 civitate
665 3579 867 3636 Alexandriam.
889 3581 944 3637 Sed

147 3667 217 3722 banc
244 3667 432 3724 diversitatem
447 3671 485 3725 ita
504 3670 665 3742 simpliciter
680 3672 828 3744 intelligere
850 3689 942 3745 posse-

149 3774 211 3814 mus
225 3767 256 3814 nt
271 3760 338 3816 illud
364 3763 518 3817 necessitati
533 3763 740 3832 persecutionis,
757 3766 829 3823 istud
850 3775 942 3822 autem

149 3850 266 3906 libertati
281 3853 356 3923 pacis
376 3853 569 3918 ascriberetur,
585 3857 608 3910 si
623 3872 759 3928 nusquam
785 3868 812 3914 et
828 3859 856 3915 in
870 3858 944 3930 pacis

148 3951 274 4013 ternpore
299 3942 456 4014 hujusmodi
482 3949 651 4017 permutatio
668 3947 741 4004 iacta
767 3952 942 4022 reperiretur.

148 4034 230 4103 Quod
248 4037 311 4108 quia
332 4052 451 4108 persaepe
474 4046 501 4093 et
521 4039 605 4095 modo
631 4042 700 4097 solet
721 4042 838 4109 evenire,
862 4043 943 4099 aliam

148 4129 326 4201 expositionis
356 4133 571 4203 competentiam
597 4134 781 4207 inquiramus,
808 4139 943 4209 praecipue

150 4223 224 4278 illam
240 4239 293 4294 qua
310 4232 418 4280 sanctos
431 4227 527 4281 Patres
549 4235 576 4282 et
597 4226 624 4283 in
640 4244 707 4300 pace
719 4238 747 4285 et
776 4230 803 4285 in
818 4245 943 4302 persecu-

148 4315 224 4372 tione
236 4317 269 4373 ad
284 4317 399 4373 invicem
411 4319 594 4376 concordasse
618 4331 816 4379 monstremus.

182 4411 262 4467 Dicat
278 4427 343 4483 ergo
362 4420 476 4469 sauctus
494 4415 635 4469 botherus
649 4415 713 4486 quid
732 4417 766 4471 de
791 4418 942 4473 mutatione

995 3212 1130 3272 ordinare.
1147 3210 1210 3263 Non
1218 3220 1284 3277 ergo
1296 3202 1452 3260 mnaodum
1465 3203 1517 3258 sili
1521 3201 1603 3258 icaeoi
1619 3203 1716 3257 Patres
1727 3214 1788 3267 noo,

995 3315 1027 3364 ut
1049 3302 1226 3374 antiquiores,
1240 3299 1269 3354 in
1287 3313 1336 3353 sua
1349 3295 1535 3370 prohibitione
1555 3294 1661 3366 aliquid
1679 3307 1788 3364 excepe

996 3401 1062 3461 rint,
1081 3412 1146 3452 cunr
1172 3395 1231 3465 jam
1254 3407 1312 3446 uon
1331 3400 1388 3446 tarn
1412 3388 1607 3445 rationabilem
1629 3385 1790 3458 exceptionis

996 3505 1108 3549 causam
1131 3485 1288 3551 habuerint;
1303 3483 1455 3556 presertim
1479 3495 1543 3538 curo
1562 3479 1787 3550 necessariaiam

996 3584 1116 3641 ambitus
1137 3584 1300 3635 notarentur
1317 3576 1473 3648 quicunque
1484 3573 1543 3646 jam
1566 3588 1627 3630 oon
1645 3571 1788 3629 necesaria

997 3677 1115 3734 alienam
1134 3674 1226 3731 sedent
1242 3670 1345 3727 ambire
1363 3669 1530 3725 viderentur.

1032 3769 1086 3826 Sed
1103 3767 1263 3825 Sardicense
1275 3763 1434 3827 concilium,
1449 3762 1493 3817 cui
1509 3760 1592 3818 Osius
1615 3763 1746 3834 Magnus,
1761 3765 1788 3813 ut

997 3864 1110 3920 Nicaeno
1130 3859 1258 3924 concilio,
1286 3855 1427 3928 praeinisse
1447 3854 1558 3926 legitur,
1581 3863 1613 3909 et
1633 3853 1785 3910 senteutiam

997 3959 1119 4030 ejusdem
1134 3956 1238 4013 concilii
1250 3955 1283 4011 de
1299 3954 1451 4010 mutatione
1460 3952 1657 4025 episcoporum
1669 3953 1706 4008 ita
1712 3964 1786 4022 expo

998 4054 1085 4109 suisse
1112 4051 1224 4107 videtur.
1249 4048 1380 4105 Prohibet
1399 4047 1483 4113 enirn,
1501 4046 1590 4115 capite
1608 4047 1710 4118 primo,
1724 4068 1736 4092 «
1755 4057 1787 4097 oc

997 4149 1057 4221 quis
1070 4147 1258 4219 episcopatum
1277 4151 1364 4198 mutet
1382 4158 1430 4214 per
1445 4140 1596 4210 ambitum,
1613 4153 1727 4213 eumque
1742 4135 1785 4209 qni

997 4244 1034 4298 ita
1059 4240 1205 4296 mitiaverit
1227 4238 1309 4293 etiam
1337 4236 1402 4290 laica
1433 4235 1635 4291 commuuione
1657 4233 1747 4306 privat
1769 4251 1782 4280 s

995 4336 1069 4391 ilinc
1087 4337 1119 4389 B.
1137 4334 1194 4387 Leo
1207 4346 1274 4402 papa
1288 4332 1311 4397 l,
1327 4329 1471 4385 Anastasio
1489 4325 1725 4383 Thessalonicensi
1738 4323 1786 4396 epi·

995 4443 1079 4498 scopo
1106 4424 1237 4490 scribens,
1265 4422 1398 4480 deliberat
1420 4430 1450 4477 ut
1483 4439 1498 4473 r
1524 4422 1677 4493 proprium
1703 4419 1787 4475 locunt

147 4504 339 4576 episcoporum
356 4505 407 4560 sini
434 4506 558 4563 videatur
579 4525 586 4561 ε
601 4529 614 4554 s
637 4510 698 4563 Non
713 4511 811 4564 transit
825 4510 858 4566 de
872 4511 940 4566 civi·
955 4518 980 4582 1)
996 4519 1091 4593 perdas
1104 4528 1130 4574 et
1149 4517 1267 4572 alienum
1281 4532 1338 4571 non
1350 4515 1472 4572 detineat
1485 4513 1656 4585 quicunque,
1670 4512 1789 4585 despecto

148 4604 204 4651 tate
227 4598 255 4652 io
268 4598 405 4654 civitatem
418 4615 469 4655 nec
483 4599 648 4656 transfertur
668 4600 703 4656 de
718 4602 820 4657 minori
833 4603 867 4659 od
882 4621 939 4659 nra-

144 4688 237 4761 jorem
252 4691 299 4760 qni
324 4689 377 4746 hoc
394 4708 450 4747 non
465 4693 571 4749 ambitu
597 4710 649 4749 nec
671 4695 779 4766 propria
803 4697 941 4753 voluntate

152 4779 229 4844 iacit,
243 4783 291 4838 sed
311 4784 394 4838 autri
412 4800 427 4838 a
442 4787 552 4856 propria
575 4788 639 4843 sede
661 4789 766 4859 pulsus,
788 4798 835 4845 ant
848 4805 942 4847 neces-

149 4873 228 4928 sitate
242 4883 356 4930 coactus
377 4885 426 4931 ant
440 4878 556 4935 utilitate
583 4881 634 4935 loci
651 4882 690 4936 vel
706 4882 808 4954 populi,
823 4899 879 4939 non
895 4899 941 4940 su-

149 4967 241 5038 perbe,
253 4966 299 5023 sed
315 4966 456 5023 humiliter
467 4970 501 5025 ab
516 4972 576 5026 aliis
595 4975 746 5028 translatus
760 4983 787 5030 et
805 4976 942 5032 inthroni-

148 5067 287 5116 natusest.
300 5061 372 5116 tiam
385 5061 457 5117 sicut
473 5062 590 5135 episcopi
606 5064 707 5120 habeut
721 5074 884 5138 potestatem
899 5085 942 5125 or-

148 5151 245 5208 dinare
258 5151 420 5224 regulariter
440 5154 582 5227 episcopos
595 5163 622 5210 et
646 5156 764 5229 reliquos
774 5162 940 5229 sacerdotes,

147 5245 197 5312 sic,
220 5246 331 5318 quoties
352 5245 452 5301 utilitas
470 5255 519 5302 aut
536 5248 680 5304 necessitas
693 5251 823 5322 exegerit,
845 5269 942 5325 supra-

148 5337 221 5393 dicto
233 5339 468 5397 modoetrnutare
482 5348 510 5396 et
520 5340 704 5398 inthronizare
718 5352 881 5414 potestatem
897 5348 942 5403 ba-

149 5431 224 5499 bent,
253 5441 418 5488 nontamen
440 5434 501 5490 sine
515 5444 700 5493 sacrosanctae
713 5440 848 5496 llornanae
869 5441 942 5497 sedis

147 5525 310 5580 auctoritate
333 5535 360 5581 et
386 5526 505 5583 licentia.
527 5528 589 5584 Alia
600 5529 700 5585 etenim
720 5540 762 5588 est
777 5549 859 5590 causa
871 5535 943 5589 utili·

148 5617 213 5673 tatis
225 5625 252 5672 et
270 5619 453 5686 necessitatis,
475 5629 503 5676 et
516 5622 566 5677 alia
579 5623 698 5680 avaritia*
713 5633 738 5680 el
752 5628 942 5698 praesumptio-

149 5711 192 5767 nis
210 5721 258 5767 aut
280 5713 395 5783 propriae
414 5715 571 5771 voluntatis.
592 5720 686 5774 »Ecce
701 5735 784 5790 qnam
797 5730 890 5793 aperte
903 5723 942 5777 vir

147 5805 200 5861 iste
218 5806 384 5878 apostoliens
400 5810 480 5866 uobis
502 5812 625 5869 insinuat
644 5811 710 5884 quid
733 5811 941 5872 demutatione

994 4612 1116 4685 proprio,
1133 4611 1252 4666 alienum
1276 4625 1324 4680 per
1335 4607 1518 4663 ambitionem
1549 4603 1677 4663 obtinere
1690 4604 1786 4662 dcs'de·

994 4715 1047 4763 rat.
1076 4729 1089 4754 ν
1111 4704 1138 4761 Si
1152 4718 1215 4776 ergo
1232 4703 1268 4758 ita
1282 4701 1446 4758 sententiam
1460 4700 1564 4756 Nicaeoi
1579 4699 1692 4756 concilii
1712 4698 1787 4754 intel·

996 4798 1152 4861 lexerlmns,
1167 4810 1339 4867 nequaquam
1354 4794 1383 4848 in
1397 4794 1450 4849 hoc
1467 4793 1550 4849 alicui
1567 4792 1726 4848 rationabili
1737 4788 1786 4863 epi

996 4907 1143 4964 scoporum
1159 4887 1307 4945 mutationi
1321 4885 1552 4951 contradicemus,
1565 4885 1657 4942 sicubi
1670 4886 1750 4941 etiam
1764 4882 1786 4937 io

995 4993 1091 5041 nostro
1105 4993 1229 5055 ternpore
1254 4979 1414 5052 hujusmodi
1440 4978 1590 5034 necessitas
1611 4977 1746 5051 exegerit,
1765 4983 1787 5030 tt

996 5077 1144 5150 apostolica
1157 5074 1304 5132 auctoritas
1314 5072 1371 5128 lieri
1390 5071 1570 5129 consenserit.

1033 5173 1101 5225 ltem
1124 5168 1210 5224 sancti
1237 5170 1330 5224 Patres
1351 5162 1574 5236 frequentissime
1591 5165 1739 5235 prohibent
1758 5175 1787 5216 nt

996 5278 1061 5319 oves
1080 5276 1161 5318 suum
1176 5268 1325 5333 pastorem,
1357 5259 1411 5314 nisi
1426 5258 1455 5313 in
1476 5255 1530 5312 lide
1544 5259 1691 5327 erraverit,
1717 5269 1786 5312 acen·

996 5364 1065 5421 seut,
1087 5352 1267 5424 subditosque
1293 5360 1467 5408 accusatores
1484 5350 1671 5421 prolatorum
1693 5362 1786 5406 excato

995 5448 1176 5505 mttnicandos
1191 5455 1218 5502 et
1242 5445 1354 5503 infamia
1373 5443 1510 5504 notandos
1529 5454 1709 5503 censuerunt.
1725 5444 1787 5500 Bet·

995 5549 1039 5596 tus
1053 5550 1146 5595 autern
1160 5540 1323 5612 Gregorius,
1337 5539 1460 5595 scribens
1472 5536 1574 5595 loanni
1587 5536 1784 5595 Corinthiorum

996 5635 1135 5706 episcopo,
1149 5635 1276 5700 Paulum,
1306 5632 1499 5705 Euplteminm,
1518 5631 1676 5701 Thomam,
1690 5630 1784 5691 Ciam·

999 5728 1066 5784 tium
1093 5727 1208 5784 clericos
1222 5726 1374 5794 damnavit,
1395 5741 1428 5782 eo
1446 5722 1520 5797 quod
1534 5725 1682 5799 proprium
1695 5724 1786 5798 epistt

996 5838 1063 5896 pum
1084 5820 1267 5894 proquodam
1282 5819 1398 5877 crimine
1413 5832 1542 5876 accusare
1552 5832 1612 5875 non
1631 5816 1783 5877 obetmist

1824 6006 1830 6035 l
