3870 6164
54 277 115 331 est
513 275 657 331 aremii).
680 277 721 331 ΙΙΙ.
744 307 777 314 -
795 275 1003 333 denumerata
1024 279 1253 336 GREGOlllANA.
1655 299 1706 350 938

57 398 218 471 suppliciter
232 406 263 454 ut
283 398 468 455 calamitatem
480 406 588 455 tantam
610 399 770 472 dignaretur
784 400 857 472 aspi·
872 401 1040 472 Apraedicta
1060 404 1148 460 oratio
1172 405 1284 478 scripta,
1306 406 1393 463 oculis
1410 415 1585 483 superposuit
1608 425 1636 472 et
1655 418 1706 473 ab·

58 508 133 549 cero.
147 491 274 548 Taliter
267 492 350 564 igitur
362 491 473 548 cranti'
465 508 495 547 m
506 492 560 562 via,
575 491 645 549 dum
657 492 793 562 veniebat,
809 509 858 551 oc-
911 495 1016 564 stersit;
1032 504 1059 551 et
1085 490 1214 570 deinceps
1227 507 1334 572 recepta
1350 501 1419 557 lucis
1432 503 1564 575 claritate,
1576 516 1607 565 ut
1619 510 1705 581 prius,

57 585 150 642 currit
161 583 321 641 desideratae
340 584 406 643 lucis
419 583 537 643 medela.
910 596 992 644 nocte
1004 595 1031 644 et
1045 587 1090 646 dic
1103 605 1158 646 non
1184 592 1291 664 expavit
1312 592 1442 651 lectioni
1435 597 1571 655 insistere.
1587 604 1706 659 liverar-

95 679 203 736 Pariter
223 677 338 751 quidam
365 676 399 734 de
413 678 571 751 episcopatu
583 679 740 748 Tarvrsmo,
751 679 857 737 lumina
911 679 962 737 dns
985 681 1107 753 quidam,
1125 684 1292 758 Francigena
1312 702 1421 759 genero,
1444 690 1540 747 ordine
1554 694 1705 767 presbyter,

58 771 96 830 ad
108 772 251 845 proprium
268 787 350 828 usum
365 771 456 828 laxare
472 772 614 845 nequibat.
625 774 796 846 Hicquoque
811 789 856 830 ve·
911 773 1056 831 nobiscum
1070 777 1247 848 superaderat
1263 796 1270 833 :
1295 780 1337 835 cui
1358 781 1454 839 ambos
1466 784 1588 842 minores
1602 786 1706 860 digitos

56 865 138 923 niens
149 866 184 923 ad
198 864 383 923 venerandum
403 864 552 936 tumulum,
563 867 664 940 recepit
678 875 779 940 optatae
789 867 857 924 lucis
911 866 991 924 unius
1015 884 1115 926 manus
1149 878 1225 943 gutta
1256 872 1347 930 subito
1375 878 1571 948 superveniens
1604 881 1706 954 rigidos

56 958 203 1033 gaudium.
910 958 1075 1032 reddiderat,
1092 971 1120 1019 et
1141 972 1248 1036 partem
1269 965 1351 1037 palmi
1368 969 1479 1041 pariter,
1507 980 1535 1028 et
1546 973 1705 1044 juncturam

95 1052 189 1110 Puella
204 1052 331 1126 quaedam
345 1051 445 1124 pariter
467 1050 558 1109 luerat
571 1050 687 1119 invilla,
702 1050 744 1108 cui
762 1051 858 1125 vulga·
910 1069 964 1126 qua
979 1070 1076 1111 manus
1103 1056 1218 1114 brachio
1231 1057 1353 1117 nodatur
1366 1060 1435 1119 adeo
1456 1064 1609 1137 arripuerat
1630 1069 1706 1141 quod

57 1146 97 1204 ris
123 1162 190 1203 usus
217 1145 316 1203 indidit
341 1145 591 1214 ncmenldairana,
619 1144 753 1201 acivitate
766 1144 857 1202 Brixia
910 1146 945 1204 ad
974 1148 1076 1204 nullius
1093 1147 1178 1206 oflicii
1191 1166 1273 1208 usum
1295 1168 1356 1209 eam
1378 1154 1517 1215 inllectere
1539 1159 1654 1217 valebat.
1671 1165 1707 1218 Et

57 1256 117 1297 non
130 1239 250 1297 multum
264 1248 378 1296 remota.
393 1239 465 1295 Huic
479 1248 506 1295 et
532 1238 634 1313 linguae
647 1254 712 1295 usus
732 1238 858 1295 interclu·
910 1240 976 1312 quia
989 1241 1075 1297 totius
1088 1241 1195 1299 brachii
1211 1245 1281 1302 vires
1303 1247 1388 1304 etiam
1403 1247 1568 1321 deiecerant,
1591 1255 1706 1327 corrigia

57 1349 108 1392 sus
121 1331 221 1401 luerat,
245 1341 273 1389 et
294 1332 400 1406 aliquot
412 1331 612 1402 membrorum,
629 1340 728 1404 practer
741 1348 857 1388 manum
911 1333 940 1389 in
961 1334 1032 1391 collo
1059 1336 1141 1408 ligata
1165 1352 1328 1410 suspensum
1352 1340 1496 1399 brachium
1517 1347 1701 1404 sustentabat.

57 1427 197 1494 dextram,
212 1441 263 1484 suo
277 1424 368 1483 cilicio
391 1423 468 1498 iungi
491 1425 632 1499 nequibat.
647 1425 725 1481 Hanc
740 1424 857 1480 misera·
910 1424 1067 1485 Prandente
1081 1444 1187 1488 eccum
1201 1432 1286 1503 ipsius
1298 1435 1442 1506 consociis,
1453 1436 1565 1495 advenit
1577 1440 1707 1512 quedam

58 1520 124 1578 bilis
138 1527 237 1589 mater,
254 1519 421 1577 seminecem
435 1527 569 1591 spectans,
587 1519 686 1576 devota
703 1516 815 1575 devovit
828 1533 858 1575 se
911 1521 1086 1593 paupercuia,
1098 1537 1131 1579 cx
1144 1523 1277 1583 charitate
1291 1527 1319 1584 S
1331 1528 1453 1585 Anselmi
1465 1538 1563 1601 petens
1574 1532 1627 1589 sibi
1647 1533 1706 1592 dari

58 1630 124 1673 eam
132 1613 288 1671 delaturam
299 1613 335 1671 ad
349 1613 513 1670 sanctissimi
527 1610 689 1669 confessoris
701 1627 855 1668 misericor
910 1612 1135 1688 eleemosynam:
1151 1633 1197 1689 qur
1191 1616 1325 1676 fractum
1337 1637 1436 1692 panem
1453 1639 1537 1680 manu
1551 1639 1600 1681 sua
1614 1628 1704 1708 porri·

58 1707 150 1775 diam,
163 1707 240 1781 quasi
262 1709 348 1764 altera
364 1707 518 1764 Cbananaea
533 1706 641 1777 (Metti
661 1711 714 1775 xv)
728 1722 779 1778 pro
799 1705 856 1761 lilia
911 1721 978 1780 gens
991 1723 1056 1765 mcx
1067 1717 1179 1767 sanatus
1193 1720 1235 1768 cst
1252 1728 1267 1768 a
1283 1713 1412 1785 praedicta
1421 1715 1595 1775 infirmitate.

58 1809 199 1874 rogatura.
211 1803 295 1857 Juxta
309 1800 393 1873 igitur
406 1800 449 1857 sui
463 1800 748 1873 votipromissionem,
762 1816 855 1872 paren·
872 1772 897 1836 Β
947 1800 1054 1870 Quod
1046 1805 1295 1875 impresentiarum
1308 1822 1420 1864 narrare
1441 1808 1589 1879 contendo,
1611 1813 1706 1871 nullus

59 1893 136 1951 tibus
149 1909 209 1950 eam
232 1891 427 1963 deterentibus,
444 1893 567 1965 puella
560 1909 589 1949 ιιι
602 1893 646 1948 via
660 1892 799 1966 etlinguae
814 1909 858 1950 re·
906 1908 1031 1964 perversa
1046 1896 1279 1955 mentelictitium
1293 1899 1334 1955 vel
1364 1899 1524 1959 fabulosum
1535 1903 1705 1964 contendere

58 1988 135 2060 cepit
148 1985 284 2056 cilicium,
291 1986 452 2044 etomnium
462 1985 654 2042 membrorum
667 2002 763 2055 usum;
775 2001 858 2059 quam
907 1996 1064 2057 prasumat.
1090 1989 1179 2046 Pestis
1204 1990 1281 2047 adest
1299 1991 1382 2065 hujus
1396 1993 1435 2050 rei
1459 1994 1535 2052 idem
1553 1996 1622 2069 ipse,
1647 1999 1704 2071 qui,

55 2080 136 2154 juxta
150 2088 275 2138 sanctum
298 2081 456 2153 sepulcrum
476 2080 578 2153 gratias
604 2077 706 2136 referre
719 2082 778 2135 Deo
791 2077 858 2135 vidi·
907 2078 1053 2137 confractis
1064 2096 1123 2138 non
1137 2081 1376 2156 modiciscatenis,
1388 2087 1517 2158 praesidio
1537 2090 1706 2147 sanctissimi

58 2190 145 2243 mus,
163 2182 191 2231 et
205 2173 290 2247 ipsius
304 2183 412 2248 patrem
440 2172 522 2246 hujus
548 2173 589 2230 rei
602 2174 715 2232 dantem
731 2173 857 2229 testimo·
907 2171 1073 2232 confessoris
1085 2176 1210 2233 Anselmi
1220 2176 1385 2235 mirabiliter
1406 2187 1448 2236 cst
1462 2178 1592 2238 liberatus
1602 2183 1636 2241 de
1654 2199 1706 2240 an·

58 2267 150 2326 nium.
466 2288 479 2307 s
907 2267 997 2338 gustia
1011 2268 1136 2326 carceris
1163 2271 1358 2329 contestantur
1380 2273 1483 2345 pariter
1507 2283 1614 2334 catcnae
1635 2293 1706 2335 con-

96 2361 331 2421 Convenicntibus
356 2360 451 2418 multis
477 2360 511 2416 ad
534 2368 662 2417 sanctum
693 2375 793 2432 corpus
809 2375 858 2432 pro
907 2356 1000 2416 lractae
1025 2363 1206 2432 presentibus
1228 2364 1379 2438 episcopis·
1403 2366 1576 2426 audientibus
1597 2372 1707 2453 populis

59 2455 235 2526 impetranda
250 2470 309 2511 suat
319 2453 486 2510 infirmitatis
497 2452 615 2521 medela,
628 2452 740 2525 quidam
749 2467 860 2525 quoque
908 2451 1064 2524 praedicavit
1076 2464 1105 2512 et
1118 2457 1253 2528 praedicat
1279 2473 1338 2515 suae
1353 2460 1490 2531 captionis
1513 2462 1703 2522 miserabilem

59 2549 96 2607 de
123 2547 187 2607 loco
215 2549 336 2621 Carpum
362 2549 492 2614 nominc,
511 2547 582 2603 ultra
609 2545 734 2602 Athesim
757 2547 859 2617 posito,
908 2560 1062 2602 aerumnam
1077 2556 1104 2604 et
1124 2548 1294 2606 liberationis
1308 2551 1513 2622 predicandam
1531 2555 1670 2614 laetitiam.

59 2642 155 2715 portui
169 2640 338 2713 chignano
348 2640 475 2713 proximo
487 2637 660 2697 adveniebat.
669 2639 733 2708 Qui,
746 2654 860 2694 manum
944 2640 1101 2707 Crescente,
1114 2640 1186 2698 sicut
1198 2641 1300 2713 ubique
1315 2650 1453 2701 terrarum
1472 2655 1571 2704 notum
1584 2657 1636 2716 est,
1663 2666 1708 2706 va·
1778 2684 1785 2695 ·

58 2734 166 2792 babens
178 2741 346 2791 contractam
360 2732 544 2790 etbracbium
558 2732 684 2789 ariditate
699 2729 859 2800 invalidum,
909 2728 973 2788 lida
999 2732 1197 2804 persecutionis
1224 2741 1390 2806 tempestate
1416 2737 1549 2796 adversus
1581 2749 1708 2799 sanctum

58 2828 87 2885 in
103 2827 167 2900 ipso
191 2827 289 2885 itinere
303 2827 406 2900 recepit
419 2827 516 2883 salutis
528 2825 704 2883 beneficium.
909 2825 1075 2897 Gregorium
1090 2827 1153 2893 Vll,
1167 2825 1281 2898 dignum
1300 2830 1436 2886 Romanae
1452 2831 1580 2889 Ecclesiae
1601 2843 1709 2905 aposto

94 2923 169 2978 ltem
182 2920 363 2995 cognovimus
372 2936 434 2977 rem
449 2920 583 2976 memoria
596 2918 720 2993 dignam,
730 2926 859 2975 narrante
910 2918 1004 2985 licum,
1015 2934 1065 2990 pro
1091 2917 1215 2975 veritatis
1228 2927 1255 2975 ct
1272 2920 1388 2992 Justitiae
1400 2922 1604 2995 praedicatione,
1627 2933 1709 2998 atque

57 3016 93 3073 de
109 3014 211 3087 scipsa
237 3017 274 3070 D.
290 3013 423 3070 Mathilda
438 3012 584 3070 venerabili
606 3011 758 3080 comitissa,
782 3012 860 3084 cujus
914 3011 1015 3082 pariter
1034 3019 1134 3069 contra
1159 3012 1245 3069 totius
1269 3015 1392 3072 Romani
1423 3017 1532 3089 imperii
1560 3018 1710 3076 catholicos

57 3108 224 3166 testimonio
237 3106 322 3164 fldem
336 3105 399 3163 lacit
410 3114 438 3162 et
463 3104 530 3162 fides
542 3105 600 3178 eius
615 3105 817 3177 probatissima,
834 3113 862 3160 et
914 3103 1148 3162 Christianissima
1162 3107 1303 3164 conritissa
1316 3107 1430 3166 domina
1446 3111 1582 3168 blatbilda
1597 3129 1647 3186 pro
1661 3115 1710 3170 Ec·

57 3201 117 3259 vita
127 3200 231 3273 pariter
243 3199 375 3273 religione
387 3199 479 3271 plena.
494 3198 655 3270 Praescripta
666 3197 775 3254 domina
789 3197 861 3255 mul·
878 3170 901 3234 C
916 3198 1005 3256 clesiae
1027 3197 1186 3258 defensione
1208 3201 1274 3258 totis
1296 3200 1434 3259 insudavit
1453 3203 1568 3262 viribus.
1588 3206 1711 3265 Ubertus

58 3294 96 3352 tis
111 3292 210 3350 diebus
221 3290 343 3349 febribus
363 3291 530 3364 pernimium
546 3291 732 3359 laboraverat,
747 3301 773 3346 et
785 3290 861 3362 capi·
916 3291 1068 3348 Arditionis
1097 3291 1180 3359 lilius,
1205 3302 1233 3348 et
1257 3293 1396 3365 praedictae
1409 3295 1533 3353 dominor
1547 3299 1710 3370 capitaneus

57 3389 97 3445 tis
112 3386 195 3443 dolor
212 3385 360 3443 vehemens
370 3384 458 3459 ipsam
470 3383 641 3457 fatigaverat.
654 3386 725 3441 Cum
738 3400 802 3440 vero
815 3383 861 3439 die
915 3400 995 3453 unus,
1011 3392 1041 3440 ut
1066 3385 1096 3440 in
1118 3384 1169 3441 bac
1182 3386 1388 3458 perturbatione
1401 3387 1436 3445 de
1450 3373 1517 3461 ejus'
1531 3389 1665 3449 fidelitate
1683 3400 1712 3450 et

57 3479 184 3555 quadam
208 3496 240 3536 ex
255 3495 332 3536 more
344 3479 493 3536 missarum
508 3478 652 3534 solemniis
665 3476 783 3544 adesset,
799 3477 860 3533 eni·
914 3477 1026 3534 servitio
1040 3477 1228 3534 indubitanter
1241 3480 1299 3551 ipsa
1322 3481 1438 3539 domina
1452 3482 1612 3552 confideret,
1638 3485 1710 3542 inter

57 3571 216 3644 teus,dum
230 3572 370 3646 legebatur
385 3572 574 3646 Evangelium,
584 3579 674 3627 erecta
689 3570 790 3627 esseio
812 3585 861 3641 pe-
915 3571 1017 3626 multas
1040 3572 1108 3627 arlias
1124 3570 1266 3628 fidelitatis
1282 3574 1489 3646 promissiones,
1515 3592 1625 3647 omnes,
1647 3579 1709 3650 qui·

56 3665 155 3735 dibus,
169 3664 281 3739 fatigata
290 3665 461 3736 infirmitate,
473 3682 539 3722 mox
549 3663 659 3722 decidit
671 3663 773 3720 Aderat
785 3679 859 3733 vero,
916 3663 966 3720 bus
985 3680 1097 3719 suarum
1120 3665 1226 3722 arcium
1243 3666 1401 3723 custodiam
1412 3670 1601 3738 commiserat,
1616 3670 1711 3742 jurare

54 3759 140 3835 juxta
154 3776 195 3827 se,
214 3759 250 3816 ob
262 3759 444 3817 reverentiam
467 3759 494 3815 in
508 3759 608 3831 capella
634 3741 754 3829 episcopi
773 3757 861 3829 lignea
915 3758 1049 3829 compulit
1065 3756 1241 3815 tortitudines
1268 3759 1387 3829 arcium,
1412 3777 1481 3833 quas
1508 3762 1708 3832 custodiebant,

56 3852 155 3910 tabula
170 3853 271 3925 potita,
289 3853 318 3908 in
330 3869 395 3926 qua,
410 3852 534 3908 exhalato
546 3851 645 3923 spiritu
660 3859 787 3907 sanctum
799 3865 860 3905 cor·
914 3865 996 3923 supra
1007 3852 1159 3908 nummata
1173 3851 1295 3910 dominae
1305 3854 1434 3924 potestati
1444 3854 1537 3912 liberae
1546 3854 1710 3925 tradituros,

57 3943 165 4022 pund
188 3944 291 4004 lunens
316 3945 457 4018 exsequias
472 3946 559 4001 lotum
575 3943 672 4001 luerat.
699 3943 863 4015 Suppliciter
914 3959 946 3999 ac
967 3943 1094 4016 deinceps
1117 3945 1144 4000 in
1166 3943 1288 4018 ejusdcm
1307 3945 1436 4003 fidelitate
1457 3964 1663 4020 permansuros,
1686 3949 1711 4005 si

58 4038 147 4114 igitur
161 4037 311 4112 deposcens
324 4038 411 4096 sancti
436 4037 486 4094 viri
507 4037 683 4108 praesidium,
698 4051 731 4092 ac
750 4051 798 4107 per
818 4044 862 4091 ta·
915 4038 989 4094 idem
1007 4036 1131 4096 Ubertus
1155 4037 1257 4111 aliquid
1279 4038 1427 4097 inlideliter
1443 4040 1573 4099 adversus
1587 4041 1711 4100 eamdo-
1748 4024 1758 4047 ’

57 4133 159 4191 bulam
181 4132 341 4204 praedictam
360 4130 499 4189 deducens
515 4129 645 4199 lrcntem,
661 4128 734 4186 illico
747 4128 861 4185 liberata
914 4130 1021 4187 minam
1035 4129 1146 4199 laceret,
1159 4131 1200 4187 vel
1211 4130 1356 4204 quidpiam
1368 4133 1502 4191 malitiose
1513 4143 1655 4193 tractaret.

58 4234 103 4285 est
118 4224 219 4298 'capitis
239 4225 347 4283 dolore.
950 4225 1024 4292 Post,
1040 4230 1120 4294 capto
1130 4222 1237 4280 Ubertc
1251 4224 1286 4280 ob
1297 4240 1355 4282 suar
1366 4225 1535 4284 infidelitatis
1548 4230 1708 4301 nequitiam,

98 4322 168 4377 Non
188 4319 282 4376 multis
295 4328 360 4392 post
383 4317 480 4375 diebus
498 4317 654 4386 mansuetis,
669 4330 727 4372 non
746 4313 862 4372 modicae
915 4313 1139 4387 homineslillius
1151 4324 1249 4372 contra
1258 4316 1410 4389 juramenti
1420 4321 1581 4391 sponsiones
1592 4337 1650 4378 non
1672 4324 1710 4379 ti-

56 4412 166 4471 scabici
190 4411 352 4470 tracturae
345 4413 430 4484 ipsius
457 4411 578 4469 domina
592 4426 691 4467 manus
709 4418 737 4466 et
760 4424 858 4481 corpus
914 4416 1045 4465 muerunt
1054 4408 1205 4481 quidqud
1197 4424 1331 4482 mpurroso
1351 4417 1478 4482 poterant
1490 4426 1571 4484 agere
1582 4413 1710 4472 adversus

57 4514 155 4565 totum
181 4503 236 4562 lere
251 4506 408 4563 immaniter
423 4506 601 4577 repleverant.
614 4507 685 4562 Cum
697 4511 788 4560 autem
803 4517 859 4576 prae
876 4501 1039 4608 Deamdem
1054 4501 1206 4559 dominam.

58 4599 194 4657 manibus
208 4598 321 4656 baberet
344 4599 529 4672 episcopalem
557 4598 700 4665 annulum,
733 4613 788 4670 quo
809 4596 859 4653 Dei
952 4599 991 4652 Ex
1003 4611 1120 4669 quorum
1134 4611 1250 4653 numero
1265 4595 1377 4667 quidam
1387 4595 1568 4667 Lanirancus‚
1584 4598 1619 4656 de
1632 4600 1709 4658 Piola

56 4691 187 4767 pontifex
199 4691 349 4749 utebatur
342 4708 373 4748 ιιι
385 4692 532 4748 missarum
552 4690 792 4757 celebrationibus,
805 4706 862 4745 coe·
913 4690 1040 4758 nomine,
1054 4688 1147 4745 cilicio
1159 4690 1248 4756 miles,
1262 4691 1325 4762 quia
1348 4691 1473 4761 ipsorum
1488 4694 1710 4764 perversitatibus

58 4787 210 4860 pitsecum
223 4784 348 4843 conferre
361 4784 437 4858 quod
457 4784 554 4841 merita
572 4784 642 4839 tanti
665 4783 788 4856 praesulis
800 4798 861 4854 pos-
914 4783 1048 4838 inhaerere
1060 4783 1203 4851 renuebat,
1226 4781 1334 4840 insidiis
1348 4792 1376 4839 et
1389 4784 1589 4843 traditionibus
1610 4786 1645 4844 ab
1656 4787 1710 4845 eis·

57 4887 128 4938 sent
152 4878 205 4936 sibi
228 4878 383 4947 subvenire,
414 4877 448 4935 ad
464 4886 568 4934 tactum
588 4877 674 4934 etiarn
689 4876 784 4932 annuli
797 4891 860 4930 cum
913 4875 978 4932 dem
998 4882 1104 4946 captus,
1129 4883 1156 4931 et
1170 4892 1185 4931 a
1200 4884 1324 4948 tempore
1338 4878 1457 4950 Augusti
1472 4894 1557 4951 usque
1575 4880 1706 4938 adoctav.

58 4988 121 5047 quo
145 4972 206 5046 ipse
225 4972 386 5045 quamplura
400 4970 532 5028 sacrificia
555 4974 614 5028 Deo
642 4969 750 5039 obtulit,
767 4969 861 5042 sicque
913 4968 976 5024 Kal·
988 4968 1074 5041 April.
1085 4966 1155 5025 duro
1171 4983 1283 5025 carcere
1296 4977 1339 5026 est
1352 4968 1471 5029 allectus
1484 4979 1580 5029 etnon
1595 4973 1710 5030 modicis

58 5066 158 5140 ipsum
183 5065 317 5122 annulum
340 5063 468 5122 fracturis
492 5079 688 5138 superponens,
715 5063 750 5120 ab
769 5079 800 5121 ca
815 5062 860 5120 die
912 5061 1162 5118 catenisastrictus.
1180 5060 1265 5118 iidem
1280 5076 1388 5134 quoque
1404 5064 1534 5121 malitiosi
1553 5065 1710 5138 cogitabant

57 5166 160 5217 sanata
182 5166 224 5215 est
237 5159 294 5231 ipsa
316 5159 346 5214 in
358 5157 520 5214 valetudine.
914 5153 1054 5227 quomodo
1066 5162 1178 5226 possent
1197 5155 1222 5210 ei
1245 5155 1330 5211 vitam
1349 5155 1464 5228 eripere,
1477 5173 1528 5213 nec
1548 5166 1641 5214 tamen
1664 5174 1712 5215 vo·

95 5250 199 5309 Paucis
211 5260 272 5324 post
280 5251 377 5309 diebus
391 5251 537 5324 praeteritis
555 5249 675 5324 praefatae
689 5249 862 5307 Christianis·
915 5247 1011 5306 lebant
1030 5248 1160 5320 cognosci
1182 5262 1280 5304 eorum
1300 5249 1408 5322 ingenio
1424 5248 1476 5306 boc
1489 5247 1593 5307 lactum
1611 5249 1707 5309 fuisse

56 5347 144 5404 eimae
157 5343 279 5402 dominae
300 5345 373 5401 acics
387 5345 461 5401 visus
475 5344 543 5401 adeo
566 5343 745 5401 interturbata
761 5343 860 5412 luerat,
914 5343 1038 5415 Cumque
1057 5349 1100 5398 tot
1119 5341 1253 5415 angustiis
1275 5342 1401 5399 astrictus
1415 5344 1504 5400 solam
1529 5353 1649 5401 mortem
1663 5360 1709 5402 ex·

56 5440 138 5514 quod
152 5436 189 5497 dc
201 5444 283 5495 nocte
295 5438 405 5496 lectioni
420 5453 453 5494 cx
469 5451 547 5493 more
559 5452 670 5510 operam
682 5437 748 5495 dare
763 5435 860 5493 formi-
917 5443 1068 5508 spectaret,
1093 5435 1124 5490 in
1150 5433 1239 5507 vigilia
1258 5435 1344 5491 sancti
1363 5434 1499 5507 pontilicis
1522 5438 1647 5495 Anselmi
1669 5455 1711 5494 ar·
1753 5470 1759 5483 ·

55 5532 158 5593 dabar.
180 5533 257 5590 luter
273 5532 422 5590 missarum
443 5546 507 5588 vero
529 5531 678 5600 solemnia,
698 5536 810 5588 tenente
830 5546 861 5589 ea
915 5537 994 5601 rapto
1006 5543 1107 5585 somno
1120 5527 1209 5583 visum
1221 5527 1274 5583 sibi
1287 5529 1552 5588 estsanctissimum
1564 5530 1711 5603 presulem

53 5641 121 5703 prae
134 5624 264 5683 manibus
277 5642 362 5683 unam
375 5626 530 5683 orationem
543 5640 629 5699 quam
645 5632 757 5682 sanctus
769 5625 860 5697 ponti-
915 5630 978 5678 ante
993 5637 1022 5677 se
1040 5618 1216 5677 deambulare
1233 5618 1329 5677 babitu
1352 5635 1406 5691 quo
1422 5618 1515 5683 adhuc
1528 5621 1558 5676 in
1569 5637 1652 5683 carne
1666 5637 1714 5679 ro-

53 5718 106 5779 fex
118 5716 214 5777 eidem
233 5717 353 5777 domina
365 5719 474 5792 propria
492 5733 576 5775 manu
589 5717 745 5790 scripserat,
771 5718 799 5773 in
810 5733 862 5775 usu
916 5715 989 5772 lebat
1002 5714 1135 5771 incedere.

53 5811 199 5873 orationis
219 5810 272 5868 sibi
296 5810 452 5869 habendam
468 5812 602 5879 chartam,
625 5825 682 5884 ¹qua
706 5811 863 5868 continetur
952 5807 995 5865 Ad
1021 5824 1102 5882 quem
1129 5823 1194 5865 mox
1217 5804 1371 5863 exclamans
1391 5802 1490 5873 inquit
1512 5806 1639 5869 :Sancte
1668 5808 1727 5862 bn-

209 5901 326 5958 Prxnoa.
346 5901 473 5958 Cllblllll.
603 5954 610 5967 ,
1523 5894 1563 5950 ab
