3870 6164
497 228 525 285 S.
545 224 706 284 theoduli
724 226 770 281 Vll
789 228 886 282 PAPAE
903 226 1041 282 optauit
1057 224 1145 281 PARS
1176 266 1182 278 .
1205 252 1237 265 ·-
1255 222 1455 281 assistatis.
1747 220 1801 283 356

152 234 204 291 stt

151 365 244 414 noster
257 370 328 428 papa
348 352 502 411 liebertum
517 350 721 419 simoniacum,
745 358 773 406 et
795 351 986 418 invasoremA
1004 349 1141 420 promisit.
1165 352 1208 404 De
1226 356 1339 415 caetero,
1361 348 1492 420 quoniam
1515 347 1685 421 adpraesens
1707 349 1803 407 omnia

67 468 89 501 .·
149 450 273 523 ejusdem
284 447 456 513 monasterii,
480 446 562 502 nullis
581 442 828 512 admonitionibus,
851 444 946 501 nullis·
1000 458 1061 516 quae
1087 458 1181 499 mum
1193 441 1341 499 habuimus
1354 441 1471 515 pleniter
1481 441 1613 515 expedire
1626 451 1656 499 et
1667 440 1806 501 determi-

151 560 203 616 que
227 543 309 599 minis
323 541 357 599 ad
380 541 433 597 hoc
452 539 562 596 ilectere
579 538 676 611 potuit,
693 546 724 595 ut
742 538 785 594 vel
809 536 945 593 abbatiam
998 554 1067 595 nare
1082 554 1138 595 non
1159 538 1309 612 potuimus,
1329 537 1365 594 ad
1384 537 1508 598 loturam
1528 539 1666 613 synodum
1685 555 1753 597 eom
1766 540 1804 599 ad

149 636 309 703 dimitteret,
331 644 379 693 ant
400 650 450 706 pro
470 631 609 691 reddenda
624 633 731 687 ratione
750 631 791 687 sui
816 632 946 688 introitus
999 633 1274 690 nositerumrererti
1288 633 1479 705 praecepimus,
1493 641 1520 690 et
1536 633 1686 707 superbae
1708 650 1742 691 re
1765 634 1803 691 ab

147 732 296 807 apostolico
310 746 339 786 se
352 727 511 800 conspectui
527 733 714 798 tormentaret,
739 725 850 798 cognita
874 725 945 781 veri·

149 833 217 894 tate,
230 824 304 898 quod
320 824 410 880 relicta
426 822 478 877 alia
490 820 600 876 abbatia
612 819 645 876 ad
661 819 732 875 lianc
750 819 839 890 pretio
861 817 945 874 anhe-

148 919 240 987 lasset,
263 916 388 991 synodali
413 914 517 988 judicio
538 928 603 968 eum
627 912 812 968 anathematis
834 911 944 984 jaculo,

150 1013 200 1070 nisi
223 1011 408 1084 resipisceret,
427 1006 578 1079 percussit,
599 1014 626 1060 et
648 1005 699 1062 snb
722 1005 817 1061 eadem
832 1020 946 1060 censura

149 1106 278 1163 omnibus
291 1110 401 1174 accepta
414 1101 448 1157 ab
457 1116 491 1156 eo
505 1097 633 1155 beneficia
646 1099 679 1155 ad
695 1097 841 1170 praelatum
855 1113 947 1153 coeno·

149 1197 226 1255 bium
249 1195 412 1271 pertinentia
437 1194 546 1265 penitus
566 1190 719 1257 interdixit,
745 1199 897 1265 cunctaque
911 1190 946 1247 ab

149 1308 181 1348 eo
204 1291 336 1363 disposita
351 1286 499 1361 apostolica
515 1285 695 1357 praeceptione
706 1286 833 1351 cassavit,
862 1294 946 1357 atque

150 1383 211 1440 haec
235 1381 331 1439 eadem
354 1396 401 1453 per
424 1379 569 1451 epistolam
592 1379 721 1450 episeopo
743 1377 946 1434 constantiensi

149 1476 256 1549 publice
280 1473 505 1548 praedicandam
528 1488 576 1544 pet
589 1473 779 1543 episcopatum
802 1487 883 1527 suum
902 1471 945 1527 di-

149 1570 284 1643 vulganda
298 1567 448 1625 mandarit.
466 1568 576 1638 ltaque,
593 1565 741 1621 miserante
754 1567 828 1632 lieo,
840 1563 946 1620 factum

148 1673 231 1721 estut
252 1664 297 1720 ille
308 1663 342 1718 ab
357 1663 452 1719 insana
467 1660 645 1733 occupatione
659 1660 776 1717 abbatiae
789 1659 945 1730 desisteret,

1001 727 1059 799 ipso
1086 736 1223 800 promptae
1251 726 1415 784 obedientiae
1435 728 1614 800 sponsionem
1631 729 1801 801 accepimns.

1001 824 1174 894 Quapropter
1200 822 1369 878 remittentes
1398 837 1463 877 eum
1490 837 1555 878 eum
1575 821 1676 879 litteris
1698 823 1805 879 nostris

1000 916 1125 972 charitati
1138 924 1237 972 vestrae
1248 914 1488 985 commendamus,
1501 924 1635 989 quatenus
1643 925 1671 974 et
1682 932 1735 974 ros
1745 933 1804 975 nna

1000 1008 1144 1065 nobiscum
1167 1025 1232 1066 eum
1245 1009 1379 1080 diligatis,
1401 1017 1534 1066 etsecum
1556 1018 1639 1082 atque
1662 1009 1737 1067 inter
1751 1026 1803 1067 vos

1001 1102 1110 1159 vinculo
1130 1103 1204 1175 pacis
1217 1102 1335 1169 Christi,
1356 1102 1384 1157 in
1405 1118 1460 1174 quo
1474 1118 1523 1175 per
1537 1104 1627 1175 ipsum
1655 1102 1691 1160 ad
1712 1103 1800 1161 iidem

1001 1196 1081 1264 uniti,
1095 1205 1122 1253 et
1134 1196 1163 1253 in
1176 1204 1279 1253 sortem
1291 1195 1450 1252 hereditatis
1459 1197 1554 1268 gloriae
1570 1197 1620 1254 Dei
1630 1197 1709 1254 electi
1723 1198 1803 1267 estis,

1000 1286 1139 1359 conjuncti
1154 1288 1270 1344 firmiter
1291 1288 1457 1360 persistatis.
1473 1292 1514 1345 Te
1531 1305 1595 1346 rero
1608 1303 1703 1362 regem
1716 1297 1748 1345 ut
1758 1287 1801 1345 di·

1001 1380 1181 1437 lectissimum
1196 1381 1284 1437 lilium
1299 1397 1429 1454 rogamus
1440 1391 1468 1439 et
1479 1382 1661 1441 admonemus
1674 1392 1718 1452 ut,
1734 1400 1805 1441 con·

1000 1474 1132 1543 sidereus,
1159 1483 1267 1531 etanta
1292 1476 1394 1533 mentis
1415 1478 1510 1533 oculos
1537 1492 1644 1549 ponens
1665 1494 1750 1551 quam
1774 1477 1802 1535 in

1001 1569 1124 1628 districto
1143 1570 1296 1642 judieiode
1320 1573 1468 1629 commissa
1489 1572 1538 1629 tibi
1557 1572 1802 1631 administratione

1001 1664 1138 1721 rationem
1161 1664 1319 1722 redditurus
1340 1681 1386 1734 es,
1408 1665 1485 1739 regui
1507 1667 1549 1723 tui
1560 1667 1747 1740 gubernacula
1773 1666 1802 1722 in

148 1759 263 1816 sednon
274 1765 306 1813 ut
319 1756 442 1814 fautores
458 1757 532 1829 ejus,
546 1763 641 1811 contra
653 1757 743 1811 Deum
757 1764 784 1810 et
793 1754 943 1826 iustitiam,
959 1742 984 1805 B
999 1758 1116 1817 tenenda
1127 1760 1254 1831 aequtrats
1278 1774 1410 1817 exornare
1424 1759 1545 1833 studeas,
1563 1769 1590 1819 ep
1614 1761 1678 1818 huic
1696 1764 1802 1835 0121200.

148 1862 258 1926 aceepta
278 1852 313 1909 ab
328 1868 361 1909 eo
376 1851 539 1908 monasterii
561 1850 633 1906 bona
653 1850 851 1922 relinquerent.
873 1851 946 1920 Qua·
1001 1871 1036 1926 po
1063 1855 1205 1926 antiquam
1230 1855 1275 1910 sui
1297 1855 1471 1927 episcopatus
1493 1855 1587 1911 sedem
1615 1871 1744 1927 reparare
1768 1871 1803 1912 ac

150 1957 272 2019 propter,
297 1946 429 2017 quoniam
452 1945 499 1999 illu
521 1943 662 2016 principali
688 1952 715 1999 et
729 1943 856 2000 heretica
873 1953 947 2035 peste
1001 1949 1122 2005 stabilire
1133 1965 1196 2005 cum
1213 1949 1262 2005 Dei
1278 1949 1414 2022 adjutorio
1422 1948 1515 2005 modis
1527 1950 1659 2006 omnibus
1674 1949 1798 2007 insistas.

146 2036 260 2109 depulsa
275 2038 468 2093 charissimum
478 2038 565 2092 saneti
575 2037 648 2092 Petri
662 2036 750 2091 lilium
763 2036 901 2092 Ecardum
913 2054 946 2093 cx
1001 2048 1076 2102 Deus
1093 2054 1187 2102 autem
1211 2044 1389 2116 omnipotens
1401 2042 1437 2100 ad
1453 2045 1548 2101 omnia
1562 2060 1625 2117 quae
1644 2044 1699 2102 gibi
1714 2046 1801 2104 bene.

149 2131 206 2201 ipsa
233 2131 475 2203 congregationes
497 2128 680 2185 confratribus
707 2130 841 2199 electum,
868 2139 897 2186 et
930 2146 946 2185 a
1001 2139 1174 2210 pissimum
1194 2154 1242 2195 cor
1255 2146 1335 2195 tuum
1361 2137 1472 2211 dirigar,
1487 2146 1515 2194 et
1536 2155 1567 2194 ω
1580 2146 1607 2194 te
1628 2138 1657 2193 in
1671 2140 1801 2210 prmum

148 2224 227 2281 nobis
242 2222 386 2296 diligenter
406 2221 608 2288 examinatum,
622 2221 747 2278 abbatem
768 2223 819 2293 ibi,
836 2231 947 2280 auctore
1000 2233 1054 2289 rita
1074 2231 1223 2304 promereri
1236 2229 1334 2297 iaciat,
1350 2230 1423 2287 uude
1436 2231 1614 2302 postmodum
1632 2232 1801 2302 sempiterna

147 2324 221 2388 Deo,
230 2320 465 2385 consecravimus,
476 2317 619 2388 cupientes
633 2326 662 2372 ut
678 2318 876 2374 monasterium
884 2326 947 2389 post
1000 2325 1141 2382 retribuat,

148 2413 241 2486 longas
272 2422 301 2469 et
320 2412 421 2469 multas
439 2404 633 2466 trib'ulatioues
647 2410 706 2483 jam
719 2410 754 2467 ad
778 2410 899 2483 quietem
919 2421 947 2468 et

147 2506 307 2563 monastice
324 2504 465 2575 religionis
493 2505 599 2559 cultum
626 2504 734 2571 redeat,
755 2503 841 2559 simili
862 2506 945 2563 modo

147 2600 276 2657 omnibus
291 2601 338 2672 qui
353 2617 368 2656 a
382 2615 454 2670 saepe
476 2598 534 2655 fato
556 2598 679 2655 lieberto
701 2615 751 2670 pro
770 2597 945 2659 defendenda

147 2695 206 2767 ejus
217 2695 355 2768 nequitia,
369 2700 417 2750 aut
426 2692 639 2750 exhibendasibi
656 2691 804 2761 fidelitate,
818 2694 889 2750 bona
901 2697 944 2752 ab

146 2782 229 2840 batiae
240 2784 266 2839 in
282 2783 414 2839 beneficia
431 2780 523 2855 adepti
540 2792 614 2848 suut,
629 2781 680 2838 sub
695 2783 884 2841 anathematis
899 2786 945 2842 di-

75 2942 87 2951 ,
145 2879 286 2935 strictione
300 2877 570 2935 etauimadversione
581 2876 780 2933 interdicimus.
797 2881 944 2937 Nemeum

145 2970 190 3027 ille
215 2973 312 3028 talium
335 2970 540 3028 institutionum
563 2977 660 3024 artetur
682 2977 710 3023 et
731 2967 895 3027 distributor
917 2972 944 3026 iu

1035 2421 1105 2475 Data
1120 2422 1219 2476 Romae
1229 2416 1348 2490 septimo
1363 2418 1428 2475 ldus
1441 2418 1517 2482 Maii,
1529 2416 1678 2476 indictione
1692 2418 1803 2477 ‹luode-

999 2530 1081 2571 crma.

1212 2610 1389 2667 EPlSTOLA
1426 2608 1584 2664 LXXXlV.

1036 2735 1078 2776 sn
1093 2736 1305 2777 unuiusuuuat
1315 2735 1485 2778 snrscoetuu
1498 2735 1762 2779 nauennonuserr.

1297 2833 1389 2895 (dune
1409 2831 1500 2891 1074.)

999 2943 1139 3012 Significat
1162 2957 1190 2997 se
1207 2943 1368 2997 commisisse
1380 2944 1449 2997 vices
1463 2956 1526 2996 setas
1548 2943 1669 3012 episcopo
1686 2944 1802 2999 dletcasi

1034 3015 1248 3083 incctesoipsias
1261 3016 1378 3084 episcopi
1387 3013 1598 3082 bambergensis.
1615 3016 1704 3069 Mouet
1721 3020 1754 3070 ul
1774 3019 1801 3071 ei

144 3065 205 3123 loco
222 3067 256 3124 ad
269 3081 351 3138 quem
365 3064 492 3121 haeretice
504 3061 674 3129 aspiraverat
687 3075 852 3132 permanere
887 3079 941 3119 nou
960 3097 984 3161 C
1032 3089 1140 3155 pareat,
1158 3090 1183 3138 ,q
1198 3101 1258 3155 quw
1268 3089 1341 3140 pepp,
1354 3091 1418 3140 ,pm
1435 3090 1513 3154 wat,

145 3162 250 3234 potuim
272 3160 372 3233 quibus
396 3157 503 3228 legibus
523 3162 571 3209 aut
594 3169 649 3224 quo

143 3253 329 3320 vindicabunt,
346 3250 419 3323 quod
434 3249 563 3318 sacrilega
587 3248 768 3306 conuentione
787 3258 940 3324 ceperunt?

38 3372 41 3381 ·
144 3351 226 3409 Unde
240 3352 324 3407 etiam
335 3347 464 3404 omuibus
482 3343 584 3403 curisti
603 3344 740 3413 fidelibus,
756 3348 802 3417 qui
817 3346 876 3404 haec
889 3365 940 3406 co·

143 3444 303 3515 genuerint,
314 3438 462 3512 apostolica
483 3436 644 3493 auctoritate
660 3439 835 3511 precipimus
850 3449 881 3496 ut
893 3456 942 3497 eos

144 3536 172 3593 in
187 3538 262 3594 nulla
276 3536 385 3608 penitus
403 3531 567 3591 Christianae
579 3533 783 3588 communionis
798 3534 943 3607 participa-

143 3632 217 3687 tione
262 3629 409 3700 recipiaut‚
436 3626 503 3684 dum
539 3627 690 3699 iniquitatis
713 3635 739 3682 et
759 3629 857 3685 tuortis
884 3645 941 3686 suae

142 3724 262 3796 pretium
270 3721 407 3779 diabolica
421 3719 552 3776 ariditate
566 3729 594 3776 et
611 3721 765 3777 temeritate
785 3722 937 3792 possident.

176 3819 245 3872 Data
260 3819 359 3871 Romae
374 3822 471 3871 octavo
486 3813 551 3871 ldus
569 3816 652 3883 blaii,
678 3815 828 3872 indictione
841 3818 940 3874 doode

141 3911 223 3968 eima.

673 3169 737 3225 lum
758 3164 806 3210 ¹⁵¹¹
827 3156 941 3214 mmet
1032 3195 1367 3267 Gnnoonrnsepiscopus,
1375 3210 1619 3254 serrasserromm
1630 3195 1692 3263 Dei,
1702 3198 1798 3254 Hear-

996 3306 1105 3348 usuno
1122 3290 1307 3363 [llermanum
1327 3297 1355 3347 ei
1366 3295 1405 3346 sic
1413 3293 1527 3363 semper]
1541 3289 1733 3363 bambergensi
1745 3293 1801 3366 epi·

995 3400 1079 3458 scopo
1092 3387 1208 3442 salntem
1223 3394 1251 3442 et
1261 3386 1438 3457 apostolicam
1457 3385 1690 3441 benedictionem.

1032 3480 1215 3538 Charissiurus
1229 3479 1369 3536 coulrater
1383 3488 1476 3536 noster
1489 3479 1677 3535 Herimanuus
1687 3482 1799 3539 bleten·

997 3575 1032 3631 sis
1046 3576 1200 3647 episeopus,
1213 3575 1357 3632 nobiscum
1372 3590 1421 3647 per
1441 3573 1498 3629 dies
1520 3573 1626 3644 aliquot
1642 3589 1800 3634 commora-

996 3675 1050 3737 tus,
1065 3668 1185 3724 multum
1209 3683 1260 3724 nos
1281 3684 1330 3740 pro
1345 3676 1371 3724 te
1381 3668 1502 3739 rogavit,
1515 3667 1668 3739 multasque
1689 3678 1717 3726 et
1737 3671 1801 3727 inti·

998 3781 1058 3822 mas
1072 3782 1121 3838 pro
1146 3781 1230 3822 causa
1243 3773 1289 3821 tna
1313 3764 1525 3837 supplicationes
1538 3762 1647 3832 elludit,
1673 3765 1798 3825 reserens

998 3859 1078 3916 nobis
1095 3859 1131 3917 tle
1142 3866 1167 3916 te
1183 3858 1324 3928 nonnulla,
1339 3858 1438 3931 quibus
1453 3858 1482 3913 in
1496 3873 1572 3930 apem
1588 3863 1799 3919 tnaeeorreetio-

998 3955 1041 4011 uis
1059 3971 1115 4012 uon
1136 3971 1217 4028 parva
1227 3954 1304 4012 cordi
1319 3962 1415 4011 nostro
1433 3962 1475 4010 est
1489 3953 1587 4013 oborta
1602 3956 1705 4014 laetitia.
1720 3957 1797 4027 Qua·

997 4059 1108 4123 propter
1128 4049 1281 4118 consilium,
1296 4048 1370 4123 quod
1396 4047 1431 4105 ad
1448 4049 1565 4106 salutem
1579 4058 1634 4106 tuae
1656 4057 1683 4107 et
1696 4050 1798 4109 animat

998 4152 1116 4212 nostrae,
1130 4142 1260 4216 quodque
1281 4141 1316 4199 ad
1329 4142 1479 4199 utilitatem
1495 4144 1621 4201 Ecclesiae
1634 4143 1677 4200 eui
1691 4160 1793 4217 praees,

355 4040 531 4097 EPlSTOLA
556 4040 718 4097 Lxxxul.

265 4182 307 4224 At>
319 4180 506 4224 ALPHONSUU
517 4180 618 4223 nitebit
641 4181 812 4224 cessantis.

999 4237 1174 4309 aptissimum
1200 4236 1281 4292 nobis
1294 4236 1382 4292 visum
1403 4244 1460 4304 est,
1475 4235 1504 4292 in
1517 4237 1680 4309 experientia
1694 4237 1796 4296 frater·

439 4296 535 4358 (Auno
552 4290 644 4359 1074.)

996 4330 1089 4388 nitatis
1101 4345 1159 4387 suae
1173 4330 1330 4401 posuimus,
1346 4330 1521 4402 injungentes
1536 4340 1565 4387 et
1586 4332 1796 4389 committentes

141 4418 314 4478 Commendet
324 4420 476 4491 episcopam
488 4418 614 4479 Paolum,
631 4431 710 4486 quem
731 4418 881 4473 studiosum
894 4434 940 4475 cr-
995 4424 1047 4480 sibi
1062 4432 1102 4491 ut,
1119 4423 1268 4495 apostolica
1284 4422 1367 4479 lultus
1379 4423 1552 4491 auctoritate,
1567 4425 1653 4481 vicem
1667 4433 1796 4483 nostram

177 4510 211 4562 qo
234 4493 322 4547 sedem
336 4491 511 4561 apostolicam
527 4493 693 4557 coquoeemt.
714 4490 899 4559 dieueireqcm
910 4496 980 4609 uin
996 4518 1024 4574 in
1037 4533 1121 4574 causa
1146 4525 1194 4575 tua
1206 4517 1313 4589 explete
1337 4516 1446 4583 debeat,
1467 4516 1490 4572 si
1504 4517 1588 4575 modo
1612 4518 1645 4576 ad
1658 4516 1795 4576 obedien·

176 4567 321 4633 antiquom
330 4565 388 4632 ejas
397 4565 565 4631 episcopatus
572 4559 660 4613 sedem
674 4564 885 4627 reperereeelt't.
993 4611 1061 4668 dum
1075 4611 1118 4668 his
1131 4627 1194 4685 ω
1208 4611 1284 4685 quasi
1310 4627 1358 4668 ore
1383 4619 1478 4668 nomo
1502 4610 1551 4666 fibi
1578 4613 1752 4684 promuerit
1765 4621 1793 4670 tt

176 4703 352 4759 Gnnoonrns
367 4698 523 4771 episcopul,
539 4712 633 4753 servus
644 4711 786 4753 serrorum
802 4698 864 4768 Dei,
877 4704 932 4756 dn·
988 4714 1115 4778 paratum
1129 4705 1257 4762 iuveniat.
1279 4708 1311 4761 ln
1324 4705 1402 4777 cujus
1430 4703 1593 4777 prudentia,
1607 4706 1741 4778 quoniam
1756 4705 1791 4763 ad

139 4809 261 4854 emenso
276 4791 465 4869 [idelphonso]
476 4792 533 4864 regi
547 4791 696 4863 Hispaniae,
708 4800 737 4848 et
748 4792 882 4866 episcopis
891 4810 934 4851 re·
987 4799 1057 4857 bene
1070 4799 1240 4857 mouendum
1254 4807 1281 4855 te
1290 4805 1483 4871 promptamet
1496 4796 1679 4855 sufficientem
1689 4799 1792 4855 rolon-

137 4892 183 4964 gni
217 4890 303 4959 illius,
337 4888 455 4946 salutem
482 4896 510 4944 et
543 4886 723 4959 apostoticam
757 4887 931 4947 benedictio·
986 4900 1071 4949 tatem
1086 4909 1144 4949 esse
1165 4908 1221 4949 noa
1236 4890 1460 4948 dubitamusuos
1475 4891 1612 4963 quideme
1626 4890 1721 4948 multis
1736 4891 1791 4949 hoc

138 5000 215 5041 nem.
986 4985 1148 5043 fraternitati
1160 4994 1218 5043 tuae
1232 4985 1347 5042 sollicite
1359 4985 1554 5042 attendendum
1567 4991 1595 5040 et
1614 4984 1791 5056 pensandum

172 5082 275 5136 domm
292 5076 668 5143 vobisessavolumus,uuuc
679 5076 932 5134 fratremnostmm
985 5081 1141 5145 scribimus,
1161 5078 1237 5153 quod
1251 5077 1286 5134 ad
1300 5077 1385 5134 huem
1402 5078 1465 5135 vitre
1491 5077 1615 5151 qnotidie
1636 5080 1790 5151 appropin-

137 5181 165 5229 et
178 5174 337 5244 episcopum
362 5171 493 5241 Paulum,
509 5178 693 5243 cognomento
713 5170 809 5226 hinnio
831 5170 931 5244 [idom-
987 5190 1067 5247 quas,
1081 5183 1110 5230 et
1123 5182 1281 5229 extremum
1297 5170 1381 5238 diem,
1397 5187 1479 5244 quem
1491 5181 1583 5229 tamen
1598 5172 1688 5228 nescis
1702 5187 1790 5244 quam

136 5265 186 5338 tol,
198 5267 234 5323 ad
251 5269 438 5338 apostolomm
452 5264 548 5321 limina
558 5272 585 5320 et
609 5271 732 5321 nostram
755 5265 930 5337 presentiam
985 5268 1039 5324 cito
1052 5266 1151 5335 ueniat,
1164 5274 1254 5323 certus
1270 5273 1420 5337 exspectas.
1444 5266 1575 5340 ldeoque,
1591 5266 1686 5333 irater,
1699 5264 1789 5322 debita

135 5360 250 5428 venisse,
273 5369 311 5429 et,
323 5369 385 5432 post
406 5359 543 5417 redditam
565 5358 701 5415 rationem
719 5375 815 5425 cerum
838 5376 932 5417 rerum
984 5359 1166 5417 sollicitudine
1186 5367 1213 5415 te
1226 5358 1407 5416 admonemus
1432 5368 1463 5415 ut
1482 5358 1653 5417 horrendum
1672 5375 1791 5416 examen

136 5454 192 5529 [del
216 5454 394 5527 quibuscum
411 5453 617 5528 appellavimus,
633 5454 703 5510 siem
723 5452 840 5528 dignum
861 5463 931 5523 erat,
985 5461 1013 5510 et
1026 5451 1179 5509 inevitabile
1194 5451 1329 5524 judicium
1356 5451 1472 5509 districti
1483 5452 1589 5525 judicis
1612 5462 1676 5509 aute
1691 5455 1789 5510 oeulos

135 5552 165 5607 in
176 5558 299 5607 nostram
314 5549 538 5606 communionem
555 5556 582 5604 et
592 5547 769 5605 dilectionem
788 5558 931 5623 receptum
986 5561 1085 5620 ponas,
1099 5554 1127 5602 et
1141 5544 1239 5602 laciem
1253 5547 1326 5603 illius
1348 5562 1379 5602 ea
1406 5547 1584 5604 conscientiae
1605 5555 1661 5604 tuae
1677 5545 1790 5603 conlea-

135 5643 229 5700 luisse.
250 5646 411 5699 Romanum
430 5642 553 5699 ordinem
569 5642 597 5696 in
620 5640 717 5697 divinis
730 5641 844 5709 ciliciis,
859 5642 932 5699 sicut
985 5641 1060 5697 sione
1073 5646 1100 5696 et
1111 5655 1226 5713 operum
1241 5640 1650 5712 conversationepraeoccupare
1661 5640 1791 5709 iestiues,

133 5738 223 5793 caeteri
243 5738 356 5809 Hispani
369 5736 488 5808 episcopi
501 5735 546 5807 qui
558 5733 664 5807 syuodo
686 5734 880 5804 iuterfuerunt,
902 5752 932 5793 se
985 5742 1120 5808 quatenus
1132 5734 1160 5789 in
1175 5742 1321 5807 conspectu
1336 5733 1438 5790 divinae
1448 5735 1612 5805 praesentiat,
1626 5734 1707 5807 cujus
1722 5749 1789 5791 ocu·

131 5829 346 5898 celebraturum,
374 5838 402 5886 et
415 5837 445 5885 ut
471 5827 569 5883 melius
592 5826 694 5897 poterit
721 5828 930 5884 observaturum
987 5829 1021 5884 lis
1045 5829 1136 5886 omnia
1160 5828 1234 5885 unda
1250 5837 1278 5885 et
1302 5837 1396 5900 aperta
1411 5836 1487 5896 sont,
1511 5844 1567 5885 non
1589 5836 1618 5885 te
1642 5827 1786 5899 culparum
