<?xml version="1.0" encoding="UTF-8"?>
<!DOCTYPE html PUBLIC "-//W3C//DTD XHTML 1.0 Transitional//EN"
    "http://www.w3.org/TR/xhtml1/DTD/xhtml1-transitional.dtd">
<html xmlns="http://www.w3.org/1999/xhtml" xml:lang="en" lang="en">
 <head>
  <title>
</title>
<meta http-equiv="Content-Type" content="text/html;charset=utf-8" />
  <meta name='ocr-system' content='tesseract 3.04.00' />
  <meta name='ocr-capabilities' content='ocr_page ocr_carea ocr_par ocr_line ocrx_word'/>
</head>
<body>
  <div class='ocr_page' id='page_1' title='image "./lta-11000/patrologiaecurs02unkngoog/patrologiaecurs02unkngoog_0321.png"; bbox 0 0 3884 6158; ppageno 0'>
   <div class='ocr_carea' id='block_1_1' title="bbox 180 270 1826 337">
    <p class='ocr_par' dir='ltr' id='par_1_1' title="bbox 180 270 1826 337">
     <span class='ocr_line' id='line_1_1' title="bbox 180 270 1826 337; baseline 0.007 -11"><span class='ocrx_word' id='word_1_1' title='bbox 180 270 229 326; x_wconf 68' lang='grc'>033</span> <span class='ocrx_word' id='word_1_2' title='bbox 729 271 829 327; x_wconf 82' lang='lat' dir='ltr'>LIBER</span> <span class='ocrx_word' id='word_1_3' title='bbox 846 270 969 332; x_wconf 85' lang='lat' dir='ltr'><strong>NONUS.</strong></span> <span class='ocrx_word' id='word_1_4' title='bbox 988 303 1024 317; x_wconf 90' lang='lat'>-</span> <span class='ocrx_word' id='word_1_5' title='bbox 1042 275 1147 333; x_wconf 75' lang='lat' dir='ltr'>mrsu.</span> <span class='ocrx_word' id='word_1_6' title='bbox 1166 276 1274 333; x_wconf 89' lang='lat' dir='ltr'><strong>XXXIII.</strong></span> <span class='ocrx_word' id='word_1_7' title='bbox 1774 279 1826 337; x_wconf 78' lang='lat' dir='ltr'>sti</span> 
     </span>
    </p>
   </div>
   <div class='ocr_carea' id='block_1_2' title="bbox 119 362 1924 1995">
    <p class='ocr_par' dir='ltr' id='par_1_2' title="bbox 174 362 1916 754">
     <span class='ocr_line' id='line_1_2' title="bbox 179 362 1916 475; baseline 0.007 -26"><span class='ocrx_word' id='word_1_8' title='bbox 179 392 250 452; x_wconf 89' lang='lat' dir='ltr'>tuitu</span> <span class='ocrx_word' id='word_1_9' title='bbox 263 391 348 465; x_wconf 85' lang='lat' dir='ltr'>longo</span> <span class='ocrx_word' id='word_1_10' title='bbox 360 407 424 450; x_wconf 91' lang='lat' dir='ltr'>eum</span> <span class='ocrx_word' id='word_1_11' title='bbox 434 401 559 467; x_wconf 87' lang='lat' dir='ltr'>tempore</span> <span class='ocrx_word' id='word_1_12' title='bbox 570 404 702 451; x_wconf 88' lang='lat' dir='ltr'>unacum</span> <span class='ocrx_word' id='word_1_13' title='bbox 716 394 859 452; x_wconf 86' lang='lat' dir='ltr'>Parisiensi</span> <span class='ocrx_word' id='word_1_14' title='bbox 874 399 973 455; x_wconf 78' lang='lat' dir='ltr'>Romae</span> <span class='ocrx_word' id='word_1_15' title='bbox 987 405 1014 467; x_wconf 80' lang='grc' dir='ltr'><strong>Α</strong></span> <span class='ocrx_word' id='word_1_16' title='bbox 1028 398 1167 473; x_wconf 79' lang='lat' dir='ltr'>diguitads</span> <span class='ocrx_word' id='word_1_17' title='bbox 1179 401 1240 474; x_wconf 74' lang='lat' dir='ltr'>eius</span> <span class='ocrx_word' id='word_1_18' title='bbox 1257 362 1391 457; x_wconf 78' lang='lat' dir='ltr'>senIentia</span> <span class='ocrx_word' id='word_1_19' title='bbox 1405 401 1527 468; x_wconf 86' lang='lat' dir='ltr'>cesserit,</span> <span class='ocrx_word' id='word_1_20' title='bbox 1549 401 1602 458; x_wconf 92' lang='lat' dir='ltr'>boc</span> <span class='ocrx_word' id='word_1_21' title='bbox 1614 401 1729 459; x_wconf 92' lang='lat' dir='ltr'>omnino</span> <span class='ocrx_word' id='word_1_22' title='bbox 1744 402 1825 475; x_wconf 82' lang='lat' dir='ltr'>jube·</span> <span class='ocrx_word' id='word_1_23' title='bbox 1912 418 1916 423; x_wconf 89' lang='lat'>·</span> 
     </span>
     <span class='ocr_line' id='line_1_3' title="bbox 177 485 1824 567; baseline 0.007 -25"><span class='ocrx_word' id='word_1_24' title='bbox 177 485 330 553; x_wconf 72' lang='lat' dir='ltr'>munimus,</span> <span class='ocrx_word' id='word_1_25' title='bbox 344 494 394 543; x_wconf 91' lang='lat' dir='ltr'>aut</span> <span class='ocrx_word' id='word_1_26' title='bbox 409 495 439 544; x_wconf 94' lang='lat' dir='ltr'>ut</span> <span class='ocrx_word' id='word_1_27' title='bbox 453 487 512 560; x_wconf 90' lang='lat' dir='ltr'>ipse</span> <span class='ocrx_word' id='word_1_28' title='bbox 524 488 641 557; x_wconf 82' lang='lat' dir='ltr'>venires,</span> <span class='ocrx_word' id='word_1_29' title='bbox 660 487 756 546; x_wconf 89' lang='lat' dir='ltr'>autad</span> <span class='ocrx_word' id='word_1_30' title='bbox 768 489 971 562; x_wconf 88' lang='lat' dir='ltr'>comprobanda</span> <span class='ocrx_word' id='word_1_31' title='bbox 1028 510 1102 564; x_wconf 90' lang='lat' dir='ltr'>mus,</span> <span class='ocrx_word' id='word_1_32' title='bbox 1123 493 1202 552; x_wconf 89' lang='lat' dir='ltr'>utds</span> <span class='ocrx_word' id='word_1_33' title='bbox 1221 494 1345 566; x_wconf 84' lang='lat' dir='ltr'>illis-qui</span> <span class='ocrx_word' id='word_1_34' title='bbox 1364 510 1430 556; x_wconf 81' lang='lat' dir='ltr'>eum</span> <span class='ocrx_word' id='word_1_35' title='bbox 1456 503 1513 553; x_wconf 90' lang='lat' dir='ltr'>tam</span> <span class='ocrx_word' id='word_1_36' title='bbox 1534 494 1605 551; x_wconf 89' lang='lat' dir='ltr'>male</span> <span class='ocrx_word' id='word_1_37' title='bbox 1626 504 1824 567; x_wconf 77' lang='lat' dir='ltr'>tractaverunt,</span> 
     </span>
     <span class='ocr_line' id='line_1_4' title="bbox 175 579 1824 660; baseline 0.008 -25"><span class='ocrx_word' id='word_1_38' title='bbox 175 579 321 651; x_wconf 69' lang='lat' dir='ltr'>obioetaiu</span> <span class='ocrx_word' id='word_1_39' title='bbox 329 595 393 637; x_wconf 91' lang='lat' dir='ltr'>eum</span> <span class='ocrx_word' id='word_1_40' title='bbox 401 580 521 654; x_wconf 88' lang='lat' dir='ltr'>capitula</span> <span class='ocrx_word' id='word_1_41' title='bbox 533 580 636 655; x_wconf 90' lang='lat' dir='ltr'>legatos</span> <span class='ocrx_word' id='word_1_42' title='bbox 644 590 672 638; x_wconf 90' lang='lat' dir='ltr'>et</span> <span class='ocrx_word' id='word_1_43' title='bbox 681 589 763 639; x_wconf 88' lang='lat' dir='ltr'>testes</span> <span class='ocrx_word' id='word_1_44' title='bbox 775 581 890 640; x_wconf 89' lang='lat' dir='ltr'>idoneos</span> <span class='ocrx_word' id='word_1_45' title='bbox 898 582 974 642; x_wconf 88' lang='lat' dir='ltr'>dele·</span> <span class='ocrx_word' id='word_1_46' title='bbox 1028 588 1102 658; x_wconf 93' lang='lat' dir='ltr'>quod</span> <span class='ocrx_word' id='word_1_47' title='bbox 1118 587 1222 660; x_wconf 79' lang='lat' dir='ltr'>iustitia</span> <span class='ocrx_word' id='word_1_48' title='bbox 1244 588 1366 659; x_wconf 88' lang='lat' dir='ltr'>postulat</span> <span class='ocrx_word' id='word_1_49' title='bbox 1385 587 1436 644; x_wconf 86' lang='lat' dir='ltr'>sibi</span> <span class='ocrx_word' id='word_1_50' title='bbox 1458 604 1506 660; x_wconf 89' lang='lat' dir='ltr'>per</span> <span class='ocrx_word' id='word_1_51' title='bbox 1527 596 1646 645; x_wconf 86' lang='lat' dir='ltr'>vestram</span> <span class='ocrx_word' id='word_1_52' title='bbox 1664 589 1824 649; x_wconf 75' lang='lat' dir='ltr'><strong>instantiam</strong></span> 
     </span>
     <span class='ocr_line' id='line_1_5' title="bbox 174 672 1826 754; baseline 0.007 -25"><span class='ocrx_word' id='word_1_53' title='bbox 174 688 264 745; x_wconf 88' lang='lat' dir='ltr'>gares.</span> <span class='ocrx_word' id='word_1_54' title='bbox 290 672 450 745; x_wconf 81' lang='lat' dir='ltr'>Quodnam</span> <span class='ocrx_word' id='word_1_55' title='bbox 470 674 586 733; x_wconf 89' lang='lat' dir='ltr'>minime</span> <span class='ocrx_word' id='word_1_56' title='bbox 606 674 714 743; x_wconf 88' lang='lat' dir='ltr'>leceris,</span> <span class='ocrx_word' id='word_1_57' title='bbox 729 676 840 749; x_wconf 79' lang='lat' dir='ltr'>justitiae</span> <span class='ocrx_word' id='word_1_58' title='bbox 853 678 974 734; x_wconf 86' lang='lat' dir='ltr'>necessi·</span> <span class='ocrx_word' id='word_1_59' title='bbox 1027 680 1087 748; x_wconf 86' lang='lat' dir='ltr'>liat,</span> <span class='ocrx_word' id='word_1_60' title='bbox 1102 679 1195 749; x_wconf 86' lang='lat' dir='ltr'>idest,</span> <span class='ocrx_word' id='word_1_61' title='bbox 1211 680 1235 736; x_wconf 89' lang='lat' dir='ltr'>si</span> <span class='ocrx_word' id='word_1_62' title='bbox 1253 680 1412 737; x_wconf 71' lang='lat' dir='ltr'><strong>satisfacere</strong></span> <span class='ocrx_word' id='word_1_63' title='bbox 1426 682 1652 754; x_wconf 87' lang='lat' dir='ltr'>contempserint,</span> <span class='ocrx_word' id='word_1_64' title='bbox 1667 698 1826 741; x_wconf 81' lang='lat' dir='ltr'>excommu-</span> 
     </span>
    </p>

    <p class='ocr_par' dir='ltr' id='par_1_3' title="bbox 172 767 1825 1037">
     <span class='ocr_line' id='line_1_6' title="bbox 174 767 1825 851; baseline 0.008 -28"><span class='ocrx_word' id='word_1_65' title='bbox 174 774 230 824; x_wconf 88' lang='lat' dir='ltr'>tate</span> <span class='ocrx_word' id='word_1_66' title='bbox 242 767 343 835; x_wconf 80' lang='lat' dir='ltr'>eoacti,</span> <span class='ocrx_word' id='word_1_67' title='bbox 356 767 392 826; x_wconf 87' lang='lat' dir='ltr'>ds</span> <span class='ocrx_word' id='word_1_68' title='bbox 404 767 465 842; x_wconf 85' lang='lat' dir='ltr'>ejus</span> <span class='ocrx_word' id='word_1_69' title='bbox 476 768 649 827; x_wconf 77' lang='lat' dir='ltr'>restitutione</span> <span class='ocrx_word' id='word_1_70' title='bbox 661 780 764 828; x_wconf 79' lang='lat' dir='ltr'>saneta</span> <span class='ocrx_word' id='word_1_71' title='bbox 777 773 912 829; x_wconf 77' lang='lat' dir='ltr'>Romana</span> <span class='ocrx_word' id='word_1_72' title='bbox 928 774 974 828; x_wconf 74' lang='lat' dir='ltr'>bc·</span> <span class='ocrx_word' id='word_1_73' title='bbox 1028 773 1176 830; x_wconf 79' lang='lat' dir='ltr'>nicationis</span> <span class='ocrx_word' id='word_1_74' title='bbox 1192 773 1219 829; x_wconf 95' lang='lat' dir='ltr'>in</span> <span class='ocrx_word' id='word_1_75' title='bbox 1240 788 1288 830; x_wconf 88' lang='lat' dir='ltr'>eos</span> <span class='ocrx_word' id='word_1_76' title='bbox 1309 790 1458 846; x_wconf 91' lang='lat' dir='ltr'>eorumque</span> <span class='ocrx_word' id='word_1_77' title='bbox 1483 774 1604 848; x_wconf 85' lang='lat' dir='ltr'>perlidiae</span> <span class='ocrx_word' id='word_1_78' title='bbox 1624 774 1746 835; x_wconf 83' lang='lat' dir='ltr'>fautores</span> <span class='ocrx_word' id='word_1_79' title='bbox 1768 777 1825 851; x_wconf 87' lang='lat' dir='ltr'>gla-</span> 
     </span>
     <span class='ocr_line' id='line_1_7' title="bbox 172 859 1823 943; baseline 0.007 -27"><span class='ocrx_word' id='word_1_80' title='bbox 172 859 263 917; x_wconf 83' lang='lat' dir='ltr'>elesiae</span> <span class='ocrx_word' id='word_1_81' title='bbox 282 859 390 933; x_wconf 89' lang='lat' dir='ltr'>jndicio</span> <span class='ocrx_word' id='word_1_82' title='bbox 412 861 609 934; x_wconf 74' lang='lat' dir='ltr'>acquievimus.</span> <span class='ocrx_word' id='word_1_83' title='bbox 632 864 683 921; x_wconf 90' lang='lat' dir='ltr'>Cui</span> <span class='ocrx_word' id='word_1_84' title='bbox 697 866 720 921; x_wconf 89' lang='lat' dir='ltr'>si</span> <span class='ocrx_word' id='word_1_85' title='bbox 745 880 867 936; x_wconf 88' lang='lat' dir='ltr'>superna</span> <span class='ocrx_word' id='word_1_86' title='bbox 886 865 973 938; x_wconf 89' lang='lat' dir='ltr'>pietus</span> <span class='ocrx_word' id='word_1_87' title='bbox 1027 866 1090 926; x_wconf 90' lang='lat' dir='ltr'>dius</span> <span class='ocrx_word' id='word_1_88' title='bbox 1116 867 1348 924; x_wconf 85' lang='lat' dir='ltr'>exeratur.lstud</span> <span class='ocrx_word' id='word_1_89' title='bbox 1369 867 1480 925; x_wconf 87' lang='lat' dir='ltr'>veroin</span> <span class='ocrx_word' id='word_1_90' title='bbox 1501 868 1554 925; x_wconf 90' lang='lat' dir='ltr'>hoc</span> <span class='ocrx_word' id='word_1_91' title='bbox 1576 869 1689 943; x_wconf 91' lang='lat' dir='ltr'>negotio</span> <span class='ocrx_word' id='word_1_92' title='bbox 1703 871 1823 929; x_wconf 79' lang='lat' dir='ltr'>maxime</span> 
     </span>
     <span class='ocr_line' id='line_1_8' title="bbox 172 952 1824 1037; baseline 0.009 -28"><span class='ocrx_word' id='word_1_93' title='bbox 172 952 320 1026; x_wconf 88' lang='lat' dir='ltr'>aliquando</span> <span class='ocrx_word' id='word_1_94' title='bbox 343 954 478 1027; x_wconf 88' lang='lat' dir='ltr'>respirare</span> <span class='ocrx_word' id='word_1_95' title='bbox 498 955 679 1025; x_wconf 89' lang='lat' dir='ltr'>concesserit,</span> <span class='ocrx_word' id='word_1_96' title='bbox 695 956 801 1030; x_wconf 92' lang='lat' dir='ltr'>liquido</span> <span class='ocrx_word' id='word_1_97' title='bbox 821 964 870 1014; x_wconf 88' lang='lat' dir='ltr'>tua</span> <span class='ocrx_word' id='word_1_98' title='bbox 889 957 974 1015; x_wconf 87' lang='lat' dir='ltr'>beati·</span> <span class='ocrx_word' id='word_1_99' title='bbox 1026 976 1135 1019; x_wconf 86' lang='lat' dir='ltr'>serrare</span> <span class='ocrx_word' id='word_1_100' title='bbox 1149 976 1198 1018; x_wconf 87' lang='lat' dir='ltr'>ros</span> <span class='ocrx_word' id='word_1_101' title='bbox 1211 960 1348 1029; x_wconf 83' lang='lat' dir='ltr'>volumus,</span> <span class='ocrx_word' id='word_1_102' title='bbox 1362 969 1422 1017; x_wconf 90' lang='lat' dir='ltr'>tum</span> <span class='ocrx_word' id='word_1_103' title='bbox 1437 977 1486 1033; x_wconf 92' lang='lat' dir='ltr'>pro</span> <span class='ocrx_word' id='word_1_104' title='bbox 1499 961 1591 1019; x_wconf 90' lang='lat' dir='ltr'>labore</span> <span class='ocrx_word' id='word_1_105' title='bbox 1608 979 1692 1037; x_wconf 88' lang='lat' dir='ltr'>quem</span> <span class='ocrx_word' id='word_1_106' title='bbox 1712 980 1824 1024; x_wconf 87' lang='lat' dir='ltr'>merno-</span> 
     </span>
    </p>

    <p class='ocr_par' dir='ltr' id='par_1_4' title="bbox 171 1045 1822 1128">
     <span class='ocr_line' id='line_1_9' title="bbox 171 1045 1822 1128; baseline 0.007 -23"><span class='ocrx_word' id='word_1_107' title='bbox 171 1045 240 1105; x_wconf 79' lang='lat' dir='ltr'>udo</span> <span class='ocrx_word' id='word_1_108' title='bbox 260 1047 411 1121; x_wconf 72' lang='lat' dir='ltr'>Intelligere</span> <span class='ocrx_word' id='word_1_109' title='bbox 431 1048 544 1120; x_wconf 90' lang='lat' dir='ltr'>poterit,</span> <span class='ocrx_word' id='word_1_110' title='bbox 566 1064 628 1106; x_wconf 88' lang='lat' dir='ltr'>eam</span> <span class='ocrx_word' id='word_1_111' title='bbox 642 1049 730 1107; x_wconf 91' lang='lat' dir='ltr'>multo</span> <span class='ocrx_word' id='word_1_112' title='bbox 744 1051 971 1123; x_wconf 89' lang='lat' dir='ltr'>irreprebensibi·</span> <span class='ocrx_word' id='word_1_113' title='bbox 1026 1064 1104 1113; x_wconf 89' lang='lat' dir='ltr'>ratus</span> <span class='ocrx_word' id='word_1_114' title='bbox 1119 1055 1264 1128; x_wconf 90' lang='lat' dir='ltr'>episcopus</span> <span class='ocrx_word' id='word_1_115' title='bbox 1276 1053 1313 1112; x_wconf 92' lang='lat' dir='ltr'>ad</span> <span class='ocrx_word' id='word_1_116' title='bbox 1330 1054 1508 1126; x_wconf 85' lang='lat' dir='ltr'>apostolicam</span> <span class='ocrx_word' id='word_1_117' title='bbox 1520 1055 1617 1113; x_wconf 86' lang='lat' dir='ltr'>sedem</span> <span class='ocrx_word' id='word_1_118' title='bbox 1628 1056 1738 1126; x_wconf 81' lang='lat' dir='ltr'>subivit,</span> <span class='ocrx_word' id='word_1_119' title='bbox 1756 1074 1822 1117; x_wconf 89' lang='lat' dir='ltr'>cum</span> 
     </span>
    </p>

    <p class='ocr_par' dir='ltr' id='par_1_5' title="bbox 170 1138 1924 1784">
     <span class='ocr_line' id='line_1_10' title="bbox 171 1138 1821 1224; baseline 0.007 -27"><span class='ocrx_word' id='word_1_120' title='bbox 171 1138 222 1197; x_wconf 85' lang='lat' dir='ltr'>lius</span> <span class='ocrx_word' id='word_1_121' title='bbox 235 1139 293 1197; x_wconf 91' lang='lat' dir='ltr'>boc</span> <span class='ocrx_word' id='word_1_122' title='bbox 305 1141 404 1214; x_wconf 86' lang='lat' dir='ltr'>egisse,</span> <span class='ocrx_word' id='word_1_123' title='bbox 418 1157 502 1214; x_wconf 89' lang='lat' dir='ltr'>quam</span> <span class='ocrx_word' id='word_1_124' title='bbox 522 1150 550 1199; x_wconf 90' lang='lat' dir='ltr'>te</span> <span class='ocrx_word' id='word_1_125' title='bbox 563 1142 660 1199; x_wconf 88' lang='lat' dir='ltr'>matris</span> <span class='ocrx_word' id='word_1_126' title='bbox 671 1152 728 1201; x_wconf 80' lang='lat' dir='ltr'>tuae</span> <span class='ocrx_word' id='word_1_127' title='bbox 736 1144 896 1216; x_wconf 74' lang='lat' dir='ltr'>iudicialem</span> <span class='ocrx_word' id='word_1_128' title='bbox 910 1161 973 1202; x_wconf 91' lang='lat' dir='ltr'>cen·</span> <span class='ocrx_word' id='word_1_129' title='bbox 1027 1150 1109 1207; x_wconf 71' lang='lat' dir='ltr'>enam</span> <span class='ocrx_word' id='word_1_130' title='bbox 1130 1164 1180 1221; x_wconf 95' lang='lat' dir='ltr'>pro</span> <span class='ocrx_word' id='word_1_131' title='bbox 1200 1163 1296 1205; x_wconf 90' lang='lat' dir='ltr'>amore</span> <span class='ocrx_word' id='word_1_132' title='bbox 1317 1147 1475 1205; x_wconf 84' lang='lat' dir='ltr'>nobilissImi</span> <span class='ocrx_word' id='word_1_133' title='bbox 1495 1148 1603 1205; x_wconf 91' lang='lat' dir='ltr'>comitis</span> <span class='ocrx_word' id='word_1_134' title='bbox 1626 1150 1752 1219; x_wconf 80' lang='lat' dir='ltr'>Robusti,</span> <span class='ocrx_word' id='word_1_135' title='bbox 1774 1153 1821 1224; x_wconf 91' lang='lat' dir='ltr'>qui</span> 
     </span>
     <span class='ocr_line' id='line_1_11' title="bbox 171 1234 1821 1315; baseline 0.005 -25"><span class='ocrx_word' id='word_1_136' title='bbox 171 1248 266 1291; x_wconf 84' lang='lat' dir='ltr'>saram</span> <span class='ocrx_word' id='word_1_137' title='bbox 283 1249 397 1291; x_wconf 90' lang='lat' dir='ltr'>manum</span> <span class='ocrx_word' id='word_1_138' title='bbox 410 1234 632 1307; x_wconf 81' lang='lat' dir='ltr'>reprehensionis</span> <span class='ocrx_word' id='word_1_139' title='bbox 654 1237 817 1295; x_wconf 82' lang='lat' dir='ltr'>extendisse.</span> <span class='ocrx_word' id='word_1_140' title='bbox 837 1242 974 1297; x_wconf 88' lang='lat' dir='ltr'>Decuerat</span> <span class='ocrx_word' id='word_1_141' title='bbox 1025 1242 1106 1299; x_wconf 92' lang='lat' dir='ltr'>uobis</span> <span class='ocrx_word' id='word_1_142' title='bbox 1122 1257 1250 1315; x_wconf 89' lang='lat' dir='ltr'>supereo</span> <span class='ocrx_word' id='word_1_143' title='bbox 1265 1241 1405 1314; x_wconf 80' lang='lat' dir='ltr'>petitorias</span> <span class='ocrx_word' id='word_1_144' title='bbox 1426 1242 1528 1298; x_wconf 87' lang='lat' dir='ltr'>litteras</span> <span class='ocrx_word' id='word_1_145' title='bbox 1547 1242 1629 1310; x_wconf 85' lang='lat' dir='ltr'>misit,</span> <span class='ocrx_word' id='word_1_146' title='bbox 1647 1250 1679 1299; x_wconf 92' lang='lat' dir='ltr'>ut</span> <span class='ocrx_word' id='word_1_147' title='bbox 1690 1259 1756 1300; x_wconf 90' lang='lat' dir='ltr'>cum</span> <span class='ocrx_word' id='word_1_148' title='bbox 1769 1245 1821 1301; x_wconf 91' lang='lat' dir='ltr'>mi-</span> 
     </span>
     <span class='ocr_line' id='line_1_12' title="bbox 172 1326 1822 1408; baseline 0.004 -23"><span class='ocrx_word' id='word_1_149' title='bbox 172 1326 283 1400; x_wconf 79' lang='lat' dir='ltr'>qridem</span> <span class='ocrx_word' id='word_1_150' title='bbox 298 1342 358 1396; x_wconf 89' lang='lat' dir='ltr'>ros,</span> <span class='ocrx_word' id='word_1_151' title='bbox 372 1337 401 1386; x_wconf 92' lang='lat' dir='ltr'>et</span> <span class='ocrx_word' id='word_1_152' title='bbox 412 1328 524 1402; x_wconf 83' lang='lat' dir='ltr'>dIguius</span> <span class='ocrx_word' id='word_1_153' title='bbox 540 1329 677 1387; x_wconf 90' lang='lat' dir='ltr'>rideretur</span> <span class='ocrx_word' id='word_1_154' title='bbox 691 1330 742 1387; x_wconf 89' lang='lat' dir='ltr'>hac</span> <span class='ocrx_word' id='word_1_155' title='bbox 756 1332 847 1404; x_wconf 93' lang='lat' dir='ltr'>potius</span> <span class='ocrx_word' id='word_1_156' title='bbox 864 1341 972 1405; x_wconf 87' lang='lat' dir='ltr'>tempe-</span> <span class='ocrx_word' id='word_1_157' title='bbox 1025 1336 1174 1394; x_wconf 90' lang='lat' dir='ltr'>serioordia</span> <span class='ocrx_word' id='word_1_158' title='bbox 1195 1341 1338 1404; x_wconf 80' lang='lat' dir='ltr'>tractetur,</span> <span class='ocrx_word' id='word_1_159' title='bbox 1360 1344 1405 1403; x_wconf 90' lang='lat' dir='ltr'>et,</span> <span class='ocrx_word' id='word_1_160' title='bbox 1424 1343 1557 1407; x_wconf 87' lang='lat' dir='ltr'>quantum</span> <span class='ocrx_word' id='word_1_161' title='bbox 1571 1336 1644 1391; x_wconf 86' lang='lat' dir='ltr'>salva</span> <span class='ocrx_word' id='word_1_162' title='bbox 1654 1334 1761 1408; x_wconf 82' lang='lat' dir='ltr'>justitia</span> <span class='ocrx_word' id='word_1_163' title='bbox 1774 1353 1822 1408; x_wconf 88' lang='lat' dir='ltr'>po·</span> 
     </span>
     <span class='ocr_line' id='line_1_13' title="bbox 171 1420 1924 1502; baseline 0.005 -26"><span class='ocrx_word' id='word_1_164' title='bbox 171 1427 250 1489; x_wconf 86' lang='lat' dir='ltr'>state,</span> <span class='ocrx_word' id='word_1_165' title='bbox 264 1428 293 1477; x_wconf 89' lang='lat' dir='ltr'>et</span> <span class='ocrx_word' id='word_1_166' title='bbox 307 1420 435 1479; x_wconf 85' lang='lat' dir='ltr'>basiator</span> <span class='ocrx_word' id='word_1_167' title='bbox 447 1438 516 1494; x_wconf 88' lang='lat' dir='ltr'>quas</span> <span class='ocrx_word' id='word_1_168' title='bbox 530 1423 633 1496; x_wconf 89' lang='lat' dir='ltr'>patitur</span> <span class='ocrx_word' id='word_1_169' title='bbox 645 1425 793 1498; x_wconf 89' lang='lat' dir='ltr'>angustias,</span> <span class='ocrx_word' id='word_1_170' title='bbox 808 1426 859 1483; x_wconf 91' lang='lat' dir='ltr'>Dei</span> <span class='ocrx_word' id='word_1_171' title='bbox 878 1426 972 1499; x_wconf 92' lang='lat' dir='ltr'>utique</span> <span class='ocrx_word' id='word_1_172' title='bbox 1025 1438 1094 1501; x_wconf 90' lang='lat' dir='ltr'>test,</span> <span class='ocrx_word' id='word_1_173' title='bbox 1109 1445 1246 1487; x_wconf 86' lang='lat' dir='ltr'>canonum</span> <span class='ocrx_word' id='word_1_174' title='bbox 1261 1431 1336 1502; x_wconf 86' lang='lat' dir='ltr'>rigor</span> <span class='ocrx_word' id='word_1_175' title='bbox 1358 1428 1554 1500; x_wconf 86' lang='lat' dir='ltr'>compassionis</span> <span class='ocrx_word' id='word_1_176' title='bbox 1576 1437 1701 1501; x_wconf 89' lang='lat' dir='ltr'>respectu</span> <span class='ocrx_word' id='word_1_177' title='bbox 1716 1437 1822 1501; x_wconf 86' lang='lat' dir='ltr'>tempe·</span> <span class='ocrx_word' id='word_1_178' title='bbox 1920 1483 1924 1491; x_wconf 88' lang='grc'><strong>,</strong></span> 
     </span>
     <span class='ocr_line' id='line_1_14' title="bbox 172 1512 1822 1596; baseline 0.005 -25"><span class='ocrx_word' id='word_1_179' title='bbox 172 1513 346 1572; x_wconf 81' lang='lat' dir='ltr'>emmauons</span> <span class='ocrx_word' id='word_1_180' title='bbox 359 1523 387 1572; x_wconf 86' lang='lat' dir='ltr'>et</span> <span class='ocrx_word' id='word_1_181' title='bbox 401 1516 569 1574; x_wconf 90' lang='lat' dir='ltr'>conscientia</span> <span class='ocrx_word' id='word_1_182' title='bbox 582 1516 663 1584; x_wconf 91' lang='lat' dir='ltr'>bona,</span> <span class='ocrx_word' id='word_1_183' title='bbox 677 1526 809 1591; x_wconf 90' lang='lat' dir='ltr'>tanquam</span> <span class='ocrx_word' id='word_1_184' title='bbox 820 1518 892 1577; x_wconf 87' lang='lat' dir='ltr'>filios</span> <span class='ocrx_word' id='word_1_185' title='bbox 906 1535 971 1577; x_wconf 90' lang='lat' dir='ltr'>suos</span> <span class='ocrx_word' id='word_1_186' title='bbox 1025 1534 1109 1583; x_wconf 91' lang='lat' dir='ltr'>retur.</span> <span class='ocrx_word' id='word_1_187' title='bbox 1131 1524 1256 1596; x_wconf 86' lang='lat' dir='ltr'>Denique</span> <span class='ocrx_word' id='word_1_188' title='bbox 1275 1523 1312 1579; x_wconf 90' lang='lat' dir='ltr'>ita</span> <span class='ocrx_word' id='word_1_189' title='bbox 1331 1539 1361 1580; x_wconf 91' lang='lat' dir='ltr'>se</span> <span class='ocrx_word' id='word_1_190' title='bbox 1381 1512 1673 1580; x_wconf 81' lang='lat' dir='ltr'>fraternitatIs&#39;restrta</span> <span class='ocrx_word' id='word_1_191' title='bbox 1691 1523 1822 1595; x_wconf 82' lang='lat' dir='ltr'>sagacitas</span> 
     </span>
     <span class='ocr_line' id='line_1_15' title="bbox 171 1606 1821 1695; baseline 0.005 -30"><span class='ocrx_word' id='word_1_192' title='bbox 171 1606 390 1665; x_wconf 82' lang='lat' dir='ltr'>consolationum</span> <span class='ocrx_word' id='word_1_193' title='bbox 412 1609 464 1666; x_wconf 91' lang='lat' dir='ltr'>sibi</span> <span class='ocrx_word' id='word_1_194' title='bbox 482 1609 572 1667; x_wconf 92' lang='lat' dir='ltr'>dulcia</span> <span class='ocrx_word' id='word_1_195' title='bbox 604 1611 780 1680; x_wconf 87' lang='lat' dir='ltr'>ministrare,</span> <span class='ocrx_word' id='word_1_196' title='bbox 802 1629 887 1685; x_wconf 88' lang='lat' dir='ltr'>quoru</span> <span class='ocrx_word' id='word_1_197' title='bbox 906 1614 968 1670; x_wconf 89' lang='lat' dir='ltr'>talia</span> <span class='ocrx_word' id='word_1_198' title='bbox 1022 1619 1131 1688; x_wconf 87' lang='lat' dir='ltr'>lrabeat,</span> <span class='ocrx_word' id='word_1_199' title='bbox 1153 1628 1185 1675; x_wconf 91' lang='lat' dir='ltr'>ut</span> <span class='ocrx_word' id='word_1_200' title='bbox 1203 1633 1254 1675; x_wconf 91' lang='lat' dir='ltr'>nec</span> <span class='ocrx_word' id='word_1_201' title='bbox 1267 1618 1297 1674; x_wconf 91' lang='lat' dir='ltr'>in</span> <span class='ocrx_word' id='word_1_202' title='bbox 1316 1617 1439 1675; x_wconf 82' lang='lat' dir='ltr'>dextram</span> <span class='ocrx_word' id='word_1_203' title='bbox 1458 1631 1509 1673; x_wconf 91' lang='lat' dir='ltr'>uec</span> <span class='ocrx_word' id='word_1_204' title='bbox 1529 1615 1559 1671; x_wconf 93' lang='lat' dir='ltr'>in</span> <span class='ocrx_word' id='word_1_205' title='bbox 1577 1616 1676 1674; x_wconf 80' lang='lat' dir='ltr'>laeram</span> <span class='ocrx_word' id='word_1_206' title='bbox 1691 1615 1821 1695; x_wconf 82' lang='lat' dir='ltr'>declinet,</span> 
     </span>
     <span class='ocr_line' id='line_1_16' title="bbox 170 1697 1821 1784; baseline 0.006 -27"><span class='ocrx_word' id='word_1_207' title='bbox 170 1697 342 1770; x_wconf 79' lang='lat' dir='ltr'>mandando,</span> <span class='ocrx_word' id='word_1_208' title='bbox 356 1709 386 1759; x_wconf 87' lang='lat' dir='ltr'>et</span> <span class='ocrx_word' id='word_1_209' title='bbox 405 1701 504 1760; x_wconf 87' lang='lat' dir='ltr'>talibus</span> <span class='ocrx_word' id='word_1_210' title='bbox 515 1718 576 1760; x_wconf 89' lang='lat' dir='ltr'>eam</span> <span class='ocrx_word' id='word_1_211' title='bbox 587 1704 682 1761; x_wconf 74' lang='lat' dir='ltr'>naeniis</span> <span class='ocrx_word' id='word_1_212' title='bbox 695 1704 877 1777; x_wconf 81' lang='lat' dir='ltr'>implicando,</span> <span class='ocrx_word' id='word_1_213' title='bbox 888 1707 966 1764; x_wconf 92' lang='lat' dir='ltr'>dolo·</span> <span class='ocrx_word' id='word_1_214' title='bbox 1021 1712 1070 1769; x_wconf 86' lang='lat' dir='ltr'>sed</span> <span class='ocrx_word' id='word_1_215' title='bbox 1080 1729 1114 1768; x_wconf 83' lang='lat' dir='ltr'>er</span> <span class='ocrx_word' id='word_1_216' title='bbox 1126 1721 1241 1784; x_wconf 91' lang='lat' dir='ltr'>utroque</span> <span class='ocrx_word' id='word_1_217' title='bbox 1253 1727 1340 1768; x_wconf 88' lang='lat' dir='ltr'>unum</span> <span class='ocrx_word' id='word_1_218' title='bbox 1355 1708 1458 1767; x_wconf 85' lang='lat' dir='ltr'>lacIens</span> <span class='ocrx_word' id='word_1_219' title='bbox 1471 1725 1559 1766; x_wconf 90' lang='lat' dir='ltr'>unum</span> <span class='ocrx_word' id='word_1_220' title='bbox 1572 1717 1821 1782; x_wconf 87' lang='lat' dir='ltr'>temperamentum</span> 
     </span>
    </p>

    <p class='ocr_par' dir='ltr' id='par_1_6' title="bbox 119 1780 1573 1995">
     <span class='ocr_line' id='line_1_17' title="bbox 119 1780 1417 1873; baseline 0.008 -23"><span class='ocrx_word' id='word_1_221' title='bbox 119 1786 128 1793; x_wconf 81' lang='grc'><strong><em>’</em></strong></span> <span class='ocrx_word' id='word_1_222' title='bbox 170 1807 226 1850; x_wconf 89' lang='lat' dir='ltr'>rem</span> <span class='ocrx_word' id='word_1_223' title='bbox 240 1808 326 1867; x_wconf 90' lang='lat' dir='ltr'>super</span> <span class='ocrx_word' id='word_1_224' title='bbox 335 1795 462 1854; x_wconf 91' lang='lat' dir='ltr'>dolorem</span> <span class='ocrx_word' id='word_1_225' title='bbox 473 1812 622 1871; x_wconf 88' lang='lat' dir='ltr'>apponere,</span> <span class='ocrx_word' id='word_1_226' title='bbox 638 1797 823 1871; x_wconf 86' lang='lat' dir='ltr'>multiplicare</span> <span class='ocrx_word' id='word_1_227' title='bbox 835 1800 968 1873; x_wconf 90' lang='lat' dir='ltr'>pondera,</span> <span class='ocrx_word' id='word_1_228' title='bbox 984 1780 1007 1844; x_wconf 78' lang='grc' dir='ltr'>Β</span> <span class='ocrx_word' id='word_1_229' title='bbox 1023 1805 1147 1864; x_wconf 82' lang='lat' dir='ltr'>medIum</span> <span class='ocrx_word' id='word_1_230' title='bbox 1158 1805 1305 1863; x_wconf 87' lang='lat' dir='ltr'>salubriter</span> <span class='ocrx_word' id='word_1_231' title='bbox 1314 1811 1417 1861; x_wconf 88' lang='lat' dir='ltr'>teneat.</span> 
     </span>
     <span class='ocr_line' id='line_1_18' title="bbox 172 1888 1573 1995; baseline 0.006 -50"><span class='ocrx_word' id='word_1_232' title='bbox 172 1902 223 1945; x_wconf 90' lang='lat' dir='ltr'>non</span> <span class='ocrx_word' id='word_1_233' title='bbox 236 1888 445 1947; x_wconf 85' lang='lat' dir='ltr'>cummunicare</span> <span class='ocrx_word' id='word_1_234' title='bbox 462 1890 639 1962; x_wconf 84' lang='lat' dir='ltr'>ponderibus.</span> <span class='ocrx_word' id='word_1_235' title='bbox 654 1891 731 1950; x_wconf 84' lang='lat' dir='ltr'>vole.</span> <span class='ocrx_word' id='word_1_236' title='bbox 1254 1939 1431 1995; x_wconf 56' lang='lat' dir='ltr'>mmm</span> <span class='ocrx_word' id='word_1_237' title='bbox 1444 1937 1573 1992; x_wconf 63' lang='lat' dir='ltr'>xxm</span> 
     </span>
    </p>
   </div>
   <div class='ocr_carea' id='block_1_3' title="bbox 272 2004 1699 2247">
    <p class='ocr_par' dir='ltr' id='par_1_7' title="bbox 272 2004 1699 2247">
     <span class='ocr_line' id='line_1_19' title="bbox 400 2004 736 2060; baseline 0.006 -2"><span class='ocrx_word' id='word_1_238' title='bbox 400 2004 576 2060; x_wconf 77' lang='lat' dir='ltr'><strong>EPISTOLA</strong></span> <span class='ocrx_word' id='word_1_239' title='bbox 612 2005 736 2060; x_wconf 80' lang='lat' dir='ltr'>xxxii.</span> 
     </span>
     <span class='ocr_line' id='line_1_20' title="bbox 272 2072 1699 2247; baseline -0.02 -87"><span class='ocrx_word' id='word_1_240' title='bbox 272 2118 314 2160; x_wconf 87' lang='lat' dir='ltr'>sn</span> <span class='ocrx_word' id='word_1_241' title='bbox 332 2118 603 2163; x_wconf 80' lang='lat' dir='ltr'>recursarscorurr</span> <span class='ocrx_word' id='word_1_242' title='bbox 623 2120 864 2163; x_wconf 80' lang='lat' dir='ltr'>nuonunnuserr.</span> <span class='ocrx_word' id='word_1_243' title='bbox 1142 2080 1184 2122; x_wconf 56' lang='grc' dir='ltr'>’Β</span> <span class='ocrx_word' id='word_1_244' title='bbox 1197 2072 1699 2247; x_wconf 40' lang='grc' dir='ltr'>ΒΟΒΠΤᾙΣᾜΣῩᾸΝΜῙΒ·</span> 
     </span>
    </p>
   </div>
   <div class='ocr_carea' id='block_1_4' title="bbox 468 2222 674 2284">
    <p class='ocr_par' dir='ltr' id='par_1_8' title="bbox 468 2222 674 2284">
     <span class='ocr_line' id='line_1_21' title="bbox 468 2222 674 2284; baseline -0.005 -11"><span class='ocrx_word' id='word_1_245' title='bbox 468 2222 560 2283; x_wconf 75' lang='lat' dir='ltr'>(Anno</span> <span class='ocrx_word' id='word_1_246' title='bbox 582 2222 674 2284; x_wconf 79' lang='lat' dir='ltr'>tuti.)</span> 
     </span>
    </p>
   </div>
   <div class='ocr_carea' id='block_1_5' title="bbox 173 2292 1822 2543">
    <p class='ocr_par' dir='ltr' id='par_1_9' title="bbox 173 2292 1822 2543">
     <span class='ocr_line' id='line_1_22' title="bbox 173 2292 1822 2423; baseline -0.015 -38"><span class='ocrx_word' id='word_1_247' title='bbox 173 2315 309 2387; x_wconf 52' lang='lat' dir='ltr'>mli</span> <span class='ocrx_word' id='word_1_248' title='bbox 326 2333 366 2384; x_wconf 59' lang='grc' dir='ltr'>ὅθ,</span> <span class='ocrx_word' id='word_1_249' title='bbox 386 2313 601 2403; x_wconf 73' lang='lat' dir='ltr'>antequum&#39;ejus</span> <span class='ocrx_word' id='word_1_250' title='bbox 614 2321 719 2375; x_wconf 85' lang='lat' dir='ltr'>litteras</span> <span class='ocrx_word' id='word_1_251' title='bbox 734 2326 886 2392; x_wconf 85' lang='lat' dir='ltr'>accepisset,</span> <span class='ocrx_word' id='word_1_252' title='bbox 906 2326 967 2379; x_wconf 84' lang='lat' dir='ltr'>Ter·</span> <span class='ocrx_word' id='word_1_253' title='bbox 1019 2300 1138 2380; x_wconf 60' lang='lat' dir='ltr'>Illll⁰⁸⁰⁸²</span> <span class='ocrx_word' id='word_1_254' title='bbox 1151 2297 1209 2368; x_wconf 56' lang='lat' dir='ltr'>‘Illi</span> <span class='ocrx_word' id='word_1_255' title='bbox 1221 2312 1267 2401; x_wconf 64' lang='lat' dir='ltr'>&#39;fei‘</span> <span class='ocrx_word' id='word_1_256' title='bbox 1268 2298 1386 2423; x_wconf 58' lang='lat' dir='ltr'>155⁸,qu</span> <span class='ocrx_word' id='word_1_257' title='bbox 1398 2296 1527 2380; x_wconf 56' lang='lat' dir='ltr'>“difflui</span> <span class='ocrx_word' id='word_1_258' title='bbox 1537 2294 1717 2378; x_wconf 45' lang='lat' dir='ltr'>“plinthium</span> <span class='ocrx_word' id='word_1_259' title='bbox 1729 2292 1822 2376; x_wconf 59' lang='grc' dir='ltr'>ΝΜ</span> 
     </span>
     <span class='ocr_line' id='line_1_23' title="bbox 200 2362 1821 2471; baseline -0.016 -27"><span class='ocrx_word' id='word_1_260' title='bbox 200 2402 365 2444; x_wconf 73' lang='lat' dir='ltr'>mammem</span> <span class='ocrx_word' id='word_1_261' title='bbox 387 2405 539 2471; x_wconf 79' lang='lat' dir='ltr'>episcopam</span> <span class='ocrx_word' id='word_1_262' title='bbox 568 2392 725 2454; x_wconf 81' lang='lat' dir='ltr'>absolvisse,</span> <span class='ocrx_word' id='word_1_263' title='bbox 750 2398 854 2462; x_wconf 65' lang='lat' dir='ltr'>accepto</span> <span class='ocrx_word' id='word_1_264' title='bbox 881 2395 965 2463; x_wconf 70' lang='lat' dir='ltr'>jum.</span> <span class='ocrx_word' id='word_1_265' title='bbox 1050 2374 1233 2453; x_wconf 76' lang='lat' dir='ltr'>scotaverat.</span> <span class='ocrx_word' id='word_1_266' title='bbox 1262 2369 1305 2423; x_wconf 84' lang='lat' dir='ltr'>des</span> <span class='ocrx_word' id='word_1_267' title='bbox 1344 2371 1468 2438; x_wconf 80' lang='lat' dir='ltr'>crepetst</span> <span class='ocrx_word' id='word_1_268' title='bbox 1483 2383 1515 2423; x_wconf 88' lang='lat' dir='ltr'>cu</span> <span class='ocrx_word' id='word_1_269' title='bbox 1528 2381 1589 2437; x_wconf 79' lang='lat' dir='ltr'>quie</span> <span class='ocrx_word' id='word_1_270' title='bbox 1610 2381 1640 2420; x_wconf 83' lang='lat' dir='ltr'>as</span> <span class='ocrx_word' id='word_1_271' title='bbox 1656 2362 1821 2436; x_wconf 70' lang='lat' dir='ltr'>procedenti</span> 
     </span>
     <span class='ocr_line' id='line_1_24' title="bbox 201 2440 1301 2543; baseline -0.013 -22"><span class='ocrx_word' id='word_1_272' title='bbox 201 2464 293 2543; x_wconf 67' lang='lat' dir='ltr'>orna</span> <span class='ocrx_word' id='word_1_273' title='bbox 305 2464 380 2530; x_wconf 71' lang='lat' dir='ltr'>quau</span> <span class='ocrx_word' id='word_1_274' title='bbox 395 2461 500 2530; x_wconf 62' lang='lat' dir='ltr'>suerso</span> <span class='ocrx_word' id='word_1_275' title='bbox 511 2463 585 2518; x_wconf 72' lang='lat' dir='ltr'>ouo</span> <span class='ocrx_word' id='word_1_276' title='bbox 598 2464 749 2533; x_wconf 70' lang='lat' dir='ltr'>aposomr</span> <span class='ocrx_word' id='word_1_277' title='bbox 766 2466 808 2518; x_wconf 79' lang='lat' dir='ltr'>ou</span> <span class='ocrx_word' id='word_1_278' title='bbox 822 2465 906 2535; x_wconf 64' lang='lat' dir='ltr'>repas</span> <span class='ocrx_word' id='word_1_279' title='bbox 922 2482 965 2520; x_wconf 63' lang='lat' dir='ltr'>aa.</span> <span class='ocrx_word' id='word_1_280' title='bbox 1056 2442 1168 2511; x_wconf 66' lang='lat' dir='ltr'>epistota</span> <span class='ocrx_word' id='word_1_281' title='bbox 1181 2440 1301 2495; x_wconf 64' lang='lat' dir='ltr'>uaeas.</span> 
     </span>
    </p>
   </div>
   <div class='ocr_carea' id='block_1_6' title="bbox 198 2534 1822 2721">
    <p class='ocr_par' dir='ltr' id='par_1_10' title="bbox 198 2534 1822 2721">
     <span class='ocr_line' id='line_1_25' title="bbox 202 2534 1822 2627; baseline 0.004 -26"><span class='ocrx_word' id='word_1_282' title='bbox 202 2536 371 2616; x_wconf 55' lang='lat' dir='ltr'>W}</span> <span class='ocrx_word' id='word_1_283' title='bbox 385 2548 471 2615; x_wconf 53' lang='lat' dir='ltr'>&lt;lutri</span> <span class='ocrx_word' id='word_1_284' title='bbox 486 2534 564 2616; x_wconf 68' lang='lat' dir='ltr'>5¹⁴th</span> <span class='ocrx_word' id='word_1_285' title='bbox 583 2539 614 2588; x_wconf 67' lang='lat'>¹⁴⁶</span> <span class='ocrx_word' id='word_1_286' title='bbox 632 2539 719 2618; x_wconf 70' lang='lat' dir='ltr'><strong>⁰⁰⁰⁶‚I0</strong></span> <span class='ocrx_word' id='word_1_287' title='bbox 735 2536 856 2620; x_wconf 48' lang='grc' dir='ltr'>θῦηέῐῖῗθ,</span> <span class='ocrx_word' id='word_1_288' title='bbox 871 2541 899 2617; x_wconf 63' lang='lat' dir='ltr'>ti</span> <span class='ocrx_word' id='word_1_289' title='bbox 913 2536 965 2617; x_wconf 58' lang='lat' dir='ltr'>‘ld&#39;</span> <span class='ocrx_word' id='word_1_290' title='bbox 1055 2557 1232 2612; x_wconf 87' lang='lat' dir='ltr'>Gasuoruus</span> <span class='ocrx_word' id='word_1_291' title='bbox 1246 2555 1401 2627; x_wconf 87' lang='lat' dir='ltr'>episcopus,</span> <span class='ocrx_word' id='word_1_292' title='bbox 1421 2569 1515 2610; x_wconf 85' lang='lat' dir='ltr'>servus</span> <span class='ocrx_word' id='word_1_293' title='bbox 1526 2567 1671 2609; x_wconf 86' lang='lat' dir='ltr'>servorum</span> <span class='ocrx_word' id='word_1_294' title='bbox 1688 2552 1750 2620; x_wconf 88' lang='lat' dir='ltr'>Dei,</span> <span class='ocrx_word' id='word_1_295' title='bbox 1765 2554 1822 2609; x_wconf 81' lang='lat' dir='ltr'>lto·</span> 
     </span>
     <span class='ocr_line' id='line_1_26' title="bbox 198 2602 1821 2721; baseline 0.002 -21"><span class='ocrx_word' id='word_1_296' title='bbox 198 2606 294 2671; x_wconf 53' lang='lat' dir='ltr'>&#39;&#39;m‘&#39;</span> <span class='ocrx_word' id='word_1_297' title='bbox 304 2602 360 2657; x_wconf 49' lang='grc' dir='ltr'>ἰδ’</span> <span class='ocrx_word' id='word_1_298' title='bbox 371 2603 658 2672; x_wconf 54' lang='lat' dir='ltr'>cmme&#39;w‘abbate’</span> <span class='ocrx_word' id='word_1_299' title='bbox 669 2621 693 2659; x_wconf 75' lang='lat'>⁸⁸</span> <span class='ocrx_word' id='word_1_300' title='bbox 705 2604 839 2675; x_wconf 52' lang='lat' dir='ltr'>dep⁰⁸²t¹⁰</span> <span class='ocrx_word' id='word_1_301' title='bbox 851 2621 962 2677; x_wconf 55' lang='lat' dir='ltr'>‘mm&#39;</span> <span class='ocrx_word' id='word_1_302' title='bbox 1018 2662 1120 2706; x_wconf 84' lang='lat' dir='ltr'>ssnnu</span> <span class='ocrx_word' id='word_1_303' title='bbox 1138 2648 1259 2721; x_wconf 89' lang='lat' dir='ltr'>glorioso</span> <span class='ocrx_word' id='word_1_304' title='bbox 1276 2647 1371 2705; x_wconf 86' lang='lat' dir='ltr'>comiti</span> <span class='ocrx_word' id='word_1_305' title='bbox 1390 2645 1561 2714; x_wconf 86' lang='lat' dir='ltr'>Flandrensi,</span> <span class='ocrx_word' id='word_1_306' title='bbox 1575 2645 1693 2703; x_wconf 89' lang='lat' dir='ltr'>salutem</span> <span class='ocrx_word' id='word_1_307' title='bbox 1710 2652 1737 2702; x_wconf 91' lang='lat' dir='ltr'>et</span> <span class='ocrx_word' id='word_1_308' title='bbox 1754 2660 1821 2718; x_wconf 92' lang='lat' dir='ltr'>apo·</span> 
     </span>
    </p>
   </div>
   <div class='ocr_carea' id='block_1_7' title="bbox 171 2673 1941 3186">
    <p class='ocr_par' dir='ltr' id='par_1_11' title="bbox 171 2673 1941 3186">
     <span class='ocr_line' id='line_1_27' title="bbox 202 2673 963 2745; baseline 0.007 -18"><span class='ocrx_word' id='word_1_309' title='bbox 202 2676 245 2727; x_wconf 84' lang='lat' dir='ltr'>tto</span> <span class='ocrx_word' id='word_1_310' title='bbox 255 2673 431 2743; x_wconf 83' lang='lat' dir='ltr'>probabitur,</span> <span class='ocrx_word' id='word_1_311' title='bbox 444 2678 604 2731; x_wconf 79' lang='lat' dir='ltr'>scatentium</span> <span class='ocrx_word' id='word_1_312' title='bbox 624 2678 774 2745; x_wconf 67' lang='lat' dir='ltr'>cestriam,-</span> <span class='ocrx_word' id='word_1_313' title='bbox 798 2680 842 2731; x_wconf 82' lang='lat' dir='ltr'>sio</span> <span class='ocrx_word' id='word_1_314' title='bbox 862 2680 963 2745; x_wconf 83' lang='lat' dir='ltr'>minus,</span> 
     </span>
     <span class='ocr_line' id='line_1_28' title="bbox 202 2741 1387 2816; baseline -0.002 -17"><span class='ocrx_word' id='word_1_315' title='bbox 202 2757 264 2799; x_wconf 74' lang='lat' dir='ltr'>mn</span> <span class='ocrx_word' id='word_1_316' title='bbox 283 2745 315 2799; x_wconf 82' lang='lat' dir='ltr'>irs</span> <span class='ocrx_word' id='word_1_317' title='bbox 333 2747 469 2814; x_wconf 78' lang='lat' dir='ltr'>irsteqram</span> <span class='ocrx_word' id='word_1_318' title='bbox 482 2749 619 2811; x_wconf 70' lang='lat' dir='ltr'>resulcat,</span> <span class='ocrx_word' id='word_1_319' title='bbox 635 2752 661 2801; x_wconf 90' lang='lat' dir='ltr'>et</span> <span class='ocrx_word' id='word_1_320' title='bbox 680 2762 722 2802; x_wconf 89' lang='lat' dir='ltr'>eos</span> <span class='ocrx_word' id='word_1_321' title='bbox 737 2750 789 2816; x_wconf 74' lang='lat' dir='ltr'>qus·</span> <span class='ocrx_word' id='word_1_322' title='bbox 800 2749 871 2804; x_wconf 86' lang='lat' dir='ltr'>mole</span> <span class='ocrx_word' id='word_1_323' title='bbox 886 2750 965 2804; x_wconf 82' lang='lat' dir='ltr'>illum</span> <span class='ocrx_word' id='word_1_324' title='bbox 1017 2742 1142 2800; x_wconf 91' lang='lat' dir='ltr'>stolicam</span> <span class='ocrx_word' id='word_1_325' title='bbox 1157 2741 1387 2798; x_wconf 88' lang='lat' dir='ltr'>benedictionem.</span> 
     </span>
     <span class='ocr_line' id='line_1_29' title="bbox 202 2817 1818 2906; baseline 0.003 -20"><span class='ocrx_word' id='word_1_326' title='bbox 202 2817 396 2881; x_wconf 61' lang='lat' dir='ltr'>mmm,</span> <span class='ocrx_word' id='word_1_327' title='bbox 409 2819 466 2872; x_wconf 56' lang='lat'>&#39;²5⁸⁸&#39;</span> <span class='ocrx_word' id='word_1_328' title='bbox 475 2820 662 2886; x_wconf 64' lang='lat' dir='ltr'>ississilltt&#39;ssms</span> <span class='ocrx_word' id='word_1_329' title='bbox 677 2822 890 2875; x_wconf 53' lang='lat' dir='ltr'>mmmmm·</span> <span class='ocrx_word' id='word_1_330' title='bbox 1055 2838 1160 2894; x_wconf 90' lang='lat' dir='ltr'>Locnta</span> <span class='ocrx_word' id='word_1_331' title='bbox 1181 2844 1223 2891; x_wconf 86' lang='lat' dir='ltr'>est</span> <span class='ocrx_word' id='word_1_332' title='bbox 1237 2833 1383 2906; x_wconf 89' lang='lat' dir='ltr'>prudentia</span> <span class='ocrx_word' id='word_1_333' title='bbox 1397 2841 1445 2890; x_wconf 88' lang='lat' dir='ltr'>tua</span> <span class='ocrx_word' id='word_1_334' title='bbox 1458 2834 1487 2889; x_wconf 93' lang='lat' dir='ltr'>in</span> <span class='ocrx_word' id='word_1_335' title='bbox 1506 2833 1602 2890; x_wconf 91' lang='lat' dir='ltr'>litteris</span> <span class='ocrx_word' id='word_1_336' title='bbox 1619 2833 1675 2890; x_wconf 90' lang='lat' dir='ltr'>suis</span> <span class='ocrx_word' id='word_1_337' title='bbox 1687 2833 1818 2905; x_wconf 89' lang='lat' dir='ltr'>apostoli·</span> 
     </span>
     <span class='ocr_line' id='line_1_30' title="bbox 202 2924 1819 3001; baseline 0 -18"><span class='ocrx_word' id='word_1_338' title='bbox 202 2924 647 2999; x_wconf 78' lang='lat' dir='ltr'>ausoniuseptsoopus,servur</span> <span class='ocrx_word' id='word_1_339' title='bbox 657 2944 799 2986; x_wconf 85' lang='lat' dir='ltr'>serrorum</span> <span class='ocrx_word' id='word_1_340' title='bbox 812 2930 873 2999; x_wconf 89' lang='lat' dir='ltr'>Dei,</span> <span class='ocrx_word' id='word_1_341' title='bbox 885 2946 966 2988; x_wconf 85' lang='lat' dir='ltr'>rene·</span> <span class='ocrx_word' id='word_1_342' title='bbox 1021 2945 1061 2987; x_wconf 83' lang='lat' dir='ltr'>cte</span> <span class='ocrx_word' id='word_1_343' title='bbox 1080 2927 1140 2984; x_wconf 91' lang='lat' dir='ltr'>sedi</span> <span class='ocrx_word' id='word_1_344' title='bbox 1160 2926 1286 3001; x_wconf 75' lang='lat' dir='ltr'>quasdam</span> <span class='ocrx_word' id='word_1_345' title='bbox 1307 2926 1378 2983; x_wconf 89' lang='lat' dir='ltr'>sicut</span> <span class='ocrx_word' id='word_1_346' title='bbox 1391 2942 1446 2983; x_wconf 91' lang='lat' dir='ltr'>non</span> <span class='ocrx_word' id='word_1_347' title='bbox 1464 2925 1559 2983; x_wconf 90' lang='lat' dir='ltr'>decuit</span> <span class='ocrx_word' id='word_1_348' title='bbox 1580 2941 1665 2998; x_wconf 82' lang='lat' dir='ltr'>:quae</span> <span class='ocrx_word' id='word_1_349' title='bbox 1685 2940 1737 2983; x_wconf 91' lang='lat' dir='ltr'>nos</span> <span class='ocrx_word' id='word_1_350' title='bbox 1754 2941 1819 2983; x_wconf 89' lang='lat' dir='ltr'>saue</span> 
     </span>
     <span class='ocr_line' id='line_1_31' title="bbox 172 3017 1941 3096; baseline 0 -21"><span class='ocrx_word' id='word_1_351' title='bbox 172 3017 244 3076; x_wconf 90' lang='lat' dir='ltr'>rabili</span> <span class='ocrx_word' id='word_1_352' title='bbox 253 3020 317 3076; x_wconf 83' lang='grc' dir='ltr'><strong>Η...</strong></span> <span class='ocrx_word' id='word_1_353' title='bbox 329 3021 667 3095; x_wconf 77' lang='lat' dir='ltr'>[Hneonrlbugdunensi</span> <span class='ocrx_word' id='word_1_354' title='bbox 678 3022 968 3096; x_wconf 87' lang='lat' dir='ltr'>archiepiscopc,salu·</span> <span class='ocrx_word' id='word_1_355' title='bbox 1021 3023 1162 3095; x_wconf 91' lang='lat' dir='ltr'>cupientes</span> <span class='ocrx_word' id='word_1_356' title='bbox 1183 3021 1316 3077; x_wconf 88' lang='lat' dir='ltr'>iosancta</span> <span class='ocrx_word' id='word_1_357' title='bbox 1328 3019 1449 3076; x_wconf 80' lang='lat' dir='ltr'>Ecclesia</span> <span class='ocrx_word' id='word_1_358' title='bbox 1462 3026 1492 3076; x_wconf 89' lang='lat' dir='ltr'>te</span> <span class='ocrx_word' id='word_1_359' title='bbox 1512 3033 1687 3088; x_wconf 84' lang='lat' dir='ltr'>conservare,</span> <span class='ocrx_word' id='word_1_360' title='bbox 1706 3034 1819 3091; x_wconf 87' lang='lat' dir='ltr'>suppor-</span> <span class='ocrx_word' id='word_1_361' title='bbox 1937 3050 1941 3057; x_wconf 87' lang='lat'>.</span> 
     </span>
     <span class='ocr_line' id='line_1_32' title="bbox 171 3112 1819 3186; baseline -0.001 -17"><span class='ocrx_word' id='word_1_362' title='bbox 171 3118 223 3169; x_wconf 81' lang='lat' dir='ltr'>lam</span> <span class='ocrx_word' id='word_1_363' title='bbox 245 3121 279 3170; x_wconf 88' lang='lat' dir='ltr'>st</span> <span class='ocrx_word' id='word_1_364' title='bbox 294 3113 476 3186; x_wconf 89' lang='lat' dir='ltr'>apostolicam</span> <span class='ocrx_word' id='word_1_365' title='bbox 489 3114 722 3173; x_wconf 87' lang='lat' dir='ltr'>benedictionem.</span> <span class='ocrx_word' id='word_1_366' title='bbox 1021 3124 1115 3172; x_wconf 78' lang='lat' dir='ltr'>mmus</span> <span class='ocrx_word' id='word_1_367' title='bbox 1127 3114 1237 3183; x_wconf 91' lang='lat' dir='ltr'>adbuc,</span> <span class='ocrx_word' id='word_1_368' title='bbox 1258 3123 1286 3171; x_wconf 91' lang='lat' dir='ltr'>et</span> <span class='ocrx_word' id='word_1_369' title='bbox 1301 3114 1418 3171; x_wconf 86' lang='lat' dir='ltr'>libenter</span> <span class='ocrx_word' id='word_1_370' title='bbox 1434 3113 1602 3186; x_wconf 82' lang='lat' dir='ltr'>ignoscimus</span> <span class='ocrx_word' id='word_1_371' title='bbox 1615 3112 1650 3170; x_wconf 93' lang='lat' dir='ltr'>de</span> <span class='ocrx_word' id='word_1_372' title='bbox 1664 3112 1819 3170; x_wconf 88' lang='lat' dir='ltr'>misericor·</span> 
     </span>
    </p>
   </div>
   <div class='ocr_carea' id='block_1_8' title="bbox 201 3181 1818 3284">
    <p class='ocr_par' dir='ltr' id='par_1_12' title="bbox 201 3181 1818 3284">
     <span class='ocr_line' id='line_1_33' title="bbox 201 3181 1818 3284; baseline -0.001 -19"><span class='ocrx_word' id='word_1_373' title='bbox 201 3207 344 3279; x_wconf 78' lang='lat' dir='ltr'>Quoniam</span> <span class='ocrx_word' id='word_1_374' title='bbox 358 3224 440 3266; x_wconf 88' lang='lat' dir='ltr'>causa</span> <span class='ocrx_word' id='word_1_375' title='bbox 455 3208 598 3267; x_wconf 80' lang='lat' dir='ltr'>lamberti</span> <span class='ocrx_word' id='word_1_376' title='bbox 617 3211 681 3268; x_wconf 90' lang='lat' dir='ltr'>dicti</span> <span class='ocrx_word' id='word_1_377' title='bbox 696 3212 895 3269; x_wconf 86' lang='lat' dir='ltr'>Terrenuensis</span> <span class='ocrx_word' id='word_1_378' title='bbox 909 3213 963 3284; x_wconf 90' lang='lat' dir='ltr'>epi·</span> <span class='ocrx_word' id='word_1_379' title='bbox 981 3181 1003 3245; x_wconf 75' lang='lat' dir='ltr'>C</span> <span class='ocrx_word' id='word_1_380' title='bbox 1023 3208 1066 3266; x_wconf 92' lang='lat' dir='ltr'>dia</span> <span class='ocrx_word' id='word_1_381' title='bbox 1083 3208 1173 3266; x_wconf 78' lang='lat' dir='ltr'>divina</span> <span class='ocrx_word' id='word_1_382' title='bbox 1194 3216 1335 3281; x_wconf 89' lang='lat' dir='ltr'>sperantes</span> <span class='ocrx_word' id='word_1_383' title='bbox 1358 3205 1433 3281; x_wconf 93' lang='lat' dir='ltr'>quod</span> <span class='ocrx_word' id='word_1_384' title='bbox 1454 3215 1484 3266; x_wconf 90' lang='lat' dir='ltr'>et</span> <span class='ocrx_word' id='word_1_385' title='bbox 1503 3222 1598 3264; x_wconf 89' lang='lat' dir='ltr'>eorum</span> <span class='ocrx_word' id='word_1_386' title='bbox 1619 3206 1666 3279; x_wconf 93' lang='lat' dir='ltr'>qui</span> <span class='ocrx_word' id='word_1_387' title='bbox 1685 3205 1734 3263; x_wconf 87' lang='lat' dir='ltr'>tibi</span> <span class='ocrx_word' id='word_1_388' title='bbox 1752 3205 1818 3263; x_wconf 83' lang='lat' dir='ltr'>talia</span> 
     </span>
    </p>
   </div>
   <div class='ocr_carea' id='block_1_9' title="bbox 119 3286 1867 3655">
    <p class='ocr_par' dir='ltr' id='par_1_13' title="bbox 119 3286 1867 3655">
     <span class='ocr_line' id='line_1_34' title="bbox 119 3286 1816 3378; baseline -0.002 -19"><span class='ocrx_word' id='word_1_389' title='bbox 119 3286 134 3295; x_wconf 64' lang='grc'><strong>’</strong></span> <span class='ocrx_word' id='word_1_390' title='bbox 170 3302 242 3376; x_wconf 86' lang='lat' dir='ltr'>scopi</span> <span class='ocrx_word' id='word_1_391' title='bbox 268 3301 374 3375; x_wconf 88' lang='lat' dir='ltr'>partim</span> <span class='ocrx_word' id='word_1_392' title='bbox 406 3310 489 3374; x_wconf 78' lang='lat' dir='ltr'>nom,</span> <span class='ocrx_word' id='word_1_393' title='bbox 514 3304 615 3375; x_wconf 88' lang='lat' dir='ltr'>partim</span> <span class='ocrx_word' id='word_1_394' title='bbox 645 3305 786 3378; x_wconf 90' lang='lat' dir='ltr'>incognita</span> <span class='ocrx_word' id='word_1_395' title='bbox 811 3313 863 3373; x_wconf 88' lang='lat' dir='ltr'>est,</span> <span class='ocrx_word' id='word_1_396' title='bbox 891 3321 963 3378; x_wconf 81' lang='lat' dir='ltr'>prae-</span> <span class='ocrx_word' id='word_1_397' title='bbox 1019 3309 1216 3373; x_wconf 87' lang='lat' dir='ltr'>persuaserunt</span> <span class='ocrx_word' id='word_1_398' title='bbox 1226 3301 1403 3373; x_wconf 89' lang='lat' dir='ltr'>imperitiam,</span> <span class='ocrx_word' id='word_1_399' title='bbox 1414 3309 1443 3357; x_wconf 88' lang='lat' dir='ltr'>et</span> <span class='ocrx_word' id='word_1_400' title='bbox 1451 3315 1537 3357; x_wconf 83' lang='lat' dir='ltr'>sacrae</span> <span class='ocrx_word' id='word_1_401' title='bbox 1547 3302 1680 3357; x_wconf 87' lang='lat' dir='ltr'>Romame</span> <span class='ocrx_word' id='word_1_402' title='bbox 1688 3298 1816 3356; x_wconf 81' lang='lat' dir='ltr'>Ecclesiae</span> 
     </span>
     <span class='ocr_line' id='line_1_35' title="bbox 169 3393 1867 3478; baseline -0.002 -25"><span class='ocrx_word' id='word_1_403' title='bbox 169 3395 269 3453; x_wconf 80' lang='lat' dir='ltr'>tmtim</span> <span class='ocrx_word' id='word_1_404' title='bbox 282 3395 499 3453; x_wconf 83' lang='lat' dir='ltr'>cumltobertus</span> <span class='ocrx_word' id='word_1_405' title='bbox 512 3411 608 3453; x_wconf 91' lang='lat' dir='ltr'>comes</span> <span class='ocrx_word' id='word_1_406' title='bbox 624 3397 801 3454; x_wconf 84' lang='lat' dir='ltr'>Flandrensis</span> <span class='ocrx_word' id='word_1_407' title='bbox 818 3398 900 3471; x_wconf 93' lang='lat' dir='ltr'>longe</span> <span class='ocrx_word' id='word_1_408' title='bbox 913 3398 965 3455; x_wconf 90' lang='lat' dir='ltr'>alia</span> <span class='ocrx_word' id='word_1_409' title='bbox 1019 3394 1212 3451; x_wconf 88' lang='lat' dir='ltr'>auctoritatem</span> <span class='ocrx_word' id='word_1_410' title='bbox 1227 3403 1256 3451; x_wconf 87' lang='lat' dir='ltr'>et</span> <span class='ocrx_word' id='word_1_411' title='bbox 1269 3393 1473 3462; x_wconf 86' lang='lat' dir='ltr'>discretionem,</span> <span class='ocrx_word' id='word_1_412' title='bbox 1488 3393 1653 3465; x_wconf 89' lang='lat' dir='ltr'>quandoque</span> <span class='ocrx_word' id='word_1_413' title='bbox 1668 3400 1816 3464; x_wconf 82' lang='lat' dir='ltr'>praesenta·</span> <span class='ocrx_word' id='word_1_414' title='bbox 1864 3474 1867 3478; x_wconf 84' lang='lat'>.</span> 
     </span>
     <span class='ocr_line' id='line_1_36' title="bbox 169 3484 1815 3564; baseline -0.002 -17"><span class='ocrx_word' id='word_1_415' title='bbox 169 3487 247 3547; x_wconf 66' lang='lat' dir='ltr'>uba</span> <span class='ocrx_word' id='word_1_416' title='bbox 269 3488 301 3545; x_wconf 91' lang='lat' dir='ltr'>in</span> <span class='ocrx_word' id='word_1_417' title='bbox 323 3487 424 3545; x_wconf 84' lang='lat' dir='ltr'>litterIs</span> <span class='ocrx_word' id='word_1_418' title='bbox 443 3489 502 3546; x_wconf 87' lang='lat' dir='ltr'>suis</span> <span class='ocrx_word' id='word_1_419' title='bbox 522 3488 605 3546; x_wconf 90' lang='lat' dir='ltr'>nobis</span> <span class='ocrx_word' id='word_1_420' title='bbox 628 3490 760 3547; x_wconf 83' lang='lat' dir='ltr'>direxerit</span> <span class='ocrx_word' id='word_1_421' title='bbox 783 3505 867 3563; x_wconf 88' lang='lat' dir='ltr'>quarn</span> <span class='ocrx_word' id='word_1_422' title='bbox 891 3492 965 3564; x_wconf 83' lang='lat' dir='ltr'>prIus</span> <span class='ocrx_word' id='word_1_423' title='bbox 1019 3488 1077 3544; x_wconf 90' lang='lat' dir='ltr'>neis</span> <span class='ocrx_word' id='word_1_424' title='bbox 1103 3486 1235 3545; x_wconf 72' lang='lat' dir='ltr'>affatibus</span> <span class='ocrx_word' id='word_1_425' title='bbox 1263 3487 1450 3545; x_wconf 90' lang='lat' dir='ltr'>ostendemus.</span> <span class='ocrx_word' id='word_1_426' title='bbox 1485 3484 1606 3544; x_wconf 82' lang='lat' dir='ltr'>Proinde</span> <span class='ocrx_word' id='word_1_427' title='bbox 1629 3501 1713 3558; x_wconf 92' lang='lat' dir='ltr'>super</span> <span class='ocrx_word' id='word_1_428' title='bbox 1734 3500 1815 3543; x_wconf 84' lang='lat' dir='ltr'>causa</span> 
     </span>
     <span class='ocr_line' id='line_1_37' title="bbox 169 3579 1817 3655; baseline -0.001 -17"><span class='ocrx_word' id='word_1_429' title='bbox 169 3580 351 3655; x_wconf 67' lang='lat' dir='ltr'>ingelrannus</span> <span class='ocrx_word' id='word_1_430' title='bbox 365 3583 574 3654; x_wconf 83' lang='lat' dir='ltr'>praesentialiter</span> <span class='ocrx_word' id='word_1_431' title='bbox 586 3583 739 3649; x_wconf 91' lang='lat' dir='ltr'>retulisset,</span> <span class='ocrx_word' id='word_1_432' title='bbox 763 3598 825 3640; x_wconf 89' lang='lat' dir='ltr'>eam</span> <span class='ocrx_word' id='word_1_433' title='bbox 836 3583 965 3641; x_wconf 86' lang='lat' dir='ltr'>fraterni·</span> <span class='ocrx_word' id='word_1_434' title='bbox 1020 3580 1160 3637; x_wconf 82' lang='lat' dir='ltr'>Lamberti</span> <span class='ocrx_word' id='word_1_435' title='bbox 1182 3579 1247 3637; x_wconf 87' lang='lat' dir='ltr'>dicti</span> <span class='ocrx_word' id='word_1_436' title='bbox 1274 3580 1472 3637; x_wconf 79' lang='lat' dir='ltr'>&#39;tervannensis</span> <span class='ocrx_word' id='word_1_437' title='bbox 1498 3579 1618 3653; x_wconf 92' lang='lat' dir='ltr'>episcopi</span> <span class='ocrx_word' id='word_1_438' title='bbox 1643 3579 1705 3636; x_wconf 92' lang='lat' dir='ltr'>licet</span> <span class='ocrx_word' id='word_1_439' title='bbox 1727 3579 1817 3636; x_wconf 90' lang='lat' dir='ltr'>multo</span> 
     </span>
    </p>
   </div>
   <div class='ocr_carea' id='block_1_10' title="bbox 119 3672 1936 5899">
    <p class='ocr_par' dir='ltr' id='par_1_14' title="bbox 119 3672 1936 5899">
     <span class='ocr_line' id='line_1_38' title="bbox 168 3672 1816 3750; baseline -0.002 -18"><span class='ocrx_word' id='word_1_440' title='bbox 168 3678 329 3733; x_wconf 70' lang='lat' dir='ltr'>barem</span> <span class='ocrx_word' id='word_1_441' title='bbox 341 3675 449 3748; x_wconf 89' lang='lat' dir='ltr'>plenius</span> <span class='ocrx_word' id='word_1_442' title='bbox 464 3676 670 3734; x_wconf 87' lang='lat' dir='ltr'>eventilandam</span> <span class='ocrx_word' id='word_1_443' title='bbox 681 3676 862 3735; x_wconf 90' lang='lat' dir='ltr'>destinamus.</span> <span class='ocrx_word' id='word_1_444' title='bbox 879 3679 967 3750; x_wconf 86' lang='lat' dir='ltr'>Negat</span> <span class='ocrx_word' id='word_1_445' title='bbox 1019 3673 1099 3731; x_wconf 89' lang='lat' dir='ltr'>aliter</span> <span class='ocrx_word' id='word_1_446' title='bbox 1123 3689 1153 3731; x_wconf 89' lang='lat' dir='ltr'>se</span> <span class='ocrx_word' id='word_1_447' title='bbox 1177 3674 1259 3731; x_wconf 89' lang='lat' dir='ltr'>rerba</span> <span class='ocrx_word' id='word_1_448' title='bbox 1284 3672 1517 3731; x_wconf 85' lang='lat' dir='ltr'>Terrannenaium</span> <span class='ocrx_word' id='word_1_449' title='bbox 1541 3673 1704 3731; x_wconf 87' lang='lat' dir='ltr'>clericorum</span> <span class='ocrx_word' id='word_1_450' title='bbox 1731 3688 1816 3745; x_wconf 88' lang='lat' dir='ltr'>quam</span> 
     </span>
     <span class='ocr_line' id='line_1_39' title="bbox 168 3765 1815 3843; baseline -0.001 -18"><span class='ocrx_word' id='word_1_451' title='bbox 168 3766 302 3841; x_wconf 79' lang='lat' dir='ltr'>dqaddem</span> <span class='ocrx_word' id='word_1_452' title='bbox 322 3767 452 3840; x_wconf 83' lang='lat' dir='ltr'>praelatus</span> <span class='ocrx_word' id='word_1_453' title='bbox 466 3768 613 3842; x_wconf 90' lang='lat' dir='ltr'>episcopus</span> <span class='ocrx_word' id='word_1_454' title='bbox 625 3770 675 3826; x_wconf 90' lang='lat' dir='ltr'>sibi</span> <span class='ocrx_word' id='word_1_455' title='bbox 697 3778 796 3828; x_wconf 90' lang='lat' dir='ltr'>notum</span> <span class='ocrx_word' id='word_1_456' title='bbox 811 3785 871 3828; x_wconf 88' lang='lat' dir='ltr'>esse</span> <span class='ocrx_word' id='word_1_457' title='bbox 893 3771 967 3843; x_wconf 93' lang='lat' dir='ltr'>quod</span> <span class='ocrx_word' id='word_1_458' title='bbox 1022 3765 1118 3825; x_wconf 81' lang='lat' dir='ltr'>litterae</span> <span class='ocrx_word' id='word_1_459' title='bbox 1140 3774 1197 3826; x_wconf 84' lang='lat' dir='ltr'>tute</span> <span class='ocrx_word' id='word_1_460' title='bbox 1214 3767 1366 3824; x_wconf 89' lang='lat' dir='ltr'>nobilitatis</span> <span class='ocrx_word' id='word_1_461' title='bbox 1386 3765 1548 3835; x_wconf 68' lang='lat' dir='ltr'>babueriuta</span> <span class='ocrx_word' id='word_1_462' title='bbox 1563 3774 1657 3823; x_wconf 75' lang='lat' dir='ltr'>mmcn</span> <span class='ocrx_word' id='word_1_463' title='bbox 1671 3765 1737 3840; x_wconf 85' lang='lat' dir='ltr'>quia</span> <span class='ocrx_word' id='word_1_464' title='bbox 1758 3781 1815 3823; x_wconf 90' lang='lat' dir='ltr'>non</span> 
     </span>
     <span class='ocr_line' id='line_1_40' title="bbox 168 3858 1816 3935; baseline 0 -18"><span class='ocrx_word' id='word_1_465' title='bbox 168 3874 233 3917; x_wconf 85' lang='lat' dir='ltr'>eam</span> <span class='ocrx_word' id='word_1_466' title='bbox 248 3860 388 3933; x_wconf 73' lang='lat' dir='ltr'>synodalis</span> <span class='ocrx_word' id='word_1_467' title='bbox 399 3877 448 3935; x_wconf 90' lang='lat' dir='ltr'>pcr</span> <span class='ocrx_word' id='word_1_468' title='bbox 462 3870 490 3919; x_wconf 89' lang='lat' dir='ltr'>te</span> <span class='ocrx_word' id='word_1_469' title='bbox 503 3863 638 3920; x_wconf 88' lang='lat' dir='ltr'>sententia</span> <span class='ocrx_word' id='word_1_470' title='bbox 658 3864 836 3933; x_wconf 87' lang='lat' dir='ltr'>damnaverit,</span> <span class='ocrx_word' id='word_1_471' title='bbox 856 3864 901 3922; x_wconf 87' lang='lat' dir='ltr'>vel</span> <span class='ocrx_word' id='word_1_472' title='bbox 916 3880 966 3921; x_wconf 81' lang='lat' dir='ltr'>er·</span> <span class='ocrx_word' id='word_1_473' title='bbox 1020 3858 1137 3917; x_wconf 92' lang='lat' dir='ltr'>dubium</span> <span class='ocrx_word' id='word_1_474' title='bbox 1150 3870 1194 3918; x_wconf 92' lang='lat' dir='ltr'>est</span> <span class='ocrx_word' id='word_1_475' title='bbox 1205 3876 1287 3934; x_wconf 91' lang='lat' dir='ltr'>posse</span> <span class='ocrx_word' id='word_1_476' title='bbox 1299 3861 1440 3918; x_wconf 90' lang='lat' dir='ltr'>interdum</span> <span class='ocrx_word' id='word_1_477' title='bbox 1451 3859 1573 3934; x_wconf 91' lang='lat' dir='ltr'>subrepi,</span> <span class='ocrx_word' id='word_1_478' title='bbox 1587 3875 1650 3917; x_wconf 90' lang='lat' dir='ltr'>eam</span> <span class='ocrx_word' id='word_1_479' title='bbox 1663 3858 1816 3917; x_wconf 90' lang='lat' dir='ltr'>secundum</span> 
     </span>
     <span class='ocr_line' id='line_1_41' title="bbox 167 3952 1814 4030; baseline 0 -19"><span class='ocrx_word' id='word_1_480' title='bbox 167 3954 424 4023; x_wconf 80' lang='lat' dir='ltr'>communicaverit,</span> <span class='ocrx_word' id='word_1_481' title='bbox 437 3970 486 4012; x_wconf 90' lang='lat' dir='ltr'>seu</span> <span class='ocrx_word' id='word_1_482' title='bbox 505 3955 540 4013; x_wconf 90' lang='lat' dir='ltr'>ad</span> <span class='ocrx_word' id='word_1_483' title='bbox 562 3957 697 4030; x_wconf 83' lang='lat' dir='ltr'>synodum</span> <span class='ocrx_word' id='word_1_484' title='bbox 716 3958 801 4015; x_wconf 92' lang='lat' dir='ltr'>ullam</span> <span class='ocrx_word' id='word_1_485' title='bbox 815 3960 960 4015; x_wconf 85' lang='lat' dir='ltr'>vocaverit.</span> <span class='ocrx_word' id='word_1_486' title='bbox 1016 3963 1110 4014; x_wconf 79' lang='lat' dir='ltr'>votum</span> <span class='ocrx_word' id='word_1_487' title='bbox 1124 3963 1202 4012; x_wconf 92' lang='lat' dir='ltr'>tuum</span> <span class='ocrx_word' id='word_1_488' title='bbox 1216 3955 1404 4012; x_wconf 86' lang='lat' dir='ltr'>retractationi</span> <span class='ocrx_word' id='word_1_489' title='bbox 1416 3953 1581 4026; x_wconf 89' lang='lat' dir='ltr'>delegamus.</span> <span class='ocrx_word' id='word_1_490' title='bbox 1597 3952 1678 4025; x_wconf 86' lang='lat' dir='ltr'>Quod</span> <span class='ocrx_word' id='word_1_491' title='bbox 1692 3952 1814 4025; x_wconf 70' lang='lat' dir='ltr'>quidem</span> 
     </span>
     <span class='ocr_line' id='line_1_42' title="bbox 165 4044 1814 4123; baseline 0 -20"><span class='ocrx_word' id='word_1_492' title='bbox 165 4044 247 4105; x_wconf 84' lang='lat' dir='ltr'>llnde</span> <span class='ocrx_word' id='word_1_493' title='bbox 260 4061 313 4104; x_wconf 90' lang='lat' dir='ltr'>nos</span> <span class='ocrx_word' id='word_1_494' title='bbox 325 4055 389 4104; x_wconf 88' lang='lat' dir='ltr'>ante</span> <span class='ocrx_word' id='word_1_495' title='bbox 398 4048 523 4120; x_wconf 89' lang='lat' dir='ltr'>agnitum</span> <span class='ocrx_word' id='word_1_496' title='bbox 532 4050 690 4107; x_wconf 89' lang='lat' dir='ltr'>litterarum</span> <span class='ocrx_word' id='word_1_497' title='bbox 701 4059 814 4107; x_wconf 89' lang='lat' dir='ltr'>tuarum</span> <span class='ocrx_word' id='word_1_498' title='bbox 824 4058 960 4121; x_wconf 89' lang='lat' dir='ltr'>tenorem,</span> <span class='ocrx_word' id='word_1_499' title='bbox 1016 4059 1047 4107; x_wconf 89' lang='lat' dir='ltr'>ut</span> <span class='ocrx_word' id='word_1_500' title='bbox 1070 4058 1205 4123; x_wconf 91' lang='lat' dir='ltr'>quantum</span> <span class='ocrx_word' id='word_1_501' title='bbox 1229 4047 1359 4105; x_wconf 91' lang='lat' dir='ltr'>decenter</span> <span class='ocrx_word' id='word_1_502' title='bbox 1372 4063 1528 4121; x_wconf 88' lang='lat' dir='ltr'>possumus,</span> <span class='ocrx_word' id='word_1_503' title='bbox 1545 4056 1594 4105; x_wconf 89' lang='lat' dir='ltr'>tuo</span> <span class='ocrx_word' id='word_1_504' title='bbox 1614 4046 1750 4106; x_wconf 89' lang='lat' dir='ltr'>desiderio</span> <span class='ocrx_word' id='word_1_505' title='bbox 1767 4062 1814 4103; x_wconf 87' lang='lat' dir='ltr'>au·</span> 
     </span>
     <span class='ocr_line' id='line_1_43' title="bbox 164 4140 1936 4221; baseline 0 -25"><span class='ocrx_word' id='word_1_506' title='bbox 164 4140 302 4213; x_wconf 72' lang='lat' dir='ltr'>compaui</span> <span class='ocrx_word' id='word_1_507' title='bbox 315 4140 410 4197; x_wconf 89' lang='lat' dir='ltr'>multis</span> <span class='ocrx_word' id='word_1_508' title='bbox 426 4140 567 4199; x_wconf 90' lang='lat' dir='ltr'>laboribus</span> <span class='ocrx_word' id='word_1_509' title='bbox 583 4143 683 4214; x_wconf 90' lang='lat' dir='ltr'>ipsius,</span> <span class='ocrx_word' id='word_1_510' title='bbox 698 4143 961 4212; x_wconf 84' lang='lat' dir='ltr'>cumabsolvimus;</span> <span class='ocrx_word' id='word_1_511' title='bbox 1015 4158 1179 4209; x_wconf 81' lang='lat' dir='ltr'>uaeramus,</span> <span class='ocrx_word' id='word_1_512' title='bbox 1203 4143 1243 4199; x_wconf 91' lang='lat' dir='ltr'>sic</span> <span class='ocrx_word' id='word_1_513' title='bbox 1267 4142 1452 4215; x_wconf 91' lang='lat' dir='ltr'>peragendum</span> <span class='ocrx_word' id='word_1_514' title='bbox 1474 4141 1651 4215; x_wconf 78' lang='lat' dir='ltr'>providimus.</span> <span class='ocrx_word' id='word_1_515' title='bbox 1677 4140 1813 4210; x_wconf 80' lang='lat' dir='ltr'>Quoniam</span> <span class='ocrx_word' id='word_1_516' title='bbox 1930 4214 1936 4221; x_wconf 35' lang='grc' dir='ltr'>Ι</span> 
     </span>
     <span class='ocr_line' id='line_1_44' title="bbox 164 4233 1815 4310; baseline -0.001 -20"><span class='ocrx_word' id='word_1_517' title='bbox 164 4240 276 4307; x_wconf 81' lang='lat' dir='ltr'>accepto</span> <span class='ocrx_word' id='word_1_518' title='bbox 298 4242 392 4291; x_wconf 75' lang='lat' dir='ltr'>minen</span> <span class='ocrx_word' id='word_1_519' title='bbox 406 4234 440 4291; x_wconf 92' lang='lat' dir='ltr'>ab</span> <span class='ocrx_word' id='word_1_520' title='bbox 453 4250 486 4292; x_wconf 90' lang='lat' dir='ltr'>eo</span> <span class='ocrx_word' id='word_1_521' title='bbox 501 4237 576 4308; x_wconf 92' lang='lat' dir='ltr'>prius</span> <span class='ocrx_word' id='word_1_522' title='bbox 595 4236 766 4310; x_wconf 87' lang='lat' dir='ltr'>juramento,</span> <span class='ocrx_word' id='word_1_523' title='bbox 787 4237 862 4310; x_wconf 91' lang='lat' dir='ltr'>quod</span> <span class='ocrx_word' id='word_1_524' title='bbox 881 4253 963 4310; x_wconf 87' lang='lat' dir='ltr'>super</span> <span class='ocrx_word' id='word_1_525' title='bbox 1016 4235 1209 4310; x_wconf 81' lang='lat' dir='ltr'>Lugdunensis</span> <span class='ocrx_word' id='word_1_526' title='bbox 1229 4235 1450 4308; x_wconf 88' lang='lat' dir='ltr'>archiepiscopus</span> <span class='ocrx_word' id='word_1_527' title='bbox 1473 4235 1610 4306; x_wconf 84' lang='lat' dir='ltr'>(quamvis</span> <span class='ocrx_word' id='word_1_528' title='bbox 1632 4233 1669 4291; x_wconf 92' lang='lat' dir='ltr'>de</span> <span class='ocrx_word' id='word_1_529' title='bbox 1689 4249 1723 4291; x_wconf 91' lang='lat' dir='ltr'>eo</span> <span class='ocrx_word' id='word_1_530' title='bbox 1748 4233 1815 4291; x_wconf 89' lang='lat' dir='ltr'>satis</span> 
     </span>
     <span class='ocr_line' id='line_1_45' title="bbox 164 4326 1815 4404; baseline 0.001 -20"><span class='ocrx_word' id='word_1_531' title='bbox 164 4326 322 4401; x_wconf 83' lang='lat' dir='ltr'>episcopatu</span> <span class='ocrx_word' id='word_1_532' title='bbox 330 4329 532 4385; x_wconf 89' lang='lat' dir='ltr'>Derrannensis</span> <span class='ocrx_word' id='word_1_533' title='bbox 545 4329 619 4387; x_wconf 91' lang='lat' dir='ltr'>sedis</span> <span class='ocrx_word' id='word_1_534' title='bbox 632 4331 788 4402; x_wconf 80' lang='lat' dir='ltr'>apostolice</span> <span class='ocrx_word' id='word_1_535' title='bbox 804 4332 843 4388; x_wconf 89' lang='lat' dir='ltr'>vel</span> <span class='ocrx_word' id='word_1_536' title='bbox 859 4331 964 4404; x_wconf 91' lang='lat' dir='ltr'>legato·</span> <span class='ocrx_word' id='word_1_537' title='bbox 1016 4328 1172 4401; x_wconf 87' lang='lat' dir='ltr'>conlidam)</span> <span class='ocrx_word' id='word_1_538' title='bbox 1195 4327 1272 4385; x_wconf 85' lang='lat' dir='ltr'>vobis</span> <span class='ocrx_word' id='word_1_539' title='bbox 1285 4336 1429 4400; x_wconf 90' lang='lat' dir='ltr'>suspectus</span> <span class='ocrx_word' id='word_1_540' title='bbox 1441 4336 1497 4397; x_wconf 88' lang='lat' dir='ltr'>est,</span> <span class='ocrx_word' id='word_1_541' title='bbox 1513 4343 1548 4383; x_wconf 92' lang='lat' dir='ltr'>ne</span> <span class='ocrx_word' id='word_1_542' title='bbox 1561 4327 1681 4400; x_wconf 90' lang='lat' dir='ltr'>suspicio</span> <span class='ocrx_word' id='word_1_543' title='bbox 1701 4342 1815 4399; x_wconf 85' lang='lat' dir='ltr'>prorsus</span> 
     </span>
     <span class='ocr_line' id='line_1_46' title="bbox 163 4420 1813 4498; baseline 0 -21"><span class='ocrx_word' id='word_1_544' title='bbox 163 4434 225 4477; x_wconf 90' lang='lat' dir='ltr'>rum</span> <span class='ocrx_word' id='word_1_545' title='bbox 237 4430 399 4478; x_wconf 89' lang='lat' dir='ltr'>nostrorum</span> <span class='ocrx_word' id='word_1_546' title='bbox 409 4422 545 4495; x_wconf 84' lang='lat' dir='ltr'>judicium</span> <span class='ocrx_word' id='word_1_547' title='bbox 555 4439 611 4480; x_wconf 91' lang='lat' dir='ltr'>non</span> <span class='ocrx_word' id='word_1_548' title='bbox 625 4424 718 4481; x_wconf 81' lang='lat' dir='ltr'>exibit.</span> <span class='ocrx_word' id='word_1_549' title='bbox 736 4427 830 4498; x_wconf 89' lang='lat' dir='ltr'>ltaque</span> <span class='ocrx_word' id='word_1_550' title='bbox 841 4425 904 4497; x_wconf 91' lang='lat' dir='ltr'>quia</span> <span class='ocrx_word' id='word_1_551' title='bbox 918 4440 963 4481; x_wconf 92' lang='lat' dir='ltr'>res</span> <span class='ocrx_word' id='word_1_552' title='bbox 1017 4422 1141 4480; x_wconf 90' lang='lat' dir='ltr'>ordinem</span> <span class='ocrx_word' id='word_1_553' title='bbox 1161 4437 1255 4480; x_wconf 91' lang='lat' dir='ltr'>rerum</span> <span class='ocrx_word' id='word_1_554' title='bbox 1275 4422 1379 4479; x_wconf 89' lang='lat' dir='ltr'>utiliter</span> <span class='ocrx_word' id='word_1_555' title='bbox 1392 4420 1577 4495; x_wconf 88' lang='lat' dir='ltr'>gerendarum</span> <span class='ocrx_word' id='word_1_556' title='bbox 1589 4421 1730 4493; x_wconf 88' lang='lat' dir='ltr'>impediat,</span> <span class='ocrx_word' id='word_1_557' title='bbox 1751 4436 1813 4492; x_wconf 89' lang='lat' dir='ltr'>gra-</span> 
     </span>
     <span class='ocr_line' id='line_1_47' title="bbox 164 4511 1813 4616; baseline -0.002 -43"><span class='ocrx_word' id='word_1_558' title='bbox 164 4513 274 4589; x_wconf 83' lang='lat' dir='ltr'>grandis</span> <span class='ocrx_word' id='word_1_559' title='bbox 293 4524 345 4586; x_wconf 89' lang='lat' dir='ltr'>est,</span> <span class='ocrx_word' id='word_1_560' title='bbox 361 4523 390 4572; x_wconf 90' lang='lat' dir='ltr'>et</span> <span class='ocrx_word' id='word_1_561' title='bbox 401 4516 579 4590; x_wconf 90' lang='lat' dir='ltr'>diligentioris</span> <span class='ocrx_word' id='word_1_562' title='bbox 597 4526 660 4591; x_wconf 88' lang='lat' dir='ltr'>eget</span> <span class='ocrx_word' id='word_1_563' title='bbox 675 4518 869 4592; x_wconf 83' lang='lat' dir='ltr'>inquisitionis,</span> <span class='ocrx_word' id='word_1_564' title='bbox 888 4534 961 4591; x_wconf 83' lang='lat' dir='ltr'>prae-</span> <span class='ocrx_word' id='word_1_565' title='bbox 976 4552 1003 4616; x_wconf 70' lang='lat' dir='ltr'>D</span> <span class='ocrx_word' id='word_1_566' title='bbox 1016 4533 1078 4574; x_wconf 83' lang='lat' dir='ltr'>vem</span> <span class='ocrx_word' id='word_1_567' title='bbox 1093 4526 1121 4573; x_wconf 90' lang='lat' dir='ltr'>et</span> <span class='ocrx_word' id='word_1_568' title='bbox 1134 4516 1269 4575; x_wconf 86' lang='lat' dir='ltr'>illustrem</span> <span class='ocrx_word' id='word_1_569' title='bbox 1287 4515 1378 4573; x_wconf 79' lang='lat' dir='ltr'>ulrum</span> <span class='ocrx_word' id='word_1_570' title='bbox 1395 4515 1605 4573; x_wconf 86' lang='lat' dir='ltr'>cluniacemem</span> <span class='ocrx_word' id='word_1_571' title='bbox 1619 4513 1749 4571; x_wconf 88' lang='lat' dir='ltr'>abbatem</span> <span class='ocrx_word' id='word_1_572' title='bbox 1761 4511 1813 4570; x_wconf 91' lang='lat' dir='ltr'>sibi</span> 
     </span>
     <span class='ocr_line' id='line_1_48' title="bbox 164 4607 1812 4686; baseline -0.002 -21"><span class='ocrx_word' id='word_1_573' title='bbox 164 4607 285 4681; x_wconf 84' lang='lat' dir='ltr'>cipimus</span> <span class='ocrx_word' id='word_1_574' title='bbox 295 4616 328 4666; x_wconf 90' lang='lat' dir='ltr'>ut</span> <span class='ocrx_word' id='word_1_575' title='bbox 340 4608 532 4683; x_wconf 89' lang='lat' dir='ltr'>episcoporum</span> <span class='ocrx_word' id='word_1_576' title='bbox 545 4618 574 4667; x_wconf 87' lang='lat' dir='ltr'>et</span> <span class='ocrx_word' id='word_1_577' title='bbox 590 4610 720 4668; x_wconf 90' lang='lat' dir='ltr'>abbatum</span> <span class='ocrx_word' id='word_1_578' title='bbox 734 4612 907 4686; x_wconf 89' lang='lat' dir='ltr'>aliorumque</span> <span class='ocrx_word' id='word_1_579' title='bbox 919 4629 962 4670; x_wconf 87' lang='lat' dir='ltr'>re·</span> <span class='ocrx_word' id='word_1_580' title='bbox 1016 4611 1152 4668; x_wconf 86' lang='lat' dir='ltr'>associare</span> <span class='ocrx_word' id='word_1_581' title='bbox 1165 4610 1333 4667; x_wconf 87' lang='lat' dir='ltr'>censuimus.</span> <span class='ocrx_word' id='word_1_582' title='bbox 1354 4612 1449 4682; x_wconf 89' lang='lat' dir='ltr'>ltaque</span> <span class='ocrx_word' id='word_1_583' title='bbox 1461 4607 1637 4681; x_wconf 73' lang='lat' dir='ltr'>precipimus</span> <span class='ocrx_word' id='word_1_584' title='bbox 1650 4614 1682 4663; x_wconf 93' lang='lat' dir='ltr'>ut</span> <span class='ocrx_word' id='word_1_585' title='bbox 1700 4621 1812 4679; x_wconf 89' lang='lat' dir='ltr'>cougre-</span> 
     </span>
     <span class='ocr_line' id='line_1_49' title="bbox 158 4700 1814 4780; baseline 0.001 -23"><span class='ocrx_word' id='word_1_586' title='bbox 158 4700 325 4774; x_wconf 86' lang='lat' dir='ltr'>ligiosorum</span> <span class='ocrx_word' id='word_1_587' title='bbox 345 4702 468 4760; x_wconf 83' lang='lat' dir='ltr'>virorum</span> <span class='ocrx_word' id='word_1_588' title='bbox 490 4704 637 4762; x_wconf 89' lang='lat' dir='ltr'>concilium</span> <span class='ocrx_word' id='word_1_589' title='bbox 655 4720 816 4778; x_wconf 76' lang='lat' dir='ltr'>congreges.</span> <span class='ocrx_word' id='word_1_590' title='bbox 839 4710 873 4763; x_wconf 83' lang='lat' dir='ltr'>m</span> <span class='ocrx_word' id='word_1_591' title='bbox 891 4723 960 4780; x_wconf 89' lang='lat' dir='ltr'>quo·</span> <span class='ocrx_word' id='word_1_592' title='bbox 1015 4713 1080 4778; x_wconf 90' lang='lat' dir='ltr'>gato</span> <span class='ocrx_word' id='word_1_593' title='bbox 1111 4703 1228 4761; x_wconf 92' lang='lat' dir='ltr'>concilio</span> <span class='ocrx_word' id='word_1_594' title='bbox 1258 4718 1369 4760; x_wconf 88' lang='lat' dir='ltr'>causam</span> <span class='ocrx_word' id='word_1_595' title='bbox 1393 4703 1479 4775; x_wconf 82' lang='lat' dir='ltr'>ipsiius</span> <span class='ocrx_word' id='word_1_596' title='bbox 1507 4700 1628 4774; x_wconf 84' lang='lat' dir='ltr'>episcopi</span> <span class='ocrx_word' id='word_1_597' title='bbox 1656 4700 1814 4774; x_wconf 85' lang='lat' dir='ltr'>diligentius</span> 
     </span>
     <span class='ocr_line' id='line_1_50' title="bbox 145 4793 1813 4871; baseline 0.001 -20"><span class='ocrx_word' id='word_1_598' title='bbox 145 4793 403 4852; x_wconf 70' lang='lat' dir='ltr'>:tiammemorato</span> <span class='ocrx_word' id='word_1_599' title='bbox 411 4796 552 4869; x_wconf 85' lang='lat' dir='ltr'>episcopo,</span> <span class='ocrx_word' id='word_1_600' title='bbox 565 4807 675 4871; x_wconf 90' lang='lat' dir='ltr'>propter</span> <span class='ocrx_word' id='word_1_601' title='bbox 688 4814 782 4870; x_wconf 88' lang='lat' dir='ltr'>regem</span> <span class='ocrx_word' id='word_1_602' title='bbox 792 4801 961 4856; x_wconf 87' lang='lat' dir='ltr'>Francorum</span> <span class='ocrx_word' id='word_1_603' title='bbox 1016 4796 1163 4855; x_wconf 87' lang='lat' dir='ltr'>eventilare</span> <span class='ocrx_word' id='word_1_604' title='bbox 1177 4806 1341 4869; x_wconf 73' lang='lat' dir='ltr'>procurent3</span> <span class='ocrx_word' id='word_1_605' title='bbox 1363 4805 1392 4854; x_wconf 91' lang='lat' dir='ltr'>et</span> <span class='ocrx_word' id='word_1_606' title='bbox 1410 4798 1433 4854; x_wconf 92' lang='lat' dir='ltr'>si</span> <span class='ocrx_word' id='word_1_607' title='bbox 1450 4794 1564 4869; x_wconf 89' lang='lat' dir='ltr'>quidem</span> <span class='ocrx_word' id='word_1_608' title='bbox 1583 4795 1657 4869; x_wconf 87' lang='lat' dir='ltr'>juste</span> <span class='ocrx_word' id='word_1_609' title='bbox 1671 4794 1813 4868; x_wconf 85' lang='lat' dir='ltr'>depositus</span> 
     </span>
     <span class='ocr_line' id='line_1_51' title="bbox 147 4886 1812 4964; baseline 0 -19"><span class='ocrx_word' id='word_1_610' title='bbox 147 4886 210 4959; x_wconf 74' lang='lat' dir='ltr'>«poi</span> <span class='ocrx_word' id='word_1_611' title='bbox 222 4903 239 4945; x_wconf 91' lang='lat' dir='ltr'>a</span> <span class='ocrx_word' id='word_1_612' title='bbox 252 4896 282 4944; x_wconf 88' lang='lat' dir='ltr'>te</span> <span class='ocrx_word' id='word_1_613' title='bbox 293 4888 417 4957; x_wconf 85' lang='lat' dir='ltr'>dissidet,</span> <span class='ocrx_word' id='word_1_614' title='bbox 434 4898 577 4962; x_wconf 89' lang='lat' dir='ltr'>suspectus</span> <span class='ocrx_word' id='word_1_615' title='bbox 594 4907 632 4960; x_wconf 89' lang='lat' dir='ltr'>es,</span> <span class='ocrx_word' id='word_1_616' title='bbox 655 4893 789 4949; x_wconf 91' lang='lat' dir='ltr'>associato</span> <span class='ocrx_word' id='word_1_617' title='bbox 803 4892 851 4949; x_wconf 89' lang='lat' dir='ltr'>tibi</span> <span class='ocrx_word' id='word_1_618' title='bbox 876 4909 962 4950; x_wconf 85' lang='lat' dir='ltr'>reue·</span> <span class='ocrx_word' id='word_1_619' title='bbox 1016 4891 1101 4947; x_wconf 87' lang='lat' dir='ltr'>luisse</span> <span class='ocrx_word' id='word_1_620' title='bbox 1114 4890 1312 4963; x_wconf 84' lang='lat' dir='ltr'>comprobatus</span> <span class='ocrx_word' id='word_1_621' title='bbox 1323 4887 1415 4959; x_wconf 83' lang='lat' dir='ltr'>luerit,</span> <span class='ocrx_word' id='word_1_622' title='bbox 1433 4889 1618 4964; x_wconf 87' lang='lat' dir='ltr'>acquiescens,</span> <span class='ocrx_word' id='word_1_623' title='bbox 1633 4889 1735 4945; x_wconf 85' lang='lat' dir='ltr'>saniori</span> <span class='ocrx_word' id='word_1_624' title='bbox 1748 4904 1812 4947; x_wconf 81' lang='lat' dir='ltr'>con</span> 
     </span>
     <span class='ocr_line' id='line_1_52' title="bbox 137 4979 1810 5058; baseline 0.002 -23"><span class='ocrx_word' id='word_1_625' title='bbox 137 4979 240 5038; x_wconf 60' lang='lat' dir='ltr'>:abdi</span> <span class='ocrx_word' id='word_1_626' title='bbox 253 4980 354 5040; x_wconf 85' lang='lat' dir='ltr'>abbate</span> <span class='ocrx_word' id='word_1_627' title='bbox 376 4981 546 5040; x_wconf 86' lang='lat' dir='ltr'>Cluniaceusi</span> <span class='ocrx_word' id='word_1_628' title='bbox 559 4984 634 5041; x_wconf 91' lang='lat' dir='ltr'>idem</span> <span class='ocrx_word' id='word_1_629' title='bbox 651 4986 792 5058; x_wconf 83' lang='lat' dir='ltr'>negotium</span> <span class='ocrx_word' id='word_1_630' title='bbox 807 4985 916 5043; x_wconf 90' lang='lat' dir='ltr'>uberius</span> <span class='ocrx_word' id='word_1_631' title='bbox 929 5002 961 5043; x_wconf 91' lang='lat' dir='ltr'>ac</span> <span class='ocrx_word' id='word_1_632' title='bbox 1013 4984 1074 5042; x_wconf 92' lang='lat' dir='ltr'>silio</span> <span class='ocrx_word' id='word_1_633' title='bbox 1086 4993 1190 5053; x_wconf 80' lang='lat' dir='ltr'>cesset3</span> <span class='ocrx_word' id='word_1_634' title='bbox 1203 4985 1244 5041; x_wconf 91' lang='lat' dir='ltr'>sin</span> <span class='ocrx_word' id='word_1_635' title='bbox 1258 4992 1355 5041; x_wconf 91' lang='lat' dir='ltr'>autem</span> <span class='ocrx_word' id='word_1_636' title='bbox 1370 4985 1412 5041; x_wconf 86' lang='lat' dir='ltr'>rel</span> <span class='ocrx_word' id='word_1_637' title='bbox 1425 4984 1541 5040; x_wconf 91' lang='lat' dir='ltr'>omnino</span> <span class='ocrx_word' id='word_1_638' title='bbox 1557 4983 1668 5056; x_wconf 86' lang='lat' dir='ltr'>injuste,</span> <span class='ocrx_word' id='word_1_639' title='bbox 1685 4983 1727 5039; x_wconf 87' lang='lat' dir='ltr'>uel</span> <span class='ocrx_word' id='word_1_640' title='bbox 1742 4997 1810 5056; x_wconf 84' lang='lat' dir='ltr'>prte-</span> 
     </span>
     <span class='ocr_line' id='line_1_53' title="bbox 119 5073 1811 5153; baseline 0.003 -25"><span class='ocrx_word' id='word_1_641' title='bbox 119 5073 289 5133; x_wconf 69' lang='lat' dir='ltr'>-olsrtius</span> <span class='ocrx_word' id='word_1_642' title='bbox 299 5083 411 5133; x_wconf 88' lang='lat' dir='ltr'>tractes.</span> <span class='ocrx_word' id='word_1_643' title='bbox 431 5077 490 5147; x_wconf 87' lang='lat' dir='ltr'>Qua</span> <span class='ocrx_word' id='word_1_644' title='bbox 504 5076 538 5134; x_wconf 96' lang='lat' dir='ltr'>de</span> <span class='ocrx_word' id='word_1_645' title='bbox 556 5092 585 5133; x_wconf 91' lang='lat' dir='ltr'>re</span> <span class='ocrx_word' id='word_1_646' title='bbox 597 5092 648 5134; x_wconf 93' lang='lat' dir='ltr'>nos</span> <span class='ocrx_word' id='word_1_647' title='bbox 657 5078 696 5134; x_wconf 91' lang='lat' dir='ltr'>ita</span> <span class='ocrx_word' id='word_1_648' title='bbox 706 5079 766 5151; x_wconf 88' lang='lat' dir='ltr'>jam</span> <span class='ocrx_word' id='word_1_649' title='bbox 777 5095 852 5136; x_wconf 91' lang='lat' dir='ltr'>nunc</span> <span class='ocrx_word' id='word_1_650' title='bbox 866 5095 960 5137; x_wconf 90' lang='lat' dir='ltr'>cense·</span> <span class='ocrx_word' id='word_1_651' title='bbox 1014 5094 1130 5153; x_wconf 91' lang='lat' dir='ltr'>propere</span> <span class='ocrx_word' id='word_1_652' title='bbox 1143 5077 1269 5135; x_wconf 90' lang='lat' dir='ltr'>addictus</span> <span class='ocrx_word' id='word_1_653' title='bbox 1283 5094 1343 5135; x_wconf 88' lang='lat' dir='ltr'>esse</span> <span class='ocrx_word' id='word_1_654' title='bbox 1355 5077 1482 5151; x_wconf 89' lang='lat' dir='ltr'>patuerit,</span> <span class='ocrx_word' id='word_1_655' title='bbox 1500 5077 1585 5135; x_wconf 90' lang='lat' dir='ltr'>rebus</span> <span class='ocrx_word' id='word_1_656' title='bbox 1598 5077 1747 5135; x_wconf 87' lang='lat' dir='ltr'>ethonore</span> <span class='ocrx_word' id='word_1_657' title='bbox 1760 5091 1811 5134; x_wconf 91' lang='lat' dir='ltr'>suo</span> 
     </span>
     <span class='ocr_line' id='line_1_54' title="bbox 119 5162 1810 5245; baseline 0.002 -23"><span class='ocrx_word' id='word_1_658' title='bbox 119 5162 242 5237; x_wconf 56' lang='lat' dir='ltr'>Utus,</span> <span class='ocrx_word' id='word_1_659' title='bbox 264 5168 288 5226; x_wconf 88' lang='lat' dir='ltr'>si</span> <span class='ocrx_word' id='word_1_660' title='bbox 308 5168 491 5241; x_wconf 86' lang='lat' dir='ltr'>depositionis</span> <span class='ocrx_word' id='word_1_661' title='bbox 511 5169 583 5227; x_wconf 86' lang='lat' dir='ltr'>illius</span> <span class='ocrx_word' id='word_1_662' title='bbox 607 5172 760 5228; x_wconf 91' lang='lat' dir='ltr'>certissime</span> <span class='ocrx_word' id='word_1_663' title='bbox 783 5187 864 5229; x_wconf 88' lang='lat' dir='ltr'>causa</span> <span class='ocrx_word' id='word_1_664' title='bbox 881 5173 960 5245; x_wconf 79' lang='lat' dir='ltr'>juxta</span> <span class='ocrx_word' id='word_1_665' title='bbox 1014 5171 1314 5244; x_wconf 85' lang='lat' dir='ltr'>receptoInstauretur,</span> <span class='ocrx_word' id='word_1_666' title='bbox 1328 5187 1359 5228; x_wconf 93' lang='lat' dir='ltr'>ao</span> <span class='ocrx_word' id='word_1_667' title='bbox 1372 5171 1475 5229; x_wconf 90' lang='lat' dir='ltr'>deinde</span> <span class='ocrx_word' id='word_1_668' title='bbox 1489 5171 1640 5240; x_wconf 75' lang='lat' dir='ltr'>canonica,</span> <span class='ocrx_word' id='word_1_669' title='bbox 1653 5171 1676 5228; x_wconf 85' lang='lat' dir='ltr'>ei</span> <span class='ocrx_word' id='word_1_670' title='bbox 1691 5169 1810 5242; x_wconf 88' lang='lat' dir='ltr'>quesibi</span> 
     </span>
     <span class='ocr_line' id='line_1_55' title="bbox 119 5261 1810 5340; baseline 0.002 -23"><span class='ocrx_word' id='word_1_671' title='bbox 119 5261 371 5334; x_wconf 58' lang='lat' dir='ltr'>Qomprobatur,</span> <span class='ocrx_word' id='word_1_672' title='bbox 384 5264 609 5335; x_wconf 86' lang='lat' dir='ltr'>etperemptoria</span> <span class='ocrx_word' id='word_1_673' title='bbox 623 5264 650 5321; x_wconf 91' lang='lat' dir='ltr'>in</span> <span class='ocrx_word' id='word_1_674' title='bbox 669 5281 733 5321; x_wconf 93' lang='lat' dir='ltr'>eum</span> <span class='ocrx_word' id='word_1_675' title='bbox 749 5267 882 5323; x_wconf 88' lang='lat' dir='ltr'>sententia</span> <span class='ocrx_word' id='word_1_676' title='bbox 896 5265 960 5324; x_wconf 90' lang='lat' dir='ltr'>data</span> <span class='ocrx_word' id='word_1_677' title='bbox 1013 5264 1116 5323; x_wconf 83' lang='lat' dir='ltr'>luerim</span> <span class='ocrx_word' id='word_1_678' title='bbox 1145 5266 1274 5340; x_wconf 87' lang='lat' dir='ltr'>objecta,</span> <span class='ocrx_word' id='word_1_679' title='bbox 1305 5265 1479 5338; x_wconf 89' lang='lat' dir='ltr'>respoudeat.</span> <span class='ocrx_word' id='word_1_680' title='bbox 1517 5265 1685 5336; x_wconf 88' lang='lat' dir='ltr'>Quocunque</span> <span class='ocrx_word' id='word_1_681' title='bbox 1717 5272 1810 5321; x_wconf 88' lang='lat' dir='ltr'>temen</span> 
     </span>
     <span class='ocr_line' id='line_1_56' title="bbox 119 5354 1810 5433; baseline 0.001 -21"><span class='ocrx_word' id='word_1_682' title='bbox 119 5354 346 5426; x_wconf 56' lang='lat' dir='ltr'>Wosdtnr,</span> <span class='ocrx_word' id='word_1_683' title='bbox 359 5355 418 5428; x_wconf 86' lang='lat' dir='ltr'>lpse</span> <span class='ocrx_word' id='word_1_684' title='bbox 438 5356 474 5413; x_wconf 90' lang='lat' dir='ltr'>ab</span> <span class='ocrx_word' id='word_1_685' title='bbox 489 5357 646 5430; x_wconf 87' lang='lat' dir='ltr'>episcopatu</span> <span class='ocrx_word' id='word_1_686' title='bbox 660 5356 772 5416; x_wconf 88' lang='lat' dir='ltr'>cessan‘s</span> <span class='ocrx_word' id='word_1_687' title='bbox 789 5368 889 5417; x_wconf 78' lang='lat' dir='ltr'>sancta</span> <span class='ocrx_word' id='word_1_688' title='bbox 906 5363 959 5419; x_wconf 87' lang='lat' dir='ltr'>Ec·</span> <span class='ocrx_word' id='word_1_689' title='bbox 1013 5358 1098 5416; x_wconf 89' lang='lat' dir='ltr'>modo</span> <span class='ocrx_word' id='word_1_690' title='bbox 1129 5358 1267 5433; x_wconf 86' lang='lat' dir='ltr'>synodalis</span> <span class='ocrx_word' id='word_1_691' title='bbox 1289 5375 1354 5430; x_wconf 86' lang='lat' dir='ltr'>erga</span> <span class='ocrx_word' id='word_1_692' title='bbox 1379 5357 1540 5432; x_wconf 89' lang='lat' dir='ltr'>dignitatem</span> <span class='ocrx_word' id='word_1_693' title='bbox 1569 5357 1654 5429; x_wconf 90' lang='lat' dir='ltr'>ipsius</span> <span class='ocrx_word' id='word_1_694' title='bbox 1676 5358 1810 5415; x_wconf 88' lang='lat' dir='ltr'>sententia</span> 
     </span>
     <span class='ocr_line' id='line_1_57' title="bbox 119 5442 1811 5527; baseline 0.002 -23"><span class='ocrx_word' id='word_1_695' title='bbox 119 5442 251 5505; x_wconf 46' lang='lat' dir='ltr'>*lesia</span> <span class='ocrx_word' id='word_1_696' title='bbox 260 5446 399 5521; x_wconf 80' lang='lat' dir='ltr'>indicium</span> <span class='ocrx_word' id='word_1_697' title='bbox 413 5447 493 5506; x_wconf 84' lang='lat' dir='ltr'>ferat.</span> <span class='ocrx_word' id='word_1_698' title='bbox 513 5450 668 5508; x_wconf 85' lang='lat' dir='ltr'>sinautem</span> <span class='ocrx_word' id='word_1_699' title='bbox 688 5467 717 5510; x_wconf 88' lang='lat' dir='ltr'>se</span> <span class='ocrx_word' id='word_1_700' title='bbox 737 5453 779 5510; x_wconf 84' lang='lat' dir='ltr'>vel</span> <span class='ocrx_word' id='word_1_701' title='bbox 800 5453 901 5527; x_wconf 89' lang='lat' dir='ltr'>injuste</span> <span class='ocrx_word' id='word_1_702' title='bbox 914 5454 960 5511; x_wconf 92' lang='lat' dir='ltr'>de·</span> <span class='ocrx_word' id='word_1_703' title='bbox 1012 5453 1180 5525; x_wconf 84' lang='lat' dir='ltr'>provenerit,</span> <span class='ocrx_word' id='word_1_704' title='bbox 1190 5453 1325 5526; x_wconf 87' lang='lat' dir='ltr'>jussimus</span> <span class='ocrx_word' id='word_1_705' title='bbox 1338 5460 1370 5509; x_wconf 92' lang='lat' dir='ltr'>ut</span> <span class='ocrx_word' id='word_1_706' title='bbox 1382 5452 1422 5509; x_wconf 91' lang='lat' dir='ltr'>illi</span> <span class='ocrx_word' id='word_1_707' title='bbox 1437 5452 1485 5523; x_wconf 93' lang='lat' dir='ltr'>qui</span> <span class='ocrx_word' id='word_1_708' title='bbox 1499 5450 1634 5508; x_wconf 85' lang='lat' dir='ltr'>diaboIIoo</span> <span class='ocrx_word' id='word_1_709' title='bbox 1646 5450 1739 5508; x_wconf 85' lang='lat' dir='ltr'>lurore</span> <span class='ocrx_word' id='word_1_710' title='bbox 1754 5466 1811 5509; x_wconf 84' lang='lat' dir='ltr'>suo</span> 
     </span>
     <span class='ocr_line' id='line_1_58' title="bbox 119 5534 1811 5618; baseline 0.004 -22"><span class='ocrx_word' id='word_1_711' title='bbox 119 5534 282 5609; x_wconf 51' lang='lat' dir='ltr'>monitum</span> <span class='ocrx_word' id='word_1_712' title='bbox 297 5538 390 5609; x_wconf 87' lang='lat' dir='ltr'>luisse,</span> <span class='ocrx_word' id='word_1_713' title='bbox 405 5541 448 5598; x_wconf 84' lang='lat' dir='ltr'>rel</span> <span class='ocrx_word' id='word_1_714' title='bbox 458 5542 617 5615; x_wconf 79' lang='lat' dir='ltr'>synodalem</span> <span class='ocrx_word' id='word_1_715' title='bbox 632 5545 801 5603; x_wconf 75' lang='lat' dir='ltr'>amotionem</span> <span class='ocrx_word' id='word_1_716' title='bbox 812 5547 958 5604; x_wconf 80' lang='lat' dir='ltr'>nescivisse</span> <span class='ocrx_word' id='word_1_717' title='bbox 1013 5545 1088 5603; x_wconf 90' lang='lat' dir='ltr'>censi</span> <span class='ocrx_word' id='word_1_718' title='bbox 1103 5561 1162 5603; x_wconf 91' lang='lat' dir='ltr'>rem</span> <span class='ocrx_word' id='word_1_719' title='bbox 1181 5555 1238 5603; x_wconf 90' lang='lat' dir='ltr'>tam</span> <span class='ocrx_word' id='word_1_720' title='bbox 1261 5561 1373 5618; x_wconf 83' lang='lat' dir='ltr'>gravem</span> <span class='ocrx_word' id='word_1_721' title='bbox 1393 5554 1421 5603; x_wconf 89' lang='lat' dir='ltr'>et</span> <span class='ocrx_word' id='word_1_722' title='bbox 1440 5544 1573 5603; x_wconf 76' lang='lat' dir='ltr'>nefariam</span> <span class='ocrx_word' id='word_1_723' title='bbox 1595 5544 1624 5601; x_wconf 92' lang='lat' dir='ltr'>in</span> <span class='ocrx_word' id='word_1_724' title='bbox 1645 5544 1703 5616; x_wconf 89' lang='lat' dir='ltr'>ejus</span> <span class='ocrx_word' id='word_1_725' title='bbox 1718 5559 1811 5616; x_wconf 90' lang='lat' dir='ltr'>perso·</span> 
     </span>
     <span class='ocr_line' id='line_1_59' title="bbox 119 5622 1809 5713; baseline 0.002 -25"><span class='ocrx_word' id='word_1_726' title='bbox 119 5622 306 5690; x_wconf 59' lang='lat' dir='ltr'>Quisndere</span> <span class='ocrx_word' id='word_1_727' title='bbox 318 5633 450 5707; x_wconf 87' lang='lat' dir='ltr'>potuerit,</span> <span class='ocrx_word' id='word_1_728' title='bbox 464 5633 570 5709; x_wconf 86' lang='lat' dir='ltr'>integre</span> <span class='ocrx_word' id='word_1_729' title='bbox 583 5637 681 5694; x_wconf 87' lang='lat' dir='ltr'>sulset</span> <span class='ocrx_word' id='word_1_730' title='bbox 696 5638 779 5696; x_wconf 88' lang='lat' dir='ltr'>rebus</span> <span class='ocrx_word' id='word_1_731' title='bbox 792 5648 820 5697; x_wconf 90' lang='lat' dir='ltr'>et</span> <span class='ocrx_word' id='word_1_732' title='bbox 833 5639 958 5712; x_wconf 81' lang='lat' dir='ltr'>dignitati</span> <span class='ocrx_word' id='word_1_733' title='bbox 1012 5655 1077 5696; x_wconf 90' lang='lat' dir='ltr'>nam</span> <span class='ocrx_word' id='word_1_734' title='bbox 1099 5648 1273 5712; x_wconf 86' lang='lat' dir='ltr'>patraverunt</span> <span class='ocrx_word' id='word_1_735' title='bbox 1297 5638 1505 5713; x_wconf 89' lang='lat' dir='ltr'>quamprimum</span> <span class='ocrx_word' id='word_1_736' title='bbox 1524 5646 1758 5697; x_wconf 87' lang='lat' dir='ltr'>commoneantur</span> <span class='ocrx_word' id='word_1_737' title='bbox 1779 5644 1809 5693; x_wconf 91' lang='lat' dir='ltr'>ut</span> 
     </span>
     <span class='ocr_line' id='line_1_60' title="bbox 119 5718 1807 5807; baseline 0.002 -24"><span class='ocrx_word' id='word_1_738' title='bbox 119 5718 343 5785; x_wconf 53' lang='lat' dir='ltr'>*nimature</span> <span class='ocrx_word' id='word_1_739' title='bbox 364 5726 461 5802; x_wconf 87' lang='lat' dir='ltr'>sicque</span> <span class='ocrx_word' id='word_1_740' title='bbox 477 5727 606 5804; x_wconf 91' lang='lat' dir='ltr'>deinceps</span> <span class='ocrx_word' id='word_1_741' title='bbox 624 5732 767 5799; x_wconf 84' lang='lat' dir='ltr'>canouIce,</span> <span class='ocrx_word' id='word_1_742' title='bbox 787 5733 811 5791; x_wconf 85' lang='lat' dir='ltr'>si</span> <span class='ocrx_word' id='word_1_743' title='bbox 825 5750 877 5807; x_wconf 91' lang='lat' dir='ltr'>que</span> <span class='ocrx_word' id='word_1_744' title='bbox 899 5733 957 5791; x_wconf 89' lang='lat' dir='ltr'>iue-</span> <span class='ocrx_word' id='word_1_745' title='bbox 1012 5732 1187 5791; x_wconf 85' lang='lat' dir='ltr'>satislaciaut.</span> <span class='ocrx_word' id='word_1_746' title='bbox 1207 5734 1235 5791; x_wconf 89' lang='lat' dir='ltr'>Si</span> <span class='ocrx_word' id='word_1_747' title='bbox 1250 5749 1315 5791; x_wconf 81' lang='lat' dir='ltr'>vero</span> <span class='ocrx_word' id='word_1_748' title='bbox 1329 5733 1364 5789; x_wconf 91' lang='lat' dir='ltr'>ad</span> <span class='ocrx_word' id='word_1_749' title='bbox 1385 5732 1530 5789; x_wconf 89' lang='lat' dir='ltr'>cumulum</span> <span class='ocrx_word' id='word_1_750' title='bbox 1551 5732 1722 5803; x_wconf 86' lang='lat' dir='ltr'>iniquitatum</span> <span class='ocrx_word' id='word_1_751' title='bbox 1743 5745 1807 5787; x_wconf 89' lang='lat' dir='ltr'>sua-</span> 
     </span>
     <span class='ocr_line' id='line_1_61' title="bbox 119 5812 1812 5899; baseline -0.001 -19"><span class='ocrx_word' id='word_1_752' title='bbox 119 5812 215 5877; x_wconf 50' lang='lat' dir='ltr'>*Itll</span> <span class='ocrx_word' id='word_1_753' title='bbox 241 5817 349 5893; x_wconf 78' lang='lat' dir='ltr'>objecta</span> <span class='ocrx_word' id='word_1_754' title='bbox 383 5820 449 5893; x_wconf 84' lang='lat' dir='ltr'>stbt,</span> <span class='ocrx_word' id='word_1_755' title='bbox 470 5822 646 5896; x_wconf 86' lang='lat' dir='ltr'>respondeat.</span> <span class='ocrx_word' id='word_1_756' title='bbox 669 5827 840 5899; x_wconf 85' lang='lat' dir='ltr'>Quocunque</span> <span class='ocrx_word' id='word_1_757' title='bbox 864 5836 957 5885; x_wconf 87' lang='lat' dir='ltr'>tamen</span> <span class='ocrx_word' id='word_1_758' title='bbox 1012 5842 1073 5885; x_wconf 93' lang='lat' dir='ltr'>rum</span> <span class='ocrx_word' id='word_1_759' title='bbox 1087 5829 1239 5895; x_wconf 86' lang='lat' dir='ltr'>renuerint,</span> <span class='ocrx_word' id='word_1_760' title='bbox 1259 5824 1435 5889; x_wconf 87' lang='lat' dir='ltr'>mandamus,</span> <span class='ocrx_word' id='word_1_761' title='bbox 1451 5832 1509 5879; x_wconf 90' lang='lat' dir='ltr'>tarn</span> <span class='ocrx_word' id='word_1_762' title='bbox 1529 5822 1557 5879; x_wconf 92' lang='lat' dir='ltr'>iu</span> <span class='ocrx_word' id='word_1_763' title='bbox 1571 5836 1621 5879; x_wconf 88' lang='lat' dir='ltr'>eos</span> <span class='ocrx_word' id='word_1_764' title='bbox 1633 5835 1718 5894; x_wconf 82' lang='lat' dir='ltr'>quam</span> <span class='ocrx_word' id='word_1_765' title='bbox 1732 5829 1761 5878; x_wconf 88' lang='lat' dir='ltr'>et</span> <span class='ocrx_word' id='word_1_766' title='bbox 1781 5822 1812 5878; x_wconf 90' lang='lat' dir='ltr'>in</span> 
     </span>
    </p>
   </div>
   <div class='ocr_carea' id='block_1_11' title="bbox 0 0 1946 6155">
    <p class='ocr_par' dir='ltr' id='par_1_15' title="bbox 0 0 1946 6155">
     <span class='ocr_line' id='line_1_62' title="bbox 0 0 1946 6155; baseline 0 0"><span class='ocrx_word' id='word_1_767' title='bbox 0 0 1946 6155; x_wconf 95' lang='lat' dir='ltr'> </span> 
     </span>
    </p>
   </div>
  </div>
 </body>
</html>
