3870 6164
161 269 226 322 retr
660 261 706 316 sb
725 258 839 316 OPERA
857 258 886 315 S.
906 259 1067 319 consulut
1085 257 1303 314 strenuitas.
1746 256 1810 310 titt

159 393 233 448 Hinc
246 391 274 448 S.
290 386 437 459 Gregorius
454 399 521 457 papa
534 383 639 456 primns
657 382 692 440 ad
710 384 896 442 Tbeoetistam
910 400 956 457 pa·
968 393 993 454 Α
1008 384 1082 457 quod
1096 381 1254 441 commuuio
1268 379 1406 438 malorum
1419 392 1478 437 non
1491 377 1619 434 maculet
1632 376 1690 432 nisi
1703 391 1809 434 eonsen-

159 487 269 543 triciam
280 481 401 539 scribens
413 480 469 547 (lib.
482 494 526 545 ιι,
540 479 617 549 epist.
634 484 680 546 39)
691 486 823 535 testatur:
839 481 907 550 Ipsi,
918 477 958 534 in-
1011 479 1117 548 tientes,
1135 476 1169 534 nd
1187 475 1424 549 exaggerationem
1442 488 1499 530 suae
1520 471 1712 529 excusationis
1724 471 1807 528 subin·

159 580 227 652 quit,
242 578 297 633 sibi
310 580 387 631 testes
403 578 466 629 sunt
482 575 547 643 quia
565 570 717 628 Christiani
728 588 782 628 non
796 577 869 638 sunt,
889 574 957 643 quia
1012 571 1082 629 ferre
1104 573 1194 629 solent
1207 585 1372 641 summopere
1391 570 1445 625 sibi
1464 571 1583 623 crimina
1599 570 1805 623 eammmanim·

159 676 305 747 liqummtu
315 675 413 726 sancta
426 669 549 725 Ecclesm
559 670 635 724 mnis
644 669 751 736 [numm
762 665 807 725 ed.
818 668 957 735 Romana]
1011 672 1110 735 torum,
1126 666 1276 736 displicere,
1289 679 1335 720 nec
1346 664 1402 718 uilo
1415 662 1494 718 modo
1508 677 1536 718 se
1549 677 1648 717 eorum
1661 661 1805 717 erioriarbro

160 784 187 823 se
201 767 360 822 eristimant
371 765 510 820 comtibus
524 763 634 819 setona.
1011 763 1151 830 assentire,
1166 763 1191 814 et
1203 760 1263 814 ideo
1277 760 1433 813 antenorem
1443 772 1532 812 eorum
1542 757 1803 811 communicantur

194 860 345 916 Sciendum
359 867 454 914 autem
473 854 548 929 quod
561 855 646 911 sancti
663 858 756 910 Patres
778 868 827 925 pro
844 868 956 909 exeom-
1010 857 1048 910 eis
1069 869 1169 909 meere.
1184 851 1236 909 Sed
1250 851 1310 908 berc
1325 850 1457 908 sententia
1472 850 1547 906 beati
1565 848 1729 922 Augustini,
1752 856 1801 905 ten·

159 953 306 1011 urunicatis
319 951 473 1008 habuerunt
485 965 543 1006 non
559 948 650 1004 solum
664 948 727 1004 illos
742 946 790 1019 qui
803 954 865 1017 post
878 961 957 1017 aper·
1011 957 1070 1005 tum
1079 948 1114 1006 de
1130 947 1329 1006 cummunione
1344 946 1481 1002 malorum
1495 944 1593 1002 adhuc
1605 944 1637 1000 in
1652 944 1801 1015 unitanpo

158 1058 217 1104 tum
235 1063 333 1104 corum
347 1043 552 1102 contumaciam
561 1041 713 1114 specialiter
726 1039 957 1097 excommunicati
1011 1042 1143 1114 sitorum,
1157 1049 1185 1098 et
1203 1040 1327 1098 nondum
1339 1055 1389 1112 pro
1405 1054 1454 1097 sua
1473 1037 1581 1095 malitia
1594 1038 1800 1095 excommunica·

159 1150 237 1208 sunt,
257 1140 305 1198 sed
319 1147 347 1196 et
360 1138 421 1196 illos
434 1138 481 1210 qui
500 1136 560 1210 jam
581 1134 680 1193 laetam
694 1133 954 1191 excommunicatio·
1010 1144 1102 1193 torum
1115 1136 1277 1208 deprompta
1290 1132 1494 1191 evidentissime
1507 1131 1649 1213 exxverbis
1662 1131 1745 1204 ipsius
1755 1134 1798 1187 tu-

158 1250 224 1291 nem
238 1234 378 1289 incurrere
393 1246 450 1286 non
472 1229 634 1298 timuerunt,
656 1225 782 1283 videlieet
806 1234 854 1282 aut
872 1241 902 1282 se
927 1224 955 1281 in
1009 1229 1111 1304 guerini
1133 1229 1275 1304 probatur.
1299 1228 1381 1286 Ponit
1403 1228 1476 1283 enim
1497 1226 1632 1284 eamdem
1653 1226 1799 1282 mutantem

160 1336 266 1400 partem
289 1325 590 1383 excommunicatorum
611 1320 790 1389 conferendo,
813 1327 861 1376 aut
879 1318 954 1392 quod
1009 1325 1130 1382 scribens
1143 1324 1178 1381 ad
1191 1323 1350 1381 Donatistae
1363 1339 1371 1378 ε
1386 1323 1525 1392 Quisquis,
1543 1321 1799 1394 inquinatissima

159 1421 211 1478 sub
223 1418 507 1477 excommunicatione
529 1416 582 1472 illis
605 1415 759 1487 specialiter
782 1412 955 1487 prohibitum
1010 1420 1193 1487 beneuinerit,
1206 1419 1311 1474 nibilci
1316 1416 1500 1488 praeiudicant
1509 1417 1606 1471 uticem
1619 1420 1798 1486 paucisque

160 1524 201 1571 est
217 1512 393 1586 acceptando.
415 1513 487 1568 Hinc
501 1518 630 1568 sunctum
649 1507 795 1566 concilium
810 1506 956 1564 Nicaenum
1009 1515 1083 1569 nmen
1094 1514 1278 1583 unusquisque
1283 1512 1425 1582 proprium
1433 1525 1498 1564 enus
1511 1512 1554 1577 (in
1561 1514 1604 1575 eu)
1611 1508 1736 1580 portabit
1743 1506 1795 1573 (ital

161 1609 280 1664 Arianos
294 1621 401 1675 omues,
426 1605 467 1661 vel
490 1603 615 1676 quisquis
631 1602 659 1658 in
684 1602 757 1658 hanc
770 1609 877 1673 pestem
898 1600 956 1656 sire
1009 1610 1049 1674 v).
1059 1607 1104 1663 sio
1115 1605 1291 1676 etApostolus
1299 1604 1430 1660 dicitslit
1440 1605 1600 1673 quumque
1615 1602 1660 1674 (in
1671 1606 1796 1672 eaioorpas

159 1697 560 1758 consensnseueommunione
571 1696 726 1762 decidisset,
742 1696 814 1751 utB.
830 1692 957 1751 Gelasius
1011 1700 1110 1757 diruti
1121 1698 1323 1754 nunducuuam't
1332 1696 1602 1767 neumnensium
1611 1696 1670 1752 sibi
1678 1695 1796 1751 merdam

159 1812 228 1869 papa
242 1803 367 1863 testatur,
390 1792 546 1859 damnarit;
575 1805 657 1863 quem
680 1804 790 1846 rnorem
812 1794 841 1845 et
854 1788 883 1843 in
896 1787 956 1843 aliis
969 1779 994 1842 B
1007 1798 1032 1849 et
1043 1794 1112 1848 otuu
1126 1796 1151 1858 (ι
1162 1793 1221 1850 σοι,
1235 1797 1291 1859 χι),
1308 1792 1374 1849 oum
1386 1796 1476 1846 aaran
1494 1790 1565 1845 etiae
1579 1807 1591 1844 .·
1606 1789 1741 1860 jarim
1755 1789 1796 1844 nti

158 1887 487 1946 excommunicationibus
512 1886 568 1942 suis
600 1892 692 1941 sancta
715 1889 807 1939 mater
837 1879 957 1937 Ecclesia
1009 1887 1156 1943 manducat
1169 1891 1195 1941 et
1210 1886 1289 1955 bibit,
1302 1887 1371 1941 satis
1384 1883 1501 1940 ostendit
1516 1883 1595 1954 qaod
1610 1883 1794 1952 nonaitaiiu·

158 1984 302 2039 observare
335 1980 487 2037 consucvit.
528 1981 631 2034 Beatus
663 1991 773 2048 quoque
808 1974 957 2046 Gregorius
1009 1981 1120 2050 dicium,
1136 1980 1182 2036 sed
1194 1980 1257 2036 sibi.
1273 1982 1328 2036 Hoc
1347 1994 1394 2035 nos
1416 1981 1530 2050 aqimus,
1553 1983 1580 2035 et
1602 1978 1795 2041 ostmdmmrt

158 2091 227 2146 papa
242 2076 350 2147 primns
370 2073 427 2144 (lib.
444 2087 492 2134 ιιι,
512 2074 590 2141 epist.
611 2075 667 2137 20),
681 2076 886 2126 consecratores
905 2068 954 2124 Sa·
1009 2075 1176 2129 obtinuimus
1200 2073 1273 2144 quod
1297 2075 1447 2130 communio
1468 2070 1611 2127 mulorum
1632 2071 1794 2128 rsonmaudat

158 2168 272 2225 lonitani
291 2165 500 2239 praesumptoris
522 2162 775 2219 excommunicatos
791 2176 850 2217 esse
863 2160 954 2217 decla·
1008 2168 1125 2238 atquem
1147 2169 1358 2239 participatione
1383 2176 1631 2230 mementorum,
1648 2167 1695 2223 sps
1709 2180 1793 2221 ωηι-

159 2263 238 2332 ravit,
248 2277 281 2317 eo
292 2259 364 2332 qnod
380 2260 467 2331 ipsam
480 2257 714 2314 consecrationem
728 2255 779 2311 snb
791 2270 955 2311 excommu·
1007 2265 1081 2317 stane
1094 2263 1242 2329 sucronem.
1255 2263 1327 2320 Nam
1339 2263 1405 2316 siin
1417 2263 1499 2329 facus
1517 2261 1602 2316 molis
1616 2276 1671 2317 non
1682 2264 1717 2317 eis
1735 2261 1793 2331 quir·

159 2355 296 2412 uicatione
308 2354 348 2409 eis
372 2352 527 2424 specialiter
541 2349 715 2406 interdictam
731 2347 819 2404 lacere
832 2356 954 2405 tentare·
1008 2359 1070 2426 quie
1086 2357 1246 2420 canemque,
1254 2360 1346 2426 portae
1358 2356 1448 2411 malus
1461 2370 1572 2411 caueam
1587 2371 1682 2425 mm,
1692 2359 1714 2410 ιι
1723 2368 1794 2426 μα.

157 2451 222 2505 rint.
246 2451 333 2517 mam
352 2462 408 2502 rem
428 2461 486 2509 nos,
508 2444 607 2516 inquit,
629 2445 703 2499 trullo
723 2442 802 2497 modo
813 2457 955 2513 possumus
1007 2465 1070 2504 num
1080 2465 1169 2518 suam,
1179 2450 1493 2521 necproejudicatalteri,
1509 2465 1593 2519 quem
1604 2452 1635 2504 ia
1648 2451 1793 2506 commacu

43 2554 46 2559 ’
157 2545 243 2598 dicere
259 2543 493 2602 emnecrutionem,
508 2554 568 2609 quoe
582 2539 621 2593 αὸ
633 2538 870 2593 cacummunr'catts
887 2537 954 2592 cele·
1007 2545 1075 2598 maii
1087 2546 1177 2615 operis
1195 2546 1294 2599 socium
1305 2560 1359 2600 non
1370 2543 1452 2599 habet
1471 2545 1613 2599 criminis.

157 2639 237 2693 bruta
250 2642 299 2693 est.
315 2636 358 2692 Sic
370 2635 465 2707 utique
479 2632 596 2704 quilibet
616 2630 735 2687 Romani
749 2629 891 2703 pontilices
903 2646 954 2702 pro
1043 2639 1113 2693 Ecce
1126 2637 1294 2712 apertissime
1309 2637 1343 2693 Β.
1361 2634 1534 2709 Augustinus
1543 2651 1606 2692 non
1617 2651 1649 2692 se
1660 2635 1710 2692 boc
1721 2632 1752 2692 de
1761 2648 1797 2690 er·

155 2730 400 2788 excommunicatis
421 2727 579 2784 babuerunt
598 2741 647 2782 eos
672 2725 774 2797 utique,
796 2725 953 2798 quicunque
1006 2731 1217 2787 communicatis
1231 2730 1330 2788 dixisse
1349 2728 1600 2798 manifestatum
1615 2729 1651 2787 de
1670 2745 1702 2786 eo
1722 2727 1796 2802 quiin

152 2826 241 2898 aliqua
254 2825 305 2881 sub
318 2822 427 2896 speciali
436 2819 724 2879 excommunicatione
738 2818 874 2889 prohibita
884 2832 953 2889 prae·
1006 2824 1127 2881 Ecclesia
1144 2840 1248 2898 corpus
1269 2823 1385 2880 Domini
1400 2823 1511 2896 indigne
1525 2824 1629 2891 sumit,
1645 2822 1726 2881 dicat
1738 2823 1795 2879 llam

153 2926 340 2991 sumpserunt.
363 2920 436 2989 Ergo
451 2923 479 2972 et
490 2931 506 2971 a
518 2912 598 2971 nobis
610 2928 706 2969 omnes
719 2911 879 2985 hujusmodi
893 2926 950 2993 mog
1006 2918 1132 2990 superius
1151 2918 1187 2975 ad
1205 2918 1317 2976 eosdem
1330 2918 1492 2974 Donatistae
1512 2915 1548 2973 da
1568 2914 1796 2974 excommnnicatis

152 3015 215 3085 rito,
231 3022 261 3069 ut
274 3010 523 3077 exeommunicati,
537 3008 702 3076 devitantur,
724 3022 811 3079 usque
825 3005 892 3063 dum
905 3021 948 3062 ec·
1005 3014 1151 3085 praemisit,
1167 3013 1262 3071 dicens
1279 3034 1286 3068 :
1299 3015 1427 3084 Quisquis
1440 3030 1458 3068 a
1472 3013 1610 3069 cutboit'ca
1623 3014 1737 3070 Ecclesia
1745 3014 1795 3080 tue

152 3107 303 3165 clesiastico
317 3120 393 3162 more
411 3103 634 3161 reconcilientur.
648 3103 718 3158 Sunt
731 3108 822 3157 autem
834 3107 952 3172 quatuor
1005 3109 1044 3163 rit
1071 3112 1226 3178 separatus,
1249 3108 1447 3179 quantumlibet
1473 3107 1664 3163 laudabiliter·
1682 3122 1710 3164 se
1722 3108 1795 3161 ciart

151 3218 194 3258 res
208 3202 235 3257 in
260 3200 359 3273 quibus
374 3214 422 3256 eos
444 3198 598 3271 specialiter
611 3196 734 3253 devitare
755 3195 899 3263 debemus,
915 3193 951 3249 vi·
965 3167 989 3231 C
1006 3203 1157 3265 exstimat,
1171 3201 1218 3256 noe
1230 3202 1285 3256 soto
1298 3201 1402 3265 scelere,
1417 3201 1490 3271 quod
1503 3217 1522 3254 a
1535 3200 1742 3257 clamitantem
1752 3199 1794 3253 dis

149 3295 248 3352 delicet
276 3294 302 3350 in
326 3292 498 3361 salutatione,
521 3292 550 3348 in
579 3291 687 3360 osculo,
712 3289 740 3346 in
762 3289 900 3358 oratione,
924 3288 953 3345 in
1000 3295 1112 3365 junctus
1126 3298 1176 3359 est,
1188 3309 1243 3350 non
1255 3296 1364 3350 babebit
1377 3293 1540 3361 uitam3sed
1552 3296 1600 3349 ira
1613 3296 1664 3351 Dei
1671 3298 1793 3349 meretis
1829 3356 1831 3373 Ι

150 3390 288 3457 convictu,
301 3389 382 3460 quod,
392 3396 424 3443 ut
433 3388 461 3442 S.
473 3386 600 3443 Callistus
612 3400 682 3458 papa
688 3391 804 3441 testatur
812 3386 900 3456 (epist
912 3384 951 3453 2),
1004 3404 1053 3458 per
1066 3403 1128 3444 eum
1150 3391 1239 3458 (toan.
1266 3388 1326 3461 ιιι).
1342 3386 1449 3444 Deinde
1467 3387 1502 3444 de
1516 3386 1563 3444 his
1577 3388 1626 3462 qui
1648 3387 1677 3444 in
1690 3385 1791 3444 emen

148 3486 299 3554 quietosque
323 3482 572 3549 encommunicatrs,
594 3480 636 3535 uel
656 3481 685 3535 in
705 3480 758 3543 bis,
786 3479 827 3533 uel
847 3480 876 3532 in
889 3478 952 3533 aliis
1005 3490 1069 3537 sunt
1082 3481 1163 3554 positi
1177 3489 1376 3555 consequenter
1388 3478 1509 3555 adjecit:
1526 3482 1662 3553 Quisquis
1675 3480 1789 3537 muns

147 3579 294 3647 promittis
308 3577 574 3637 communicaverint,
597 3573 684 3628 simili
696 3572 953 3628 mammoneam-
1005 3577 1133 3641 Ecclesia,
1157 3582 1184 3632 et
1198 3575 1273 3647 reliq.
1294 3582 1325 3631 ut
1347 3589 1429 3647 supra
1455 3573 1591 3631 mamus.
1617 3575 1696 3632 Idem
1719 3574 1788 3645 (epist-

148 3672 187 3732 ni,
197 3671 283 3738 iaetu
295 3671 491 3724 institutionem
500 3667 696 3737 apostolorum,
708 3666 863 3736 subjacebit.
1004 3672 1101 3738 cnxrr)
1110 3669 1232 3737 Eleusio,
1243 3675 1271 3725 et
1280 3662 1475 3725 Grammatino
1482 3668 1580 3737 [Felici
1589 3664 1786 3736 Grammatictl:

184 3759 237 3817 Sed
251 3759 340 3829 multi,
355 3760 389 3817 ad
401 3759 570 3816 accusandus
582 3762 769 3815 exeusationes
783 3760 949 3830 inpeccatis,
1004 3762 1117 3829 Quibus,
1141 3763 1239 3835 inquit,
1262 3761 1329 3818 mali
1345 3763 1453 3833 placent
1475 3765 1505 3817 in
1526 3765 1652 3829 unitate,
1673 3765 1786 3836 ipsios·-

147 3855 232 3922 (Psoi.
257 3858 326 3921 exn)
340 3853 528 3924 multipliciter
543 3866 572 3907 se
594 3861 723 3908 excusant
741 3850 815 3924 qnod
834 3867 950 3908 excom·
1004 3858 1144 3911 mun-icant
1164 3857 1260 3922 malim
1287 3856 1386 3928 quibus
1413 3859 1504 3910 autem
1532 3856 1693 3929 displicent,
1715 3859 1737 3911 at
1758 3864 1785 3909 ut

147 3945 299 4003 municatos
311 3945 397 4001 vitare
417 3960 476 4000 non
490 3942 617 4001 debeant.
632 3943 687 3999 Alii
701 3944 776 3999 enim
791 3945 864 3999 illam
888 3960 951 4000 seu·
1003 3950 1336 4021 mumdureneuposeunt,
1350 3965 1384 4005 ne
1395 3953 1458 4005 ante
1472 3953 1585 4021 tempus
1593 3948 1786 4009 mmardersl

146 4042 261 4097 tentiam
274 4040 348 4096 beati
360 4037 510 4110 Augustini
526 4037 701 4110 praetendunt
713 4036 788 4110 qnod
801 4040 949 4094 cummunio
1003 4045 1112 4099 zizania
1135 4043 1284 4112 medicare,
1310 4060 1342 4099 ne
1363 4044 1444 4099 simul
1468 4043 1613 4100 andiceni
1643 4050 1670 4102 et
1690 4045 1786 4100 tanea

144 4133 276 4190 maurum
289 4150 342 4188 non
354 4134 470 4188 maculet
483 4134 539 4187 nisi
559 4133 750 4188 consentientes
758 4150 767 4201 ,⁴
788 4130 831 4201 alii
853 4130 950 4188 dicunt
1004 4138 1114 4206 (Mutet.
1130 4152 1163 4193 ιιι
1168 4153 1204 4207 11,
1214 4138 1272 4207 29),
1282 4154 1336 4192 non
1347 4138 1430 4206 samm
1439 4152 1544 4201 eorum,
1554 4138 1605 4195 sed
1616 4130 1788 4195 uitandi&

146 4229 217 4298 quod
240 4229 420 4284 ecelesiasticis
445 4226 599 4298 pastoribus
621 4228 678 4282 siue
701 4241 793 4282 eorum
815 4226 950 4283 mentioni
1001 4230 1786 4293 mmmunieunt,ituntnenselumabeisn0nmamleutm

145 4323 260 4393 subjecti
269 4338 321 4377 non
333 4323 397 4384 sint,
412 4336 440 4376 eo
454 4320 527 4391 quod
540 4321 635 4375 saeculo
651 4323 761 4391 pertitus
775 4320 949 4376 abraamem
1000 4325 1048 4378 sed
1056 4325 1247 4379 etramdiuim's
1255 4325 1343 4380 ambis
1354 4324 1469 4380 laudari
1476 4325 1689 4399 praedicarique
1697 4338 1788 4382 mers}

143 4419 249 4486 verint,
263 4415 308 4472 alii
323 4417 405 4470 etium
419 4414 474 4470 sibi
485 4413 666 4469 obedientium
675 4417 705 4468 in
716 4415 860 4484 praelatum
869 4429 948 4470 mum
1001 4421 1208 4487 conmeantum,
1216 4433 1348 4474 nenomen
1354 4417 1454 4474 diruti
1457 4419 1788 4488 pentemimerim

143 4509 266 4586 sufficere
275 4513 387 4581 putant,
403 4524 436 4563 ne
450 4508 585 4562 canonicis
606 4508 819 4563 institutionibus
839 4508 946 4563 obedire
997 4509 1203 4581 blasphemetur,
1210 4527 1261 4583 pro
1272 4513 1336 4567 bono
1344 4513 1457 4566 audatis
1467 4511 1592 4569 tolerant
1601 4514 1676 4585 quod
1681 4512 1787 4587 perun

144 4603 255 4657 debeant
267 4603 304 4674 (S.
316 4609 530 4672 aususausus,
541 4602 646 4671 passim
657 4602 686 4654 in
701 4600 775 4655 libris
786 4607 879 4656 ametro
892 4606 944 4658 Do·
959 4576 985 4639 D
999 4605 1137 4673 aequitatis
1151 4606 1274 4661 adnuat.
1290 4607 1325 4661 Et
1337 4603 1391 4660 boe
1405 4603 1499 4675 utiquc
1514 4602 1554 4660 de
1568 4607 1654 4663 malis
1667 4608 1697 4663 in
1706 4604 1787 4663 noim

144 4698 281 4760 imitatas).
307 4695 361 4750 Sed
388 4709 485 4750 omnes
515 4692 565 4748 has
594 4693 784 4750 exeusationes
819 4693 944 4766 quamvis
998 4697 1104 4768 positis,
1118 4714 1173 4754 nun
1189 4696 1783 4758 reexcommunicetisevideuussimennt

144 4788 192 4860 ipsi
206 4788 321 4857 apostoli
335 4787 533 4855 indubitanter,
547 4794 579 4842 ut
592 4786 753 4859 praedictum
771 4795 823 4857 est,
845 4789 942 4844 annul·
1032 4789 1325 4848 ldemadEmeritum
1343 4793 1401 4847 :Et
1423 4790 1504 4858 illud,
1520 4792 1624 4865 inquit,
1644 4794 1784 4850 amulio

144 4880 268 4949 laverint,
301 4896 367 4936 eum
388 4881 614 4937 communionem
643 4881 942 4939 excommunicatorum
995 4885 1115 4953 cendum,
1127 4888 1153 4941 et
1164 4887 1283 4955 caputius
1292 4885 1376 4940 malos
1387 4886 1459 4939 bonis
1473 4899 1529 4939 non
1538 4884 1781 4944 obessemdoolrtt'b

141 4974 303 5047 generaliter
326 4974 456 5029 omnibus
469 4974 520 5030 sub
545 4977 843 5044 excommunicatione,
862 4976 941 5049 juxta
995 4981 1021 5032 si
1029 4981 1293 5035 eosacommunicne
1298 4978 1464 5050 probibendi
1474 4983 1656 5051 autpotestas
1668 4976 1782 5042 damea

141 5063 347 5118 attestationem
360 5064 388 5118 S.
404 5062 506 5119 sattim
516 5077 604 5135 papae,
617 5062 810 5120 interdixerint
814 5083 823 5136 3
837 5080 888 5121 nos
903 5073 942 5122 ta·
993 5071 1778 5146 utiquuratmecmemundapueaimpeaiur.Etpoupaua:

141 5172 206 5212 men
219 5155 351 5228 singulus,
364 5170 447 5227 quam
463 5153 567 5212 irivolae
581 5156 645 5224 sint,
660 5156 810 5230 specialiter
824 5158 938 5215 demon·
993 5166 1172 5232 Manifestum
1180 5171 1276 5222 estnon
1285 5166 1515 5235 nummulorum.
1527 5164 1777 5240 elemosinam

138 5258 225 5307 strare
239 5266 295 5307 non
317 5249 429 5322 pigebit.
446 5251 481 5304 Et
499 5248 552 5305 boe
568 5250 661 5323 utique
681 5251 762 5323 periti
779 5251 939 5309 ceclesiasti—
993 5258 1426 5332 quodestmaiusquisquumcum
1434 5258 1777 5332 quoadaltureDoatiu‘l·

137 5359 234 5399 curum
255 5345 413 5416 regularum
433 5341 512 5398 tacite
537 5358 587 5415 per
600 5359 629 5399 sc
649 5342 939 5417 deprehensionem
992 5350 1106 5415 ceditur,
1119 5356 1292 5409 etiamsinon
1303 5357 1341 5411 sit
1351 5355 1515 5424 inaequitas,
1529 5356 1678 5412 utentum
1690 5360 1776 5419 natm·

137 5444 232 5495 autem
248 5436 460 5507 simplicioribus
473 5443 579 5492 tantum
594 5437 725 5495 iratribus
745 5438 773 5494 in
788 5440 840 5497 boc
858 5441 938 5498 satis·
989 5445 1118 5516 probetur
1133 5452 1157 5503 et
1171 5464 1188 5502 a
1203 5448 1271 5503 bonu
1284 5450 1445 5505 conscientia
1459 5447 1633 5520 displicendo
1651 5450 1773 5522 sqrartl'·

136 5529 227 5588 iacere
241 5530 381 5599 volumus,
396 5538 429 5585 ut
441 5538 521 5587 tanto
533 5531 682 5591 studiosius
695 5530 731 5589 ab
745 5534 936 5591 excommuni·
1028 5537 1106 5596 Idem
1121 5541 1150 5596 in
1173 5554 1258 5598 serm.
1276 5545 1308 5598 lt
1323 5541 1357 5599 de
1380 5542 1531 5614 Evangelio
1554 5542 1708 5601 secundum
1724 5534 1773 5597 Ι*

135 5624 204 5681 catis
219 5638 249 5680 se
262 5622 430 5691 abstineant,
452 5633 554 5696 quanto
568 5623 821 5686 inexcusabiliussc
839 5628 869 5685 in
891 5643 938 5686 eo·
990 5630 1092 5689 thaeum
1115 5634 1151 5691 de
1169 5633 1277 5693 duobus
1299 5635 1401 5693 ciens:
1425 5636 1459 5691 ln
1481 5636 1589 5707 multus,
1615 5634 1773 5711 inquit&-

134 5734 198 5777 rum
211 5717 409 5776 communione
421 5719 554 5775 maculari
567 5728 749 5792 cognoscant.
989 5731 1090 5783 ctomm
1108 5729 1241 5786 librorum
1254 5731 1320 5786 locis
1331 5730 1507 5802 apmtissime
1519 5736 1602 5788 mue
1613 5746 1670 5790 esst
1681 5722 1771 5787 Μ

9 5868 11 5875 ,
70 5904 72 5909 Ι
164 5813 208 5872 illi
223 5828 291 5890 ergo
304 5812 353 5890 qui
373 5812 538 5872 sententiam
552 5813 583 5868 B.
605 5811 936 5885 augustinipraetendunt
989 5822 1147 5880 limusmet
1170 5824 1287 5882 iamset
1307 5825 1401 5895 maus,
1416 5837 1487 5897 quos
1509 5820 1796 5899 sepedictum·-
