3870 6164
143 248 209 303 ilii

640 246 685 301 AD
704 246 816 303 OPERA
835 246 863 303 S.
883 246 1045 305 GREGORii
1064 247 1287 303 atrsuutcss

1694 262 1698 266 “
1725 247 1785 301 {lid

140 373 241 430 tiones.
258 374 287 430 st
308 388 371 430 xero
390 370 507 428 noluerit
519 369 655 436 advenire,
670 370 933 445 sedcontempserit,
947 376 975 441 Α
989 371 1200 428 celebrationem
1235 370 1287 428 sibi
1320 371 1413 428 missar
1438 370 1636 427 interdicentis
1669 377 1786 441 protero

141 475 172 523 ut
192 483 224 524 ex
246 467 298 522 boe
312 466 345 522 ab
369 481 421 521 uua
443 472 520 536 parte
541 463 697 520 testimonia
718 465 848 522 adsersus
871 481 935 522 eum

141 561 246 617 inutilia
270 560 336 628 siut,
362 559 503 615 sancimus
532 557 688 629 hujusmodi
719 558 877 616 testimonia
896 560 934 618 ita

139 654 239 720 valere,
259 669 291 708 ac
312 653 337 708 si
360 670 417 709 non
436 669 467 708 ex
490 668 545 708 una
568 660 643 723 parte
665 657 858 722 consisterent,
885 653 934 711 sed

139 748 223 805 stiam
241 747 300 820 ipso
320 755 453 820 prasente
463 746 581 804 fuissent
594 745 674 804 facta.
693 749 721 803 Si
740 748 813 804 enim
825 764 934 805 recusa-

137 842 217 908 verit,
233 848 261 897 ct
275 842 363 898 venire
374 841 504 911 uoluerit,
519 849 547 898 et
561 841 654 898 audire
669 857 730 914 quaa
749 841 933 914 deponuntur,

137 952 200 993 cum
215 936 309 1008 utique
321 936 357 992 iiu
371 935 479 1007 publico
495 935 542 1004 sit,
555 944 582 991 et
595 952 649 992 non
664 952 696 993 ex
712 936 857 993 inevitabili
868 951 933 1008 qua-

137 1030 203 1087 dem
216 1030 376 1087 necessitate
385 1031 478 1086 venire
488 1045 543 1085 uon
557 1030 651 1103 possit,
665 1030 762 1086 similis
778 1029 933 1086 advenienti

136 1124 199 1192 erit,
219 1133 246 1181 et
257 1124 332 1181 nulla
350 1123 451 1180 utilitas
466 1141 500 1180 ex
512 1132 672 1196 contemptu
687 1140 736 1180 suo
754 1123 777 1180 ei
790 1123 933 1180 adbibebi-

137 1225 193 1287 tur,
215 1216 265 1274 sed
278 1217 441 1274 videbuntur
455 1216 569 1290 quidem
581 1233 613 1273 ex
629 1215 773 1290 utriusque
788 1217 931 1289 praeseutia

137 1310 314 1383 probationes
332 1308 423 1369 factae.
446 1313 552 1379 «ane,
581 1335 594 1359 ν
621 1310 708 1383 inquit
723 1312 752 1368 S.
773 1312 931 1385 Gregorius,

140 1427 152 1455 ι
172 1404 363 1462 admonendus
375 1414 418 1461 est
427 1403 722 1476 semperadrersarius,
734 1411 763 1460 ut
773 1403 807 1461 ad
819 1404 931 1461 audieu-

137 1498 188 1555 dos
206 1508 289 1555 testes
303 1498 443 1568 advenas,
460 1499 582 1572 alioquin
607 1514 717 1554 necesse
732 1507 776 1555 est
799 1507 831 1554 ιιι
857 1498 933 1572 quod

137 1602 232 1649 contra
245 1594 316 1667 leges
329 1602 422 1651 actum
437 1602 477 1650 est
491 1593 648 1650 traintem
662 1611 718 1650 uon
737 1593 844 1653 babeat.
862 1617 875 1644 ι

172 1690 354 1745 Demonstrat
363 1689 447 1745 etiam
462 1686 621 1745 Bonifacius
633 1703 701 1761 papa
719 1691 806 1760 (epist.
822 1692 848 1756 2)
866 1688 934 1746 scri·

989 465 1108 532 discidit,
1125 456 1188 538 quia
1200 465 1282 534 hunc,
1298 466 1420 538 iuquam,
1435 465 1487 521 nisi
1498 463 1640 521 canonice
1650 472 1786 531 vocatum,

988 560 1039 616 nisi
1052 560 1213 633 regulariter
1226 568 1422 631 exspectatum,
1438 558 1698 639 damnarenoluit.
1715 557 1788 614 Unde

986 662 1013 710 et
1027 655 1083 726 ipss
1096 653 1130 709 ad
1152 655 1319 710 llfartianum
1343 656 1402 724 (tto.
1419 669 1454 720 rr,
1470 655 1547 724 epist.
1575 657 1623 721 at)
1646 655 1684 723 :ie
1702 652 1789 709 Nullus

988 748 1046 804 siue
1066 748 1225 821 cognitione
1247 746 1418 804 damnandus
1440 756 1491 805 est.
1509 770 1522 796 ι

1024 842 1098 898 Alter
1119 840 1253 915 judiciarii
1268 840 1375 897 ordinis
1395 839 1496 896 modus
1519 848 1576 909 est,
1603 855 1692 914 quem
1719 847 1747 897 et
1764 851 1790 897 ιιι

987 934 1107 1003 dixeras,
1120 951 1182 991 cum
1207 935 1312 991 crimen
1331 950 1387 991 nou
1409 943 1533 1007 negatur,
1551 950 1622 990 cum
1633 935 1697 1007 jam
1721 935 1789 1006 qtrts'

988 1037 1063 1085 extra
1077 1034 1184 1101 portam
1207 1029 1335 1093 civitatis,
1360 1028 1509 1084 sceleribus
1532 1027 1705 1097 [scelerum]
1723 1042 1791 1084 esse·

987 1122 1057 1196 quiis
1072 1138 1135 1179 reus
1147 1121 1270 1178 effertur.
1289 1123 1372 1177 Hrtuc
1391 1121 1517 1187 modum,
1530 1120 1590 1175 nisi
1614 1129 1664 1176 tua
1687 1121 1790 1191 scipto-

986 1214 1102 1272 sidentia
1124 1215 1202 1271 aliter
1230 1214 1402 1288 judicaverit,
1429 1214 1456 1270 in
1481 1213 1557 1272 duos
1581 1213 1677 1270 adbuc
1701 1213 1789 1270 modos

986 1307 1788 1382 subdividimusetmodumutrumqueinsynodumltttttet

986 1403 1077 1459 vocari
1087 1412 1156 1460 etex
1163 1401 1450 1476 judiciodetermiuari
1460 1403 1684 1458 volumus.Una
1695 1402 1789 1458 scilicet

986 1494 1271 1568 nranifestljudiciarii
1286 1495 1389 1551 ordinis
1399 1495 1500 1567 speeies
1513 1504 1571 1561 est,
1590 1511 1659 1551 cum
1674 1510 1788 1552 reususc

986 1606 1025 1658 se,
1037 1606 1087 1647 nec
1101 1589 1264 1660 admissum,
1280 1588 1355 1661 quod
1375 1589 1513 1662 objicitur,
1544 1588 1690 1655 defendit,
1706 1589 1787 1657 idest,

987 1699 1049 1739 cum
1064 1683 1164 1740 fatetur
1177 1691 1205 1739 et
1215 1699 1245 1739 se
1260 1682 1357 1740 fecisse
1365 1691 1392 1739 ct
1403 1681 1534 1739 faciendo
1549 1699 1696 1756 peccasse.
1709 1685 1738 1739 ln
1747 1682 1789 1739 bae

138 1781 206 1837 bens
230 1782 265 1838 ad
288 1791 393 1854 septem
412 1783 568 1855 provincias
581 1780 616 1838 de
631 1783 764 1850 blaximo,
785 1783 830 1855 qui
844 1784 932 1840 multo
950 1741 1082 1848 Bcausa
1102 1777 1304 1835 accusatoribus
1319 1778 1356 1833 nil
1371 1775 1552 1846 facientibus,
1565 1794 1636 1833 reus
1646 1776 1788 1834 tanmurad

137 1876 252 1933 crimine
268 1874 417 1933 infamatus
440 1875 713 1949 prasentarijudicio
732 1877 829 1945 noluit,
849 1893 933 1951 regu-

136 1969 231 2027 lariter
242 1979 364 2028 vocatus.
380 1994 393 2022 a
409 1971 517 2039 Nullus,
530 1970 668 2044 inquiens,
686 1969 794 2027 dubitat
807 1970 881 2043 quod
896 1972 932 2028 ita

134 2063 268 2137 judicium
296 2080 401 2121 nocens
431 2062 611 2136 subterfugit,
639 2062 875 2134 quemadmodum
902 2072 933 2121 ut

137 2156 293 2213 absolvatur
317 2157 364 2228 qui
386 2166 427 2213 est
448 2157 579 2213 innocens
594 2157 705 2229 quaerit;
723 2155 771 2212 sed
785 2165 875 2214 astuta
888 2173 932 2215 oa·

135 2249 239 2305 villatis
253 2265 349 2306 comm
365 2251 413 2322 qni
439 2251 557 2306 versutis
576 2249 712 2323 agendum
735 2248 852 2306 creduut
873 2266 932 2309 esse

137 2342 260 2398 consiliis
276 2358 420 2416 nunquam
434 2344 597 2400 innocentiae
606 2358 709 2399 nomeu
722 2344 843 2417 accipiet.
858 2345 931 2401 Cou-

136 2435 229 2491 dtetur
242 2435 315 2502 enim
330 2435 364 2493 de
384 2435 523 2503 omnibus,
540 2436 664 2510 quisquis
690 2452 720 2493 sc
741 2437 932 2511 subterfugere

132 2528 268 2602 judicium
289 2528 466 2587 dilationibus
480 2538 567 2603 putat.
584 2549 599 2583 a
616 2531 650 2586 ltt
667 2529 833 2603 quibusdam
847 2531 929 2588 iuter·

135 2606 232 2695 positis
248 2642 254 2679 :
272 2646 283 2672 ι
302 2623 489 2689 Decrevimus,
502 2623 603 2696 inquit,
614 2632 736 2680 restrum
751 2623 848 2681 debere
861 2625 930 2684 iutra

135 2714 305 2788 provinciam
321 2732 379 2773 esse
394 2715 544 2789 judicium,
563 2726 591 2773 et
605 2718 766 2792 congregari
780 2719 929 2792 synodum,

134 2818 198 2866 ante
218 2809 291 2866 diem
305 2809 492 2867 Kalendarum
505 2811 714 2879 Novembrium,
727 2820 773 2880 ut,
794 2812 818 2868 si
837 2811 931 2870 adesse

136 2904 261 2972 voluerit,
283 2919 415 2977 praessns,
437 2905 461 2960 si
483 2904 607 2976 conlidit,
629 2905 664 2962 ad
685 2905 792 2979 objecta
817 2923 931 2980 respon·

983 1873 1120 1947 judicium
1133 1882 1265 1956 ,cocetum
1284 1888 1415 1945 passurus
1429 1872 1504 1944 quod
1519 1871 1661 1929 confesso
1683 1874 1720 1929 rel
1730 1888 1787 1929 eon·

987 1968 1060 2024 victo
1079 1967 1283 2024 medicinaliter
1302 1966 1485 2037 praescribunt
1499 1982 1576 2038 pene
1599 1967 1711 2042 singula
1733 1965 1788 2024 folia

985 2076 1133 2118 munuum.
1145 2061 1303 2117 Secundum
1312 2059 1513 2118 buncmodum
1524 2061 1646 2117 videtur
1655 2061 1788 2134 Apostolus

986 2155 1085 2213 dixisse
1095 2153 1129 2211 ad
1139 2153 1298 2211 Corinthios
1312 2173 1319 2208 :
1331 2177 1343 2202 ι
1355 2157 1413 2226 Ego
1426 2154 1543 2225 quidem
1556 2155 1664 2211 absens
1676 2170 1788 2228 corpore,

985 2265 1108 2323 presens
1135 2257 1230 2305 autem
1248 2247 1357 2320 spiritu,
1376 2249 1434 2320 jam
1453 2246 1643 2321 judicarint
1669 2263 1787 2321 present.

986 2358 1051 2400 eum
1065 2344 1114 2417 qui
1139 2342 1178 2399 sic
1190 2351 1317 2415 operatus
1330 2350 1382 2411 est,
1399 2343 1428 2397 in
1442 2342 1566 2398 nomine
1582 2343 1705 2400 Domini
1715 2343 1787 2400 nostri

984 2439 1049 2493 Jesn
1063 2436 1174 2505 Christi,
1187 2436 1361 2510 congregatis
1375 2436 1461 2503 robis,
1477 2444 1504 2492 et
1520 2451 1590 2492 meo
1611 2437 1725 2509 spiritu,
1736 2451 1786 2493 earu

984 2531 1085 2587 virtute
1095 2531 1207 2609 Domini
1222 2531 1309 2586 nostri
1321 2532 1385 2586 Jesu
1395 2528 1497 2586 Cbristi
1509 2529 1632 2587 tradere
1643 2528 1785 2604 taujumod

984 2626 1092 2682 Satanae
1106 2625 1135 2680 in
1158 2623 1300 2681 interitum
1315 2624 1406 2680 earnis
1420 2626 1446 2691 (l
1458 2624 1520 2681 Gor.
1540 2629 1586 2690 v).
1602 2646 1618 2674 ι

1019 2721 1102 2786 Nota,
1116 2717 1192 2791 quod
1214 2716 1305 2775 dixit:
1324 2741 1336 2766 ι
1352 2715 1534 2791 congregatis
1548 2717 1634 2776 vobis
1645 2717 1782 2774 innomine

984 2812 1059 2879 Jesu,
1077 2835 1090 2860 ι»
1103 2811 1181 2884 quasi
1195 2810 1313 2868 diceret:
1325 2811 1445 2868 collecto
1456 2811 1567 2868 asebis
1580 2813 1715 2881 concilio,
1724 2810 1782 2868 freto

985 2905 1090 2961 avobis
1104 2913 1244 2963 conventu
1271 2905 1430 2961 innomine
1452 2905 1583 2974 Domini,
1611 2906 1697 2963 idest
1713 2919 1781 2962 esne

133 2997 208 3055 deat.
225 2999 255 3055 Si
265 3014 331 3054 sero
346 2997 440 3055 adesse
454 2998 611 3071 neglexerit,
622 2998 779 3056 dilationem
789 3003 933 3058 sententiae
985 2998 1059 3066 uico,
1076 2997 1114 3055 ibi
1137 3014 1183 3056 me
1203 2997 1382 3070 spiritualiter
1395 2997 1541 3055 vobiscum
1558 2994 1708 3072 praesente,
1731 3010 1780 3055 rsus

134 3090 169 3148 de
183 3092 307 3148 absentia
321 3108 379 3149 non
390 3092 518 3149 lucretru.
532 3095 604 3149 Nam
620 3092 798 3150 manifestum
812 3103 853 3150 est
866 3111 931 3151 con·
983 3089 1132 3165 judicetur,
1144 3092 1183 3147 ibi
1203 3108 1218 3147 a
1234 3090 1376 3147 consortio
1392 3091 1530 3149 Ecclesiae
1544 3092 1716 3161 eliminetur;
1728 3100 1781 3148 tuuc

134 3184 205 3240 flteri
218 3201 283 3242 eum
297 3184 331 3242 de
345 3185 471 3254 crimine,
486 3184 533 3259 qui
543 3184 651 3243 indulto
664 3195 691 3242 et
705 3188 787 3243 toties
807 3185 932 3262 delegato
987 3184 1132 3242 manifeste
1145 3185 1169 3242 ei
1184 3194 1356 3242 monstretur
1369 3186 1430 3258 quia
1443 3185 1589 3258 peccando
1612 3186 1671 3258 ejus
1682 3202 1713 3242 se
1720 3185 1780 3259 jugo

130 3277 235 3352 judicio
244 3278 377 3353 purgandi
394 3295 422 3335 se
437 3280 579 3337 occasione
593 3296 649 3336 nou
662 3279 760 3338 utitur.
769 3279 841 3337 Nihil
856 3282 932 3338 enim
985 3278 1150 3352 subjugavit,
1165 3277 1225 3352 ejus
1241 3279 1315 3344 dico,
1328 3279 1375 3351 qui
1387 3278 1483 3352 jugum
1500 3280 1618 3338 Domini
1632 3278 1734 3352 abjecit
1747 3280 1780 3334 ttt

137 3372 250 3429 interest
260 3380 353 3429 uuum
364 3373 393 3429 in
401 3374 527 3445 praesenti
540 3373 665 3431 examine
676 3373 771 3432 omnia
785 3391 848 3447 quae
860 3373 932 3432 dicta
985 3371 1039 3428 boc
1050 3388 1106 3429 uon
1116 3373 1230 3443 privata
1240 3381 1365 3445 respectu
1375 3372 1495 3444 injuriae,
1508 3390 1567 3430 non
1576 3371 1630 3430 alia
1640 3370 1779 3430 intentione

135 3475 200 3524 suut
217 3466 440 3546 comprobentur,
466 3483 531 3524 cum
544 3468 604 3541 ipsa
621 3483 730 3541 quoque
760 3484 811 3540 pro
825 3469 933 3526 confes·
985 3465 1040 3522 uisi
1057 3474 1088 3522 ut
1106 3465 1136 3521 in
1151 3482 1183 3522 eo
1196 3466 1313 3522 intereat
1324 3466 1352 3522 iu
1364 3474 1485 3522 mortem
1499 3482 1621 3539 vergens
1630 3466 1777 3533 carnalitas

135 3559 214 3616 sione
229 3568 372 3632 procurata
387 3561 470 3618 toties
484 3569 593 3618 constet
610 3560 744 3618 absentia.
766 3564 823 3618 Nos
837 3570 932 3620 autem
985 3559 1129 3631 resipiscat
1146 3567 1248 3616 aterna
1273 3575 1398 3631 qrraerens
1413 3559 1617 3631 spiritualitas;
1645 3575 1721 3618 carne
1733 3558 1777 3616 sci·

135 3667 184 3725 per
197 3669 292 3709 omnes
309 3653 462 3725 provincias
476 3654 578 3711 litteras
592 3652 752 3727 dirigemus,
772 3672 808 3712 ne
818 3672 932 3713 excusa·
986 3652 1051 3710 licet
1065 3653 1194 3722 intereat,
1214 3660 1245 3709 ut
1259 3653 1356 3724 spiritu
1373 3653 1508 3710 salvetur.
1525 3657 1600 3710 ltem
1614 3656 1696 3727 paulo
1709 3666 1778 3726 mpe-

136 3746 242 3802 tionem
249 3746 300 3801 sibi
310 3747 488 3818 ignorationis
498 3747 639 3814 obtendat,
654 3757 685 3804 ut
699 3748 734 3804 ad
756 3750 931 3807 Provinciam
985 3748 1044 3803 rius
1058 3765 1064 3803 :
1077 3769 1090 3795 α
1103 3755 1136 3802 ιιι
1156 3747 1268 3802 tollatur
1280 3745 1313 3802 do
1329 3747 1419 3803 medio
1441 3754 1580 3818 uestrum,
1598 3749 1648 3821 qui
1660 3748 1778 3821 hocopus

56 3859 63 3873 ·
136 3838 230 3895 venire
260 3845 383 3910 cogatur,
403 3848 431 3895 et
457 3838 511 3896 illic
532 3856 562 3896 se
585 3841 736 3898 constituto
766 3851 933 3914 praesentare
986 3838 1160 3912 iecitllbidb.
1174 3840 1776 3912 ·andexponensintroducantur-tl,

137 3930 248 4004 judicio.
263 3953 276 3979 ν
986 3932 1053 3990 dicit
1069 3956 1074 3991 :
1088 3957 1101 3984 ι
1113 3934 1228 4007 Cognito
1238 3949 1320 4006 opere
1330 3935 1391 4002 isto,
1404 3935 1565 4008 pellendum
1575 3937 1658 3995 illum
1670 3938 1775 4011 (pecat-

172 4024 263 4081 Simili
283 4026 456 4081 exsecutione
477 4027 583 4082 vocavit
597 4034 624 4083 et
636 4029 804 4100 exspectavit
815 4032 848 4086 tt.
865 4032 935 4088 Gre-
985 4031 1052 4098 tem)
1075 4025 1159 4085 fuisse
1183 4027 1217 4083 de
1231 4036 1306 4085 coetu
1329 4027 1512 4085 fraternitatis.
1530 4031 1646 4089 Omnes
1661 4031 1725 4088 euim
1733 4028 1775 4084 cri·

135 4119 229 4192 gorius
242 4119 394 4176 Maximum
406 4119 598 4176 salonitanum
607 4121 777 4194 episcopum,
791 4122 933 4181 evidenter
986 4137 1049 4177 men
1065 4121 1124 4195 ejus
1138 4121 1272 4189 sciebant,
1288 4129 1317 4178 et
1327 4138 1384 4177 non
1406 4122 1577 4195 arguebant.
1596 4124 1702 4181 Publice
1710 4120 1770 4176 enirn

136 4213 521 4293 reumet‘coutumacemptb.
534 4230 564 4281 v,
582 4217 661 4287 epist.
684 4214 813 4284 3)dioens
824 4240 830 4274 :
843 4221 934 4276 «flor.
987 4229 1135 4271 novercam
1148 4230 1226 4271 suam
1241 4214 1300 4271 loco
1321 4216 1415 4271 uxoris
1441 4214 1572 4273 babebat.
1593 4222 1629 4274 ln
1642 4230 1722 4291 quare,
1733 4228 1772 4268 nc·

136 4314 230 4362 tamur
243 4316 275 4363 ut
284 4307 319 4364 ad
334 4323 384 4363 nos
401 4309 492 4364 venire
506 4309 582 4365 ouini
594 4311 747 4382 postposita
759 4313 933 4370 excusatione
986 4325 1039 4382 quc
1058 4308 1173 4365 testibus
1185 4325 1254 4382 opus
1270 4316 1341 4378 erat,
1353 4324 1441 4381 neque
1455 4311 1689 4382 tergiversatione
1699 4308 1776 4380 aliqua

135 4397 255 4469 festines,
270 4409 416 4475 quatenus,
432 4410 538 4458 servata
548 4402 668 4475 justitia,
689 4402 747 4460 baec
767 4404 809 4477 (de
835 4406 935 4481 quibus
989 4402 1156 4476 poterattegi
1173 4384 1288 4459 eiimen·
1306 4427 1319 4452 ν

135 4495 281 4563 accusaris)
299 4502 326 4551 et
338 4510 503 4568 cognoscere
518 4504 547 4552 et
564 4496 652 4563 linire,
672 4498 827 4555 secuudum
847 4517 970 4587 cauo-1)
1021 4495 1114 4552 Altera
1146 4497 1284 4553 manifesti
1305 4495 1441 4571 judiciarii
1466 4496 1577 4554 ordinis
1613 4498 1715 4573 species
1732 4500 1777 4557 tii·

134 4585 196 4641 nica
216 4587 348 4654 instituta,
364 4589 474 4645 Cbristo
488 4589 634 4657 revelante,
650 4591 800 4663 possimus.
824 4596 863 4649 lta
878 4610 929 4651 au·
984 4605 1048 4646 cum
1068 4593 1223 4663 purgatorie
1245 4592 1351 4648 crimen
1370 4590 1539 4660 conceditur,
1565 4592 1621 4650 sed
1646 4591 1724 4664 culpa
1743 4602 1780 4644 rs·

134 4685 191 4733 tem
206 4678 250 4735 fac
261 4689 293 4737 ut
315 4682 351 4738 ad
366 4683 530 4738 veniendum
544 4682 662 4755 amplius
677 4684 734 4758 jam
755 4701 848 4742 moras
875 4704 931 4743 uon

135 4772 254 4844 ingeras,
265 4789 300 4829 ne
311 4775 368 4846 ipsa
383 4783 408 4831 te
420 4776 507 4847 magis
517 4776 637 4832 absentia
649 4778 802 4836 obnoxium
815 4781 858 4836 bis
870 4796 931 4852 quae

133 4864 265 4922 dicuntur
277 4866 411 4941 assignet,
432 4876 459 4924 et
478 4885 528 4927 uos
540 4870 571 4926 iu
584 4879 612 4927 te
627 4870 687 4928 baec
702 4888 757 4941 res,
774 4890 829 4931 non
841 4875 931 4931 solum

134 4968 246 5031 propter
259 4960 331 5016 dicta
346 4960 472 5032 crimina,
487 4977 549 5034 quae
562 4981 679 5039 purgare
693 4966 869 5041 subterfugis,
883 4968 931 5026 scd

134 5053 221 5110 etiam
235 5062 348 5127 propter
365 5053 558 5114 inobedientiae
572 5059 679 5130 culpam
706 5038 802 5117 durius
818 5062 930 5132 scilicet,

133 5154 165 5203 ut
176 5147 204 5203 iu
216 5159 409 5205 contumacem
418 5159 498 5223 cogat
508 5167 539 5206 ex
548 5153 666 5209 concilio
676 5151 746 5210 ferre
752 5153 903 5228 judicium.
917 5179 930 5204 ι

168 5242 263 5311 Vides,
279 5242 406 5313 domiue,
429 5243 493 5315 quia
519 5247 551 5301 B.
596 5247 747 5318 Gregorius
779 5248 931 5306 Maximum

133 5335 338 5406 Salonitanum,
367 5347 396 5394 et
437 5347 681 5411 praesumptorem,
723 5350 751 5398 et
786 5353 931 5399 contuma-

132 5443 204 5497 cem,
219 5433 264 5503 qui
275 5432 399 5489 ordinem
414 5431 510 5489 illicite
530 5434 661 5507 suscepit,
677 5436 726 5508 qui
740 5435 843 5494 litteras
853 5453 931 5511 papae

74 5656 80 5663 ι
172 5590 263 5671 globo)
280 5589 348 5646 Haec
366 5599 395 5647 et
412 5602 558 5665 sequentes
578 5594 784 5653 notatiuncula
807 5596 841 5652 ad
862 5596 931 5654 bane

78 5672 81 5677 ·
136 5663 280 5732 epistolam
304 5669 384 5718 eraut
408 5664 437 5719 in
456 5667 577 5737 margine
607 5667 785 5738 manuscripti
814 5669 931 5736 Codicis,

138 5739 252 5790 cautelae
272 5733 359 5804 gratia
372 5733 426 5789 sive
445 5738 479 5790 ab
499 5737 558 5819 ipso
575 5737 723 5793 Adalberto
743 5749 771 5795 et
784 5740 930 5811 Beroaldo,

137 5803 194 5859 sire
207 5807 241 5860 ab
263 5806 316 5860 alio
336 5804 466 5878 quopiam
479 5808 601 5880 adjectae.
616 5810 669 5865 Hie
681 5811 835 5866 masalma
855 5826 932 5869 voea-

985 4689 1129 4751 movetur3
1151 4683 1180 4740 id
1189 4693 1242 4752 est,
1255 4701 1319 4740 carm
1331 4681 1412 4757 [quis]
1424 4682 1525 4739 fatetur
1536 4700 1568 4740 so
1578 4686 1655 4758 quod
1666 4682 1780 4759 objicitur

984 4776 1088 4844 fecisse,
1099 4776 1218 4833 aldrmat
1234 4786 1326 4833 autem
1340 4793 1369 4833 se
1385 4779 1503 4845 [centra]
1518 4778 1615 4852 legem
1630 4774 1780 4836 eeclesiasti-

985 4886 1045 4926 cam
1061 4871 1176 4927 minime
1188 4871 1216 4926 iu
1232 4871 1284 4928 boc
1296 4869 1367 4927 facto
1379 4870 1562 4928 exorbitasse.
1578 4873 1654 4930 Huic
1665 4878 1779 4930 aecustlt

985 4980 1151 5037 magnopere
1165 4964 1316 5022 suademus
1338 4963 1547 5021 concedendam
1574 4968 1726 5043 synodum,
1738 4963 1779 5022 sti·

986 5059 1049 5114 licet
1072 5069 1103 5116 ut
1117 5068 1165 5115 aut
1178 5060 1365 5127 convincatur,
1381 5067 1429 5114 aut
1445 5058 1594 5130 probando
1608 5077 1673 5118 suas
1700 5067 1779 5134 porto

986 5151 1152 5209 absolvatur.
1172 5154 1232 5208 lloc
1257 5151 1340 5207 modo
1367 5168 1461 5208 secum
1474 5151 1518 5225 agi
1548 5152 1655 5212 debere
1672 5156 1779 5213 damae

985 5264 1057 5303 nunc
1074 5248 1218 5319 proscripti
1234 5247 1267 5303 ab
1283 5248 1436 5317 apostolico
1456 5248 1585 5318 praesule.
1606 5252 1699 5324 Hujus
1715 5246 1777 5322 judi·

985 5340 1063 5396 ciarii
1080 5340 1186 5396 ordinis
1209 5339 1327 5396 formam
1341 5340 1445 5398 dabant
1457 5341 1540 5399 uobis
1556 5344 1655 5416 plures
1678 5350 1779 5418 propte

981 5432 1097 5506 justitiet
1121 5431 1310 5490 defensionem
1334 5434 1463 5503 accusati,
1489 5435 1588 5508 plures
1617 5436 1779 5514 tyrannide!

984 5595 1074 5651 bulum
1084 5606 1203 5653 sarrana
1217 5611 1270 5651 aon
1282 5597 1427 5662 adiectum,
1443 5611 1491 5653 aec
1504 5597 1588 5656 aliud
1600 5596 1779 5657 aemuli

985 5668 1202 5736 &sipontinam
1217 5684 1253 5723 ae
1264 5683 1294 5723 eo
1310 5668 1412 5736 adiecto
1426 5667 1778 5744 aposuteoeudtprojsil·

985 5745 1093 5795 caretas·
1106 5756 1116 5793 .·
1131 5755 1212 5809 quam
1227 5745 1295 5795 corte
1307 5741 1479 5795 coutumacia
1494 5742 1776 5811 spaodtcmooeatte

984 5825 1112 5866 nemaeo
1125 5810 1426 5882 oopoturproeteadere.
1780 5824 1784 5830 ·
