3884 6158
643 271 742 327 LIBER
762 269 925 327 OCTAVUS.
947 299 978 309 -
1000 270 1105 326 sulse.
1125 269 1171 324 IX.

1681 274 1733 330 tet

82 396 339 470 matiscondignam
347 393 878 470 punitentiamagere,etrectamlldem,
892 395 922 460 Α
970 397 1029 466 qus
1040 394 1185 464 conlapsos,
1199 397 1230 449 ut
1248 397 1306 448 lom
1319 395 1421 463 insigni
1431 399 1546 464 patrono
1557 399 1734 457 crementium

82 491 154 548 sicut
164 489 245 548 decet
256 489 436 559 (1100000000,
447 490 520 547 circa
532 489 592 547 illos
607 504 727 557 serrare,
743 489 771 546 in
791 489 881 545 omni·

80 585 131 642 bus
144 584 253 642 actibus
265 584 324 642 suis
334 585 466 641 timorem
477 584 530 640 Dei
545 592 573 641 et
585 599 711 640 amorem
721 598 779 656 prae
794 583 881 639 oculis
902 586 908 597 ‘

34 696 38 704 ·
80 677 194 748 babere,
214 686 242 736 et
263 676 393 735 inbonis
418 678 549 750 operibus
571 692 761 751 perseverare;
787 676 880 748 sicque

79 771 141 828 illos
156 771 217 829 lulti
230 772 512 841 nostraauctoritate,
527 772 583 829 imo
593 771 667 829 beati
676 770 750 828 Petri
760 777 882 844 potesta·

78 873 116 935 tc,
130 864 278 939 apeecatis
290 864 433 923 absolvite.

112 962 188 1017 Data
202 967 299 1018 octavo
312 958 450 1017 Kalendas
460 960 589 1033 Augusti.

347 1071 528 1127 EPISTOLA
550 1072 610 1128 vu.

286 1187 329 1229 an
347 1186 517 1230 nmrsnsos
537 1186 677 1229 rrnssss.

378 1278 471 1344 (Anno
495 1277 584 1342 1080.)

78 1376 230 1435 laites-um
234 1378 393 1451 principum
399 1380 538 1434 crumilum
546 1380 709 1449 promissum
718 1378 773 1433 sibi
782 1382 882 1449 prosto

111 1463 168 1505 esse
180 1451 350 1520 siqnipcous,
366 1465 393 1504 se
407 1453 562 1507 1100000000
572 1456 682 1504 armato
693 1466 776 1504 mauu
789 1455 882 1505 centu·

113 1522 244 1605 rumolt,
266 1526 297 1576 ut
316 1536 375 1576 eam
389 1523 528 1577 ecclesiam
541 1522 575 1576 de
589 1521 718 1576 manibus
734 1524 882 1592 impiorum

112 1597 230 1718 0100
240 1592 881 1731 tttllwtttlttltutlthlsltt

115 1738 166 1789 ctoe
189 1735 315 1792 00010000
333 1750 426 1805 pacem
437 1736 531 1791 diviua
543 1735 682 1791 01000000
693 1736 883 1791 stabilimdom

116 1807 179 1873 rore
189 1812 308 1879 spereat.

114 1908 297 1966 Gnseonrus
310 1909 468 1981 episcopus,
484 1924 579 1966 servus
589 1923 735 1966 servorum
748 1909 809 1978 Dei,
824 1907 880 1965 fra·

83 2000 175 2058 tribus
186 2009 213 2058 et
226 2001 393 2075 coepiscopis
406 2002 590 2060 Christianam
604 2002 763 2076 religionem
782 2001 879 2059 delen·

80 2094 224 2162 dentibus,
257 2097 417 2168 caeterisque
442 2095 573 2153 clericalis
594 2111 627 2152 ac
648 2096 749 2152 laicalis
777 2095 881 2153 ordinis

79 2187 175 2246 Sancu
197 2188 270 2252 Petri
284 2188 419 2256 fidelibus,
436 2189 594 2246 salutemet
608 2188 786 2262 apostolicam
799 2188 880 2247 beno·

79 2281 241 2341 00000000.

114 2379 224 2434 Notum
235 2376 274 2434 sit
288 2375 425 2449 dilectioni
438 2386 609 2445 resuaenos,
621 2384 681 2434 tam
689 2394 738 2451 per
750 2376 881 2449 nosipsos

78 2484 164 2542 qnam
177 2478 209 2526 et
226 2486 274 2543 per
288 2471 391 2543 legatos
408 2480 529 2538 nostros,
554 2488 617 2528 cum
631 2472 700 2530 duce
711 2473 789 2541 lit...
813 2469 881 2544 [Ro-

80 2560 183 2638 berto],
204 2571 232 2620 et
257 2564 377 2622 iordane
392 2565 553 2638 caetcrisque
574 2565 774 2637 potentioribus
797 2567 882 2621 Nort-

78 2672 250 2713 mannorum
264 2657 431 2730 principibus
446 2656 530 2715 luisse
553 2658 670 2725 locutos,
685 2659 732 2729 qui
758 2655 882 2730 profecto

79 2749 254 2808 unanimiter
272 2752 439 2823 promittunt
452 2768 483 2808 se
501 2752 584 2824 (sicut
596 2751 680 2825 jurati
697 2752 770 2819 sunt)
784 2750 819 2807 ed
832 2750 881 2807 de·

79 2842 347 2902 fursionemsnnctae
358 2848 492 2902 Romanae
503 2845 630 2902 Ecclesiae
642 2844 784 2916 nostrique
793 2843 882 2901 hono·

79 2937 121 2995 ris
145 2945 244 2995 contra
270 2952 369 2994 omnes
393 2937 524 2995 mortales
537 2938 671 2996 auxilium
694 2938 880 3010 impensuros.

80 3030 207 3105 idipsum
221 3046 331 3105 quoquo
345 3032 439 3099 nobis,
452 3031 537 3104 etqui
546 3032 617 3089 circa
637 3031 745 3089 Urbem
757 3031 836 3104 longe
847 3031 883 3087 la·

80 3133 166 3199 teque
179 3132 257 3198 sunt,
272 3133 300 3182 et
314 3125 344 3181 in
357 3127 455 3182 ‘ttrscia
469 3126 630 3199 caeterisque
643 3126 800 3199 regionibus
810 3125 882 3198 prin·

81 3220 157 3292 cipes
171 3219 291 3276 drmiter
301 3219 473 3292 pollicentur.
489 3217 571 3276 Unde
585 3227 648 3292 post
664 3218 802 3276 Kalendas
815 3220 886 3290 Sep-

81 3313 209 3381 tembris,
222 3319 369 3386 postquam
392 3321 503 3386 tempus
526 3313 668 3387 frigescere
690 3313 813 3386 coeperit,
837 3329 883 3370 cu·

81 3407 192 3480 pientes
212 3415 337 3464 muctam
351 3411 540 3464 Ravennatem
561 3408 597 3478 (S.
612 3411 661 3477 R.)
688 3408 834 3465 ecclesiam
848 3407 884 3466 de

80 3501 213 3558 manibus
227 3501 319 3576 impis
342 3500 458 3573 eripere,
487 3509 516 3558 et
540 3501 612 3557 Patri
631 3517 682 3558 suo
706 3500 788 3558 beato
802 3504 884 3559 Petro

80 3592 237 3661 restituere,
249 3601 342 3666 partos
352 3593 412 3650 illas
421 3602 525 3650 armata
536 3594 712 3660 manu(sicut
720 3592 755 3650 de
765 3595 885 3650 Domino

82 3692 239 3759 speramus)
253 3693 391 3759 potemus,
405 3703 438 3743 no
451 3702 499 3760 per
514 3686 599 3758 ipsius
609 3687 744 3743 auxilium
761 3701 885 3743 noscam

80 3779 252 3837 liberaturos
271 3779 344 3837 baud
365 3780 448 3837 dubie
471 3781 620 3838 credimus.
640 3783 813 3854 Quapropter
833 3796 885 3839 nos

82 3873 227 3930 mmm
238 3886 398 3946 'mmmm'
413 3889 565 3948 ‘mumque
578 3891 698 3948 ΨΜ
712 3891 808 3933 mmm
822 3874 885 3932 bea·
939 3926 1046 3981 riosum
1059 3923 1160 3981 ducem
1183 3926 1256 3990 ll..‚.
1271 3922 1412 3994 ipsiusque
1423 3921 1626 3978 nobilissimam
1639 3923 1739 3995 conju.
1836 3974 1839 3979 .

81 3974 148 4023 tum
156 3968 320 4036 Petrum,se
333 3975 491 4037 erexemnt,
506 3967 724 4025 machinationes
736 3984 785 4041 pro
799 3967 884 4025 nihilo

82 4059 229 4129 ducentes,
250 4061 378 4118 volumus
396 4070 480 4135 atque
497 4060 643 4119 hortamur
660 4077 710 4118 voe
727 4061 884 4135 superbiam

82 4160 257 4226 conatusque
272 4186 275 4193 ·
289 4153 399 4211 iliorum
423 4169 502 4228 mque
529 4154 676 4211 nobiscum
700 4162 885 4224 contemnere,
953 4206 958 4216 ,

84 4255 164 4304 tanto
175 4246 211 4305 de
224 4247 304 4304 ruina
317 4263 414 4305 eorum
431 4249 562 4306 certiores
572 4255 673 4322 quanto
685 4264 733 4305 eos
745 4247 780 4304 ad
791 4246 886 4304 altiora

84 4339 138 4397 niti
160 4341 309 4398 ascendere
327 4341 448 4398 cernitis.
472 4342 586 4399 Talibus
608 4357 728 4415 namque
747 4341 887 4413 Propheta

86 4427 243 4502 imprecans
252 4430 291 4487 ait
307 4449 313 4486 :
327 4432 462 4503 soperbia
477 4447 566 4488 eorum
578 4437 627 4503 qui
636 4437 660 4488 te
673 4433 786 4489 oderunt
795 4448 887 4488 oscen·

84 4522 243 4595 ditumper
256 4523 337 4591 (Psoi.
352 4529 584 4599 txxr1r);aperte
604 4524 746 4583 declarans
758 4526 822 4600 quia
834 4543 887 4584 au·
900 4528 927 4592 D

85 4616 141 4674 dar
154 4617 281 4691 impietas
292 4635 325 4676 eo
337 4621 426 4694 magis
438 4621 513 4678 casui
526 4622 640 4678 vicinior
653 4630 741 4678 exstat
758 4638 813 4694 quo
826 4636 884 4678 am-

86 4711 160 4785 plius
179 4728 209 4770 se
226 4714 382 4772 ascendisse
397 4716 545 4772 existimat.
564 4718 620 4772 Vos
637 4731 702 4788 ergo
725 4716 773 4789 qui
796 4717 886 4772 Deum

85 4805 204 4876 000000,
220 4816 250 4864 et
260 4807 333 4865 beati
349 4809 419 4865 Petri
433 4807 593 4866 fidelitatem
610 4809 719 4877 tenetis,
735 4809 769 4865 de
781 4808 888 4866 miseri·

85 4898 184 4958 cordia
197 4900 311 4958 Domini
319 4901 475 4960 nullatenus
484 4903 640 4960 baesitautes
646 4918 760 4976 prorsus
768 4913 886 4975 sperate,

86 5003 117 5051 et
131 4992 316 5051 nefaudorum
326 4995 561 5068 perturbationem
574 4997 671 5054 merita
681 4995 760 5054 ruina
774 4996 828 5052 cito
839 5011 887 5052 se-

86 5085 223 5158 dandam,
240 5097 268 5144 et
285 5099 387 5147 000000
410 5088 541 5147 Ecclesia
555 5106 650 5162 pacem
666 5098 695 5146 et
714 5089 888 5146 securitatem

84 5181 173 5248 (siem
183 5179 219 5237 de
236 5181 328 5239 divina
341 5183 488 5241 clementia
507 5181 677 5242 confidentes
692 5182 887 5255 promittimus]

84 5275 216 5348 proxime
231 5276 436 5334 stabiliendam.

357 5382 536 5439 EPISTOLA
555 5382 629 5439 viii.

145 5497 188 5545 ab
204 5496 379 5544 amnentur
397 5499 571 5544 serscorurs
586 5499 835 5542 sstsrnrrsrrusr.

390 5591 483 5657 (Anno
503 5594 597 5655 1080.)

83 5691 258 5753 (1000010000
276 5690 312 5748 de
331 5690 404 5748 besti
424 5693 548 5748 nautor·
569 5691 687 5762 apostoli
708 5692 825 5761 corporis
844 5692 888 5744 in-

122 5764 260 5819 ventione.
280 5764 412 5819 Hmtotrrr
423 5765 585 5837 epasoopom,
601 5769 632 5818 ot
649 5764 779 5833 reliquias
798 5761 889 5816 debito

123 5835 494 5905 muneraremur,
507 5835 657 5890 conuocat
673 5835 768 5891 doceo
780 5836 848 5891 it...
863 5836 889 5888 et

970 472 995 521 et
1009 466 1132 521 honorem
1141 465 1427 530 decantaremhe'beout,
1437 471 1462 522 et
1474 466 1530 537 ejus
1543 483 1619 538 opem
1625 483 1734 538 prorue·

967 537 1212 594 rerieoutendont.

968 639 1144 696 Grsooarus
1157 639 1574 713 episcopusservusservorum
1585 642 1735 710 Dei‚lratri
1793 674 1796 681 ·

933 731 1735 810 etcoepiscoposalernitanoAseussosalutemetaposto

933 824 1014 881 licam
1027 825 1259 883 benedictionem.

969 919 1077 976 Divinae
1096 919 1204 992 pietatis
1221 920 1355 992 respectui
1369 922 1474 992 gratias
1493 922 1617 996 ingentes
1634 920 1735 983 referi-

932 1029 1007 1082 mus,
1030 1013 1108 1086 cujus
1126 1013 1246 1087 dignatio
1279 1013 1442 1070 thesaurum
1468 1030 1602 1089 magnum
1629 1019 1735 1092 totique

933 1106 1039 1163 mundo
1051 1105 1228 1180 profuturum
1247 1107 1348 1164 nostris
1362 1108 1532 1179 temporibus
1546 1110 1736 1169 misericordi·

936 1207 979 1257 ter
998 1200 1139 1257 revelavit.
1152 1202 1216 1257 Non
1244 1200 1383 1257 immerito
1398 1208 1455 1258 tuae
1468 1217 1576 1274 quoque
1596 1203 1735 1263 dilectioni

934 1295 1113 1366 gratulamur,
1129 1310 1192 1368 quae
1204 1302 1289 1352 tantae
1303 1294 1405 1352 laeritiae
1414 1295 1525 1352 coelitus
1536 1311 1631 1352 revera
1644 1307 1734 1353 osten·
1761 1366 1763 1371 ι

933 1403 971 1444 sae
987 1388 1131 1461 participes
1143 1404 1194 1445 nos
1211 1387 1321 1445 allicere
1332 1388 1445 1445 sollicite
1461 1389 1628 1460 procuravit.
1642 1389 1735 1447 Credi·

937 1496 999 1538 mus
1023 1481 1158 1555 siquidem
1180 1489 1209 1538 et
1227 1481 1419 1539 incunctanter
1432 1483 1594 1551 asserimus,
1613 1482 1737 1540 delanti

937 1576 1061 1647 corporis
1075 1575 1242 1645 inventione,
1258 1592 1314 1632 non
1326 1576 1417 1639 solum
1435 1576 1523 1648 ipsum
1534 1577 1646 1633 beatum
1662 1581 1736 1635 Mat-

936 1669 1040 1727 thaeum
1050 1669 1217 1742 apostolum,
1229 1670 1417 1726 verumetiam
1430 1679 1546 1727 caetcros
1561 1671 1736 1745 coapostolos

936 1779 1000 1820 cum
1013 1764 1114 1819 sanctis
1133 1763 1272 1830 omnibus,
1287 1763 1408 1836 ipsisque
1422 1763 1578 1820 coelestibus
1596 1765 1736 1837 spiritibus

938 1865 965 1914 et
977 1857 1095 1930 gloriosa
1105 1856 1156 1912 Dei
1169 1855 1301 1928 genitrice
1310 1856 1408 1926 bieria,
1418 1856 1582 1914 mortalibus
1588 1858 1737 1931 congaude

935 1968 977 2022 re,
1000 1959 1083 2023 atque
1101 1950 1226 2023 ipsorum
1251 1952 1376 2007 omnium
1389 1950 1480 2008 studia
1493 1951 1567 2008 circa
1582 1951 1735 2010 humanum

935 2061 1022 2120 genus
1036 2045 1090 2101 hoe
1113 2053 1238 2117 tempore
1253 2061 1338 2119 quam
1362 2044 1424 2100 aliis
1447 2045 1535 2101 multo
1558 2047 1736 2119 propensiora

935 2141 1109 2211 multumque
1132 2154 1191 2195 esse
1213 2137 1392 2195 uberantiora
1415 2137 1449 2210 [s.
1465 2139 1684 2210 exuberantiora,
1699 2144 1738 2198 eic
1791 2135 1794 2143 '

935 2237 999 2291 etio
1013 2226 1071 2290 cod.
1087 2236 1185 2290 Mutia.
1201 2231 1222 2306 ].
1237 2233 1265 2289 Si
1281 2231 1357 2288 enim
1373 2234 1480 2290 caeteris
1493 2232 1663 2307 temporibus
1675 2251 1736 2291 san·

935 2337 1044 2386 ctorum
1056 2344 1107 2385 uos
1126 2326 1276 2401 patrocinia
1291 2327 1335 2399 pia
1352 2342 1407 2384 non
1420 2327 1562 2397 deserunt,
1584 2328 1736 2386 certissime

934 2431 1002 2480 tunc
1024 2423 1200 2494 potissimum
1215 2421 1348 2494 speranda
1360 2430 1425 2478 sunt
1438 2438 1536 2478 eorum
1550 2423 1661 2491 auxilia,
1672 2439 1737 2480 cum

936 2517 1108 2574 sanctissima
1121 2531 1218 2571 eorum
1233 2531 1351 2586 corpora
1366 2516 1447 2571 nobis
1461 2515 1540 2588 quasi
1559 2516 1679 2573 rediviva
1693 2515 1737 2573 di·

934 2614 999 2668 vino
1011 2620 1082 2668 nutu
1096 2609 1325 2679 manifestantur,
1335 2619 1363 2667 et
1376 2613 1448 2668 sicut
1462 2627 1511 2682 per
1519 2611 1646 2683 corporei
1658 2627 1737 2684 aspe-

935 2717 996 2765 ctus
1005 2710 1138 2765 intuitum
1147 2716 1280 2780 tanquam
1291 2706 1359 2763 fides
1370 2707 1505 2776 cernitur,
1521 2723 1583 2779 spes
1593 2708 1650 2779 jam
1660 2715 1737 2765 tene·

935 2810 991 2875 tur,
1005 2803 1043 2858 ita
1060 2818 1157 2859 eorum
1176 2800 1311 2857 beneficia
1324 2809 1391 2857 tuuc
1405 2817 1468 2874 erga
1480 2801 1595 2858 devotos
1611 2804 1736 2859 renovari

935 2897 1100 2970 uberiusque
1112 2894 1267 2952 redundare
1281 2894 1450 2952 credendum
1471 2903 1519 2951 est
1537 2895 1617 2954 Unde
1629 2904 1657 2951 et
1674 2896 1735 2968 jam

936 3000 1029 3049 sancta
1041 2990 1205 3047 universalis
1216 2989 1349 3057 Ecclesia,
1364 2986 1471 3044 dudum
1494 2989 1602 3060 magnis
1620 2989 1737 3045 turbini·

936 3085 988 3142 bus
999 3086 1136 3158 variisque
1144 3091 1340 3156 tempestatum
1350 3083 1477 3154 procellis
1491 3082 1622 3154 impulsa,
1632 3083 1735 3140 clamo·

901 3191 1001 3256 curm
1018 3195 1100 3236 suum
1116 3178 1263 3235 aDomino
1275 3174 1437 3232 exauditum
1448 3192 1504 3231 uon
1514 3175 1690 3243 dubitet,sed
1700 3175 1737 3233 ad

938 3273 1025 3344 quieti
1040 3273 1140 3328 littoris
1153 3272 1331 3327 securitatem
1344 3270 1449 3326 alacres
1458 3268 1578 3326 oculose
1593 3269 1680 3324 vicino
1691 3269 1735 3325 in·
1759 3298 1762 3302 ·

937 3365 1066 3434 tendens,
1090 3365 1163 3421 beati
1185 3363 1311 3421 biatthaei
1332 3362 1450 3434 apostoli
1472 3361 1634 3433 praesidium
1655 3361 1737 3434 juxta

938 3458 1141 3530 contempletur
1150 3457 1282 3531 quoniam
1293 3457 1352 3529 jam
1367 3454 1533 3512 nuucdubie
1547 3455 1602 3529 agit
1616 3456 1737 3527 inportu

937 3550 982 3607 cui
998 3565 1078 3623 suam
1093 3550 1268 3623 praesentiam
1282 3548 1404 3606 ostendit
1413 3548 1583 3620 gubernator
1596 3550 1736 3620 antiquus.

941 3646 1116 3717 Quapropter
1131 3643 1165 3699 de
1179 3644 1249 3699 tanti
1264 3640 1386 3698 thesauri
1395 3641 1563 3698 revelatione
1577 3650 1624 3697 tua
1639 3641 1738 3698 irater·
1810 3695 1817 3719 ,-

938 3739 1011 3794 nitas
1039 3738 1157 3794 exsultet
1189 3736 1219 3791 in
1249 3735 1384 3800 Domino,
1408 3735 1581 3791 beatissimas
1607 3735 1738 3807 reliquias

938 3830 1042 3889 debitae
1054 3827 1481 3902 venerationisobsequiisdignis
1490 3829 1669 3901 anrplectens,
1682 3829 1740 3900 glo·

939 4035 1002 4092 gem
1016 4017 1143 4076 hortetur
1155 4023 1183 4073 et
1197 4024 1320 4084 moneat,
1337 4023 1472 4087 quatenus
1482 4023 1542 4072 tam
1561 4016 1661 4088 insigni
1683 4032 1734 4088 pa·

938 4118 1031 4178 trono,
1045 4111 1092 4183 qui
1108 4109 1185 4166 seeis
1198 4109 1392 4166 demonstrare
1406 4107 1535 4180 dignatum
1552 4114 1604 4176 est,
1616 4123 1739 4164 reveren·

938 4213 1007 4261 tram
1021 4213 1048 4260 ct
1063 4204 1198 4260 honorem
1212 4203 1340 4260 decenter
1351 4201 1523 4272 exhibentes,
1534 4203 1607 4274 ipius
1620 4202 1738 4275 gratiam

939 4298 1112 4356 maurilium
1131 4297 1182 4354 sibi
1196 4298 1308 4370 suisque
1331 4296 1487 4369 promereri
1497 4297 1604 4354 nisibus
1617 4312 1738 4354 summes

940 4392 1094 4450 devotionis
1104 4389 1285 4448 contendant.

976 4489 1048 4543 Data
1062 4488 1172 4555 ltomae,
1190 4482 1299 4541 decimo
1319 4492 1418 4557 quarto
1441 4483 1579 4541 Kalendas
1598 4484 1737 4543 Octobris.

1214 4594 1391 4652 srlstota
1410 4597 1461 4651 tx.

1201 4711 1248 4753 sn
1268 4710 1478 4754 ursmarus.

1237 4802 1332 4864 (Auno
1352 4802 1454 4868 1080.)

941 4901 1125 4961 Calamitotem
1138 4903 1261 4959 maleae
1284 4919 1396 4960 causam
1413 4905 1527 4974 peccetis
1546 4907 1678 4971 ascribite
1692 4906 1741 4963 sed

974 4976 1115 5046 patieutis
1128 4980 1153 5030 et
1162 4991 1283 5045 speopus
1297 4991 1351 5031 esse
1361 4977 1487 5032 ostendit.
1501 4978 1638 5032 Hortatur
1647 4981 1740 5049 itaque

972 5049 1094 5117 pmmum
1107 5047 1264 5111 secerdotes,
1285 5047 1503 5102 atsubditorum
1518 5051 1633 5104 actiones
1653 5052 1737 5104 corri-

976 5124 1043 5187 gant
1052 5137 1061 5186 ς
1087 5118 1184 5173 deiude
1200 5124 1306 5174 caeteros
1323 5135 1421 5182 omnes,
1438 5124 1469 5173 ut
1488 5119 1622 5189 fidentem
1642 5123 1737 5176 00110-

976 5192 1048 5245 mioo
1060 5191 1239 5255 constituerem
1259 5196 1350 5260 sperat
1366 5195 1455 5246 tomen
1465 5193 1607 5247 nonnullos
1626 5192 1664 5246 ed
1678 5208 1737 5261 prc-

977 5264 1061 5316 mium
1073 5263 1169 5316 matris
1182 5262 1306 5316 Ecclesioe
1323 5277 1477 5319 marcersium
1490 5264 1538 5317 iri.

977 5363 1152 5420 Gusoonrus
1166 5360 1323 5434 episcopus,
1341 5378 1436 5419 sersus
1448 5377 1590 5420 serrorum
1601 5362 1664 5427 Dei,
1679 5376 1738 5418 om·

941 5456 1023 5513 nibus
1041 5456 1264 5529 archiepiscopis,
1284 5457 1429 5528 episcopis,
1455 5458 1608 5531 diversique
1632 5455 1740 5513 ordinis
1842 5444 1854 5455 ’

942 5567 974 5607 00
988 5551 1132 5622 potcstatis
1154 5551 1260 5607 clericis
1280 5559 1308 5607 et
1330 5551 1405 5608 laicis
1431 5552 1459 5606 in
1476 5552 1627 5608 Teutonico
1653 5564 1740 5620 regno

942 5645 1126 5712 morantibus,
1153 5645 1206 5700 illis
1239 5645 1374 5701 duntaxat
1401 5645 1448 5716 qui
1473 5653 1575 5702 sanctae
1603 5647 1739 5699 Romana

942 5739 1071 5795 Ecclesia
1086 5737 1203 5796 fideliter
1217 5738 1359 5809 obediunt,
1375 5738 1492 5796 salutem
1509 5748 1539 5796 et
1561 5734 1739 5811 apostolicam

943 5832 1173 5892 benedictionem.
