3870 6164
56 211 87 266 u
353 196 356 201 ’
551 212 816 272 unumunurm.
836 243 870 252 -
889 213 979 270 ιιιι
998 215 1024 270 ι.
1046 215 1217 272 saumas.
1678 232 1712 289 ιι

58 322 861 414 contemptusaquodamcalnmniatorc,terribilitervin·
876 341 903 404 Α
917 339 1115 408 celebraturus,
1136 341 1202 399 adiit
1226 342 1384 410 Abbatiam,
1405 344 1539 406 vocabulo
1567 353 1710 412 Nonantu·

59 434 168 492 dicatus
182 444 224 492 est
238 435 343 493 coeiesti
356 435 429 507 igne.
447 436 516 490 Nam
526 449 593 490 cum
607 432 860 491 essethtchidiaco-

59 546 113 586 nus
140 529 323 586 antecessoris
336 528 378 584 sni
395 526 556 594 Alexandri3
577 542 677 600 pauper
692 526 870 599 quidamin·'

62 623 232 680 tolerabilem
252 623 393 679 sustinens
417 620 469 678 sibi
494 620 656 678 hereditatis
670 621 768 677 ablalae
786 621 859 692 inju-

60 718 141 785 riam,
162 717 196 773 ab
210 716 381 789 iniquissimo
399 724 428 772 et
452 715 609 772 metuendas
629 714 760 787 potentiae
784 714 856 784 viro,

60 811 179 868 ilebilem
189 809 392 882 querimoniam
403 808 503 866 detulit
513 808 639 865 Pontifici
653 812 791 865 Romano.
805 810 858 864 Ve-

59 921 122 962 rum
147 905 214 973 hio,
237 920 301 962 cum
321 912 466 977 propterea
481 902 533 959 eibi
554 918 663 975 quoqne
677 902 811 958 damnum
825 902 859 957 ab

59 999 153 1055 inimo
176 997 336 1055 irreverenti
348 1006 376 1054 et
391 995 522 1054 infrunito
532 995 708 1054 subeundum
724 993 858 1051 formida-

59 1103 109 1159 ret,
127 1102 154 1148 ct
163 1092 237 1165 justa
259 1091 395 1148 sententia
413 1090 631 1147 misericordiam
646 1090 789 1145 sublevare
803 1098 856 1145 tre·

60 1185 180 1259 pidaret3
197 1186 289 1258 justus
312 1182 522 1253 hiltebrandus,
546 1183 622 1257 quasi
643 1184 686 1239 leo
707 1181 858 1251 conlidens,

60 1296 123 1336 cum
148 1280 268 1351 primum
296 1278 459 1336 Pontificem
480 1276 515 1334 ad
528 1274 698 1333 exerendum
725 1276 858 1333 ultionem

60 1374 178 1429 exclmre
204 1381 232 1428 et
255 1372 413 1429 confortare
438 1379 580 1438 tentasset,
603 1370 652 1427 sed
681 1385 744 1427 eum
770 1386 785 1426 a
810 1386 858 1442 pu·

58 1467 247 1522 sillanlnritate
286 1465 401 1538 spiritus
431 1480 607 1536 nequaquam
647 1463 762 1520 liberare
790 1479 859 1536 prae-

59 1561 205 1626 valuissem
219 1559 271 1614 sibi
286 1559 376 1615 vicem
390 1558 467 1615 illam
482 1555 674 1614 misericordia
689 1565 717 1613 ιι
737 1557 859 1614 veritatis

59 1653 200 1710 committi
222 1652 380 1725 postulavit.
391 1654 451 1724 Qua
464 1653 589 1724 protinus
607 1660 730 1723 accepta,
746 1659 860 1707 senten-

916 433 972 490 lam
986 437 1036 504 (ι),
1052 443 1208 493 sanctorum
1225 437 1455 509 praedecessorum
1476 441 1536 514 ejus
1552 444 1671 504 Silvestri
1685 457 1713 505 et

918 525 1029 583 Adriani
1042 530 1197 600 patrociniis
1213 531 1370 603 gloriosam.
1394 533 1433 589 lbi
1458 550 1556 608 nempe
1570 554 1714 598 sacrosan-

916 621 966 675 ctis
986 620 1114 678 insistens
1138 622 1307 692 ministeriis,
1331 642 1395 683 cum
1416 627 1476 699 jam
1503 643 1713 693 consummaret

915 714 1160 772 sanctificationem
1178 716 1352 789 chrismatis,
1369 720 1462 779 subito
1476 710 1711 786 coelitus'inssam-

916 816 1010 864 manta
1027 809 1202 891 benedictum
1216 811 1351 884 liquorem
1363 814 1436 871 clara
1450 818 1538 888 specie
1553 819 1636 890 ignis,
1648 838 1713 879 con·
1811 846 1820 853 ·

913 901 1084 986 glorificatus
1099 913 1139 960 est
1153 904 1275 977 antiquis
1300 907 1428 965 Patribus
1439 912 1518 984 signo
1542 912 1642 972 divinae
1662 932 1710 973 ao·
1750 936 1755 950 ¹

913 996 1057 1066 captionis.

951 1096 977 1145 5.
993 1095 1029 1157 (5)
1044 1091 1097 1147 Sed
1103 1091 1162 1165 jam
1175 1109 1326 1167 congruum
1338 1094 1448 1154 videtur
1456 1098 1587 1158 miracula
1601 1101 1635 1159 de
1649 1102 1711 1176 igne

914 1182 942 1238 in
957 1184 1072 1240 mirabili
1086 1187 1254 1244 extinctione
1267 1189 1336 1262 ignis
1350 1188 1439 1258 ιιιιι,
1454 1207 1516 1263 quae
1526 1193 1552 1249 in
1569 1194 1712 1263 chronicis

915 1277 1108 1334 venerabilium
1127 1282 1248 1336 virorum
1287 1280 1338 1338 bac
1352 1274 1500 1342 occasione*
1516 1287 1615 1360 legitur
1641 1291 1710 1347 soci·

914 1369 996 1428 disse.
1021 1372 1089 1428 Cum
1114 1372 1259 1445 praedictus
1282 1377 1415 1434 Henricus
1435 1382 1571 1439 Romanae
1596 1381 1713 1442 civitatis
1759 1390 1767 1401 ‘

916 1464 1051 1522 moenibus
1074 1465 1165 1523 hostili
1182 1484 1264 1524 mann
1282 1469 1436 1539 assedisset,
1463 1482 1490 1529 et
1500 1474 1536 1531 ob
1551 1474 1603 1532 hoc
1621 1477 1712 1551 ignem
1762 1500 1776 1517 ⁶

913 1558 1035 1629 quodam
1053 1561 1113 1615 loeo
1128 1560 1278 1632 injecisset,
1295 1571 1334 1631 ut,
1358 1567 1459 1637 populo
1481 1584 1497 1624 a
1515 1569 1635 1626 tutandis
1651 1587 1712 1643 pro·

916 1652 1076 1724 pugnaculis
1088 1653 1124 1711 ad
1138 1656 1283 1712 avertenda
1298 1658 1498 1716 combustionis
1510 1664 1629 1734 pericula
1645 1680 1710 1722 con·

58 1747 130 1804 tiam
143 1746 322 1802 anatliematis
332 1746 359 1802 in
373 1745 532 1819 praedonem
542 1744 627 1802 dedit.
644 1744 734 1812 atille,
752 1744 792 1800 vel
803 1760 859 1800 nou
916 1760 1004 1815 verso,
1030 1746 1089 1803 sino
1123 1748 1305 1820 prohibitione
1337 1751 1519 1824 irrumperem
1556 1755 1713 1830 intelligens

60 1840 178 1908 habens,
194 1841 234 1896 vel
249 1841 415 1897 erubescens
430 1839 531 1896 habers
550 1838 636 1895 videri
654 1839 781 1895 timorem
790 1837 859 1895 tanti

59 1934 158 2005 judicii
168 1954 176 2000 3
187 1949 251 1990 cnm
264 1933 366 1991 exinde
381 1932 464 1990 tertia
473 1933 608 1990 diesolito
621 1936 719 2000 (more)
734 1933 859 1989 exultan-

64 2030 98 2083 tis
114 2027 155 2084 vel
169 2027 323 2084 insultantis
332 2036 488 2101 equestrem
503 2026 629 2083 militiam
649 2026 718 2082 inter
741 2026 860 2083 commi·

57 2123 157 2178 litones
178 2121 348 2187 ventilasset3
371 2121 465 2179 subito
479 2118 602 2177 fulminis
624 2120 681 2177 ictu
698 2135 857 2192 percussus,

59 2214 146 2270 veluti
159 2215 243 2271 dunas
255 2214 375 2282 Pharao,
399 2214 427 2270 in
448 2221 546 2286 stagno
568 2213 637 2286 ignis
659 2213 781 2270 ardentis
795 2213 861 2270 sub-

58 2323 169 2365 mersus
181 2317 231 2365 est.

94 2409 121 2458 4.
136 2405 241 2459 Ιιιιιιι
254 2402 321 2459 vidit
334 2401 401 2459 illud
419 2401 556 2458 famosum
578 2400 729 2468 somnium,
748 2400 860 2458 Pontid-

61 2498 123 2553 eelis
134 2497 304 2555 excellentiae
321 2506 350 2554 et
363 2495 493 2553 ellicaciae
506 2495 676 2564 vaticinium,
692 2493 767 2567 quod
786 2493 860 2550 soili-

61 2601 102 2646 cei
118 2607 150 2645 ex
177 2606 225 2647 ore
248 2590 308 2663 ejus
322 2591 396 2662 ignis
414 2590 509 2658 exiret,
534 2589 580 2662 qui
604 2598 694 2646 totum
720 2587 859 2644 mundum

58 2684 156 2756 igniret
168 2704 176 2753 3
190 2684 261 2740 haud
285 2682 403 2741 dubium
419 2686 488 2757 quin
503 2683 548 2739 ille
560 2682 644 2756 ignis,
660 2697 742 2754 quem
760 2681 859 2748 Domi-

59 2793 111 2834 nus
126 2777 344 2834 Jeeustristus
355 2777 433 2833 misit
446 2776 474 2833 in
494 2786 611 2845 terram,
630 2783 659 2833 et
677 2775 763 2832 voluit
781 2774 859 2831 vehe-

914 1838 984 1894 hano
1006 1840 1155 1896 versutiam
1171 1840 1339 1900 fortissimus
1355 1844 1383 1899 in
1409 1845 1463 1901 lide
1486 1847 1587 1905 Christi
1609 1849 1713 1924 Grcgo·

914 1932 985 2001 rius,
999 1934 1109 2006 signnm
1122 1935 1222 1991 ¹Crucis
1236 1936 1364 2009 appinxit,
1381 1947 1420 2007 et,
1436 1939 1619 1999 velutTibetis
1632 1943 1711 2000 inun·
1783 1974 1785 1980 ·

913 2024 1036 2083 dentiam
1061 2026 1226 2099 effunderet,
1253 2030 1411 2088 incendium
1434 2035 1559 2105 protinus
1586 2037 1711 2108 extinxit,

914 2119 1077 2193 plebemque
1107 2121 1142 2180 ad
1180 2127 1384 2197 propugnacula
1419 2125 1589 2184 defensanda
1621 2131 1712 2189 redire

914 2215 1053 2286 praecepit.

949 2313 977 2364 6.
992 2309 1079 2365 Nobis
1088 2311 1171 2367 etiam
1185 2311 1275 2368 redire
1287 2313 1373 2385 placet
1382 2312 1420 2370 ad
1431 2316 1711 2375 commemorandam

915 2402 1058 2474 pueritiam
1072 2402 1144 2476 ejus,
1166 2404 1194 2460 in
1211 2422 1265 2477 qua
1279 2408 1415 2464 avunculo
1429 2424 1481 2465 suo
1500 2409 1601 2466 abbati
1615 2426 1711 2467 ntona·

914 2495 988 2551 elerii
1015 2506 1117 2554 saneim
1149 2497 1200 2554 Dei
1228 2499 1379 2557 Genetricis
1404 2503 1500 2560 lilariae
1523 2504 1552 2559 ιι
1574 2504 1713 2562 Αιιιιιιι

916 2598 1026 2659 monte,
1043 2589 1077 2648 ad
1095 2591 1306 2649 instructionem
1320 2594 1438 2653 liberalis
1463 2596 1583 2654 scientiae
1597 2605 1626 2654 ot
1638 2613 1713 2655 oom-

915 2683 1079 2754 positioncm
1098 2684 1211 2742 moralis
1233 2685 1393 2759 disciplinae,
1421 2690 1614 2762 aparentibus
1637 2707 1714 2748 com·

916 2777 1074 2843 mendatns,
1091 2778 1119 2833 in
1130 2779 1205 2835 brevi
1215 2780 1338 2837 ostendit
1348 2783 1511 2855 spectabiles
1523 2784 1606 2841 dores
1615 2785 1713 2842 utrius

60 2880 166 2928 menter
181 2869 305 2928 accendi.
332 2873 436 2928 Verum
459 2887 515 2926 non
537 2871 578 2926 sic
601 2870 679 2941 impii
689 2868 859 2939 interpretati
913 2883 968 2938 que
980 2871 1154 2926 nutrimenti.
1171 2873 1235 2927 iam
1252 2889 1316 2931 vero
1334 2875 1548 2932 adolescentiam
1562 2878 1711 2950 ingressus,

60 2975 133 3030 ιιιι,
148 2979 241 3036 neque
259 2965 298 3019 sic
312 2963 493 3036 malignantes
506 2962 609 3035 experti
621 2969 695 3019 sunt.
709 2963 780 3017 Nam
796 2960 859 3034 quia
913 2959 1052 3032 proiectus
1074 2972 1116 3018 est
1136 2962 1162 3018 in
1176 2965 1332 3034 Franciam,
1352 2966 1510 3024 domiturus
1531 2969 1598 3024 inibi
1621 2970 1713 3027 carnis

62 3059 191 3131 Spiritum
221 3065 349 3114 sanctum
378 3055 646 3129 blasphemaverunt,
683 3070 802 3127 eumque
830 3055 857 3111 in
876 3055 1094 3136 cpetulantiam
1115 3065 1143 3113 et
1157 3058 1283 3115 molestia
1301 3059 1528 3132 peregrinationis
1541 3071 1569 3118 ot
1582 3063 1713 3121 instantia
1805 3053 1806 3057 ¹

61 3168 195 3209 servostm
208 3159 369 3225 arguentem
381 3150 416 3208 de
426 3158 548 3222 peccato,
557 3148 724 3206 infernalem
732 3148 857 3205 titionem
913 3140 1085 3206 eruditionis.
1101 3151 1167 3207 inde
1182 3160 1243 3222 post
1257 3153 1360 3225 aliquot
1371 3169 1461 3211 annos
1479 3157 1589 3213 Roman
1611 3157 1713 3215 reditu-

64 3255 224 3302 rocaverunt
237 3265 243 3301 :
256 3245 323 3317 justi
347 3244 396 3301 Dei
419 3244 532 3311 ultione,
549 3241 731 3299 irremissibili
758 3241 858 3299 delicto
913 3257 969 3312 rus,
986 3245 1091 3300 occulta
1104 3244 1154 3300 Dei
1169 3247 1382 3318 praeparatione,
1392 3264 1504 3307 moram
1514 3248 1578 3306 fecit
1589 3251 1711 3323 aliquun-

69 3340 182 3414 obligati,
193 3346 355 3411 perpetuam
368 3337 509 3394 miseriam
528 3337 657 3410 malignae
671 3335 858 3408 appellationis
912 3343 972 3392 tum
982 3337 1113 3409 temporis
1125 3338 1151 3392 in
1162 3339 1222 3394 aula
1240 3341 1352 3396 ilenrici
1367 3343 1414 3410 lii,
1433 3351 1464 3398 ut
1486 3343 1548 3415 quia
1560 3345 1712 3401 subliman-

64 3433 226 3501 inciderunt,
238 3440 266 3489 et
276 3432 379 3489 mirum
400 3430 567 3498 inmodum,
583 3429 658 3502 quod
677 3429 728 3500 piis
739 3439 798 3486 erat
812 3445 857 3485 ιι-
912 3428 965 3485 ιιι
986 3437 1045 3485 orat
1071 3430 1100 3485 in
1131 3431 1249 3487 culmine
1282 3433 1444 3503 sacerdotii,
1482 3432 1620 3506 proiectus
1651 3438 1711 3509 eJue

62 3527 213 3592 iutiierum,
228 3525 321 3598 impiis
334 3522 684 3583 factumestmortiierum.
697 3524 751 3580 iiic
765 3538 859 3579 succe-
913 3520 1075 3579 manifestus
1101 3522 1178 3579 lieret
1200 3523 1330 3581 omnibus
1348 3541 1381 3582 ex
1402 3527 1456 3583 alta
1484 3528 1597 3600 specula
1622 3531 1708 3604 regni.

60 3620 102 3678 dit
123 3620 300 3687 miraculum,
322 3635 379 3675 non
398 3617 490 3674 solum
509 3617 586 3682 Elin,
614 3616 662 3674 sed
686 3617 770 3673 etiam
791 3615 857 3689 justi
912 3615 985 3672 Hinc
1012 3616 1072 3688 ipse
1097 3619 1251 3689 imperator
1276 3618 1367 3676 aiebat
1385 3636 1527 3694 nunquam
1551 3638 1581 3679 se
1602 3623 1711 3682 audisse
1771 3666 1774 3671 -

63 3712 379 3786 ,abeietsapientissimi
391 3710 560 3778 Salomonis,
570 3726 621 3767 nec
632 3726 689 3766 non
701 3718 729 3766 et
741 3709 858 3766 aliomm
913 3708 1055 3766 hominem
1067 3726 1129 3767 cum
1145 3719 1220 3768 tanta
1246 3711 1344 3770 liduoia
1356 3715 1478 3770 Verbum
1494 3716 1545 3773 Dei
1559 3716 1712 3788 praedican-

60 3809 176 3863 Patrum
196 3807 326 3879 exemplis
336 3805 498 3878 gloriosum,
509 3819 627 3877 quorum
641 3803 766 3860 videlicet
788 3802 857 3859 liha-
913 3811 980 3858 tem.
994 3803 1181 3861 Probatissimi
1195 3821 1306 3878 quoque
1322 3807 1530 3881 Episcoporum,
1554 3810 1712 3883 reipublicae

59 3899 184 3956 minibus
192 3900 283 3973 illapsa
304 3908 345 3957 est
361 3914 409 3972 per
433 3898 554 3970 speeiem
579 3898 651 3971 ignis
664 3898 750 3972 gratia
773 3895 860 3954 sancti
914 3898 1127 3965 consulentium,
1142 3898 1350 3958 admirabantur
1374 3903 1402 3958 in
1422 3904 1512 3961 verbis
1535 3905 1633 3978 gratiae
1646 3921 1711 3978 quae

58 3992 189 4065 Spiritus.
213 3994 331 4050 Domino
352 4006 476 4065 namque
503 4001 617 4049 auctore
640 3990 807 4048 sublimatus
832 3990 860 4047 lu
914 3989 1099 4063 procedebant
1111 3992 1146 4050 de
1159 4008 1206 4050 ore
1221 3993 1292 4066 ojus.

59 4085 174 4160 specula
195 4088 392 4159 Apostolorum
415 4087 487 4143 Petri
501 4094 530 4141 et
539 4084 625 4149 Pauli,
637 4100 702 4141 cum
712 4084 740 4140 in
751 4083 861 4141 univer·
950 4091 975 4139 7.
996 4087 1060 4142 Post
1083 4085 1141 4143 haec
1158 4090 1278 4145 Romam
1300 4103 1435 4158 reversus,
1458 4106 1521 4148 cum
1542 4091 1634 4150 studio
1652 4108 1713 4167 per·

60 4197 122 4239 sam
138 4188 239 4237 terram
253 4180 418 4253 produceret
427 4194 528 4236 sonum
538 4194 646 4246 eorum,
658 4178 721 4235 etin
734 4176 804 4233 dues
817 4193 861 4233 or·
914 4176 1040 4236 iectionis
1060 4179 1209 4248 insisteret,
1232 4189 1262 4238 et
1279 4182 1537 4255 accepta.divinitus
1551 4187 1651 4243 talenta
1669 4188 1712 4245 in·

60 4275 106 4331 bis
117 4283 199 4333 terrae
210 4260 404 4332 dissemimret
419 4272 499 4330 verba
509 4288 621 4341 eorum;
634 4272 757 4329 moderni
770 4273 860 4327 Nero·
916 4272 1040 4329 tellectus
1053 4282 1135 4346 atque
1150 4276 1318 4347 operationis
1341 4276 1480 4349 duplicare
1494 4288 1640 4353 satageret,
1653 4288 1711 4338 tor·
1745 4282 1751 4293 ‘

61 4369 118 4433 nis,
132 4368 235 4424 scilicet
258 4370 350 4440 quarti
364 4367 478 4425 henrici
494 4366 588 4439 Regis,
603 4365 683 4438 cujus
703 4365 813 4439 flagitiis
833 4372 862 4419 et
915 4373 1010 4437 pentes
1023 4365 1193 4424 domesticos
1217 4369 1450 4439 sensitinimicos,
1467 4380 1495 4429 et
1511 4373 1577 4431 illud
1591 4374 1712 4432 veritatis
1763 4424 1765 4431 ,

61 4460 231 4519 facinoribus
253 4462 346 4519 omnis
371 4460 530 4534 pradicatio
545 4459 675 4525 veritatis,
689 4459 763 4515 velut
789 4456 861 4531 ignis
874 4425 900 4488 D
914 4458 1033 4531 elogium
1052 4461 1176 4533 probavit
1190 4479 1196 4517 :
1210 4463 1300 4519 Nemo
1316 4464 1450 4537 propheta
1472 4475 1600 4538 acceptus
1622 4475 1665 4523 est
1682 4469 1712 4527 iu

61 4572 157 4621 urens,
185 4555 361 4613 intolerabilis
392 4564 461 4620 erat,
489 4553 676 4628 gravissimam
704 4559 800 4608 eontra
830 4566 860 4607 se

60 4651 284 4724 persecutionem
297 4649 448 4706 commovit
463 4647 597 4719 :ideoque
610 4645 772 4703 necessitate
781 4660 860 4701 corn-

61 4747 159 4816 pnlsus
172 4742 265 4817 ingere
280 4742 437 4800 decivitate
449 4741 476 4795 in
489 4741 639 4808 civitatem,
659 4737 860 4796 Christianissi·

61 4854 117 4895 ιιι
128 4836 282 4895 comitissae
293 4834 432 4893 diethildis
451 4834 564 4891 tutelam
576 4833 609 4890 ad
620 4843 729 4905 tempus
738 4832 859 4906 expetiit.

60 4935 188 5003 Cumque
212 4930 287 5003 apud
301 4945 363 4986 eam
376 4927 406 4984 in
427 4943 493 5001 pace
505 4927 592 4985 iactus
607 4936 677 4984 esset
696 4927 772 4984 locus
792 4926 860 4998 ejus,

61 5035 90 5083 et
104 5024 242 5081 habitatio
255 5022 315 5095 ejus
342 5024 371 5079 in
384 5023 459 5089 Sion,
471 5023 524 5078 hoc
540 5030 583 5077 est
600 5021 629 5076 in
644 5020 753 5092 specula
764 5020 862 5077 divinae

61 5117 320 5191 contemplationis3
336 5123 497 5173 ιιιιιτιιιι
520 5110 677 5186 temporum
698 5120 769 5183 rota,
791 5113 862 5170 lorte

63 5211 231 5269 imminebat
246 5211 306 5267 dies
320 5210 441 5267 ιιιιιιιι
461 5208 551 5266 dedita
571 5207 778 5264 Pontiilealibus
802 5205 863 5263 ιιι·

62 5306 124 5373 eiis,
135 5320 197 5377 quae
206 5303 370 5377 muncupari
383 5300 456 5359 solet
466 5304 550 5361 coena
564 5301 690 5358 Domini.
705 5301 784 5356 liano
796 5315 862 5374 ergo

102 5488 142 5552 (ι)
160 5486 312 5543 limoaiolo
322 5485 352 5543 in
372 5482 501 5541 confiniis
514 5484 571 5555 agri
586 5482 749 5539 Mutinensis
761 5489 790 5538 et
808 5483 862 5538 Bo·

61 5558 204 5614 noniensis
216 5556 330 5615 lundata
342 5558 372 5616 S.
381 5557 511 5614 Anaeimo
519 5557 611 5640 primo
627 5554 742 5618 Abbcte,
757 5554 803 5625 qui
818 5552 861 5610 di·

59 5630 131 5687 tavit
141 5629 215 5685 iiiam
228 5628 354 5703 reliquiis
365 5628 394 5687 ι.
407 5629 540 5692 ιιιιιιιιι,
553 5636 584 5683 ιι
605 5625 711 5682 dictum
723 5634 767 5682 est
785 5623 819 5681 ad
832 5627 861 5682 S.

61 5698 235 5773 ΑιιιιΙιιιι·Ι
311 5699 357 5757 ιιι
368 5705 395 5757 t.
412 5699 515 5768 iiartii,
532 5697 637 5754 lbidcm
657 5697 742 5755 etiam
765 5695 863 5754 haberi

59 5787 165 5846 corpere
265 5772 324 5829 ios
346 5772 497 5843 sapsam
519 5772 544 5826 ι.
561 5766 612 5827 sed
631 5770 679 5826 111.
704 5765 812 5828 ostendi
832 5767 862 5826 ιι

211 5862 329 5918 Ριιιοι.
347 5860 473 5919 ιΧΙΝΙΙΙ.

914 4552 1002 4624 patria
1021 4569 1070 4611 ιιι
1090 4557 1164 4622 (ιιι.
1190 4562 1243 4622 xv).
1259 4557 1379 4614 Proinde
1402 4574 1513 4631 parcere
1529 4557 1623 4616 vo'lcns
1646 4562 1712 4618 invi·

913 4644 977 4712 diae,
992 4654 1020 4702 et
1034 4648 1166 4719 maiorem
1185 4650 1307 4706 caritatis
1321 4650 1443 4709 leucium
1455 4667 1591 4723 quarere,
1605 4653 1712 4726 ingredi

902 4739 1012 4795 ‘statuit
1030 4740 1058 4795 in
1072 4749 1162 4810 partes
1177 4742 1334 4802 Germania
1349 4754 1375 4801 ιι
1398 4746 1505 4804 Galliae.
1523 4749 1646 4819 Cumque
1667 4765 1712 4806 vo·

916 4831 1000 4888 nisset
1018 4832 1052 4888 ad
1076 4840 1167 4905 Aquas
1186 4836 1335 4907 pendentes
1350 4845 1404 4906 (s),
1429 4855 1565 4911 apparens
1580 4843 1605 4896 ιι
1628 4842 1654 4897 ιι
1674 4843 1712 4899 vi·

914 4925 991 4982 sione
1006 4929 1038 4982 B.
1052 4928 1159 4995 Petrus,
1173 4929 1218 5001 qui
1235 4930 1292 5001 jam
1306 4934 1480 4989 ascensiones
1494 4935 1553 5005 ejus
1569 4935 1599 4989 in
1617 4936 1714 4993 Cethe

915 5018 994 5076 dram
1008 5037 1085 5099 suam
1096 5022 1267 5094 disponebat,
1285 5024 1394 5096 prodire
1410 5042 1474 5082 eum
1488 5027 1601 5085 ulterius
1619 5029 1712 5101 prohi-

915 5112 1005 5170 bebat.
1020 5117 1082 5187 lpse
1096 5125 1200 5184 autem,
1213 5117 1334 5174 fallacem
1350 5119 1510 5177 existimans
1524 5119 1680 5196 imaginem,
1697 5140 1713 5181 a

916 5208 1054 5279 proposito
1071 5206 1166 5264 itinere
1180 5225 1236 5267 non
1256 5210 1371 5267 rellexit.
1385 5214 1458 5267 liem
1478 5213 1607 5272 secundm
1626 5217 1715 5274 noctis

916 5299 1038 5356 similem
1051 5300 1183 5359 visionem
1199 5304 1359 5375 praeterivit.
1373 5308 1444 5363 Tum
1455 5322 1520 5365 vero
1531 5309 1610 5366 tertia
1632 5316 1716 5367 nocte

917 5481 1099 5556 Chronologia
1116 5484 1266 5543 pontilicis.

953 5553 992 5626 (5)
1013 5556 1140 5612 Meminit
1158 5559 1301 5630 sequentis
1313 5559 1436 5619 historia
1461 5562 1631 5621 bertholdus
1643 5566 1716 5622 (ιιι-

917 5627 1117 5683 stantiensisad
1133 5645 1239 5685 annum
1254 5635 1330 5687 lotii.

954 5700 989 5781 (ι)
1002 5700 1219 5782 Aqua-pendens
1242 5702 1375 5779 opp'dum
1389 5703 1501 5761 ditionis
1519 5704 1668 5762 Pontilieiss
1688 5705 1716 5763 in

916 5773 1056 5828 territorio
1068 5770 1251 5831 Urbevetano.

1522 5867 1544 5919 ‘i⁴
