3870 6164
167 181 226 272 '71'
304 208 309 215 ·
795 207 840 263 s.
861 205 1052 262 caecemus
1068 182 1115 264 ‘vu
1135 162 1245 263 ranas
1814 213 1848 264 aa
1876 216 1882 223 ·

196 344 266 409 Deo,
281 339 421 413 magistros
436 338 550 412 diligens
564 343 704 391 terrenum
719 346 801 405 quam
816 330 927 387 coeleste
940 330 992 386 im·
1006 336 1033 397 A
1047 345 1122 388 cens.
1140 356 1152 381 ι
1169 333 1223 404 Qui
1248 333 1306 390 vult
1319 334 1412 389 venire
1426 340 1489 406 post
1507 348 1567 401 me,
1590 331 1707 405 abneget
1720 330 1849 404 semetip-

199 435 318 508 perium‚
332 433 371 489 sic
387 431 517 489 eumdem
531 432 632 501 Papam
647 426 815 499 alloquitur:
834 447 846 474 ι
864 424 1000 481 ὓοιιιίιιιιι
1055 451 1068 478 ι
1089 443 1164 495 sum,
1178 429 1287 493 (Motth
1304 433 1371 496 arr)
1386 434 1414 485 ot
1426 426 1540 499 reliqua.
1559 449 1572 475 ι
1845 432 1850 439 ·

197 543 278 584 meus
289 530 360 593 Rex,
374 534 402 582 et
413 522 537 597 Episcopi
547 536 644 579 omues
654 519 858 578 Ultramontani
867 525 894 574 et
903 517 997 587 ltalici,
1052 528 1088 579 60
1100 545 1112 570 a
1125 521 1320 594 Adoiamergo
1332 522 1395 578 rtrae
1404 537 1454 576 uos
1460 521 1611 576 nominum
1621 526 1765 576 vocantem
1773 519 1850 590 sequi

200 619 385 694 precipiendo
402 617 532 674 mandant
545 624 576 672 ut
589 615 710 672 invasam
723 613 822 670 Sedem
836 615 867 668 D.
884 611 955 667 Petri
973 620 1001 667 et
1052 624 1173 688 oportet,
1189 615 1211 671 si
1226 614 1394 672 baereditatis
1406 624 1518 672 aeternae
1531 613 1652 670 fructum
1667 611 1852 669 desideramus

198 718 351 772 Romanam
368 711 516 768 Ecclesiam
531 708 632 766 amodo
645 708 778 765 dimittas.
795 710 858 763 Non
872 715 916 762 est
928 705 1000 760 enim
1054 724 1173 780 carpere.
1184 708 1571 774 «Permultastribulariones,
1584 729 1598 756 a
1607 715 1639 763 ut
1648 709 1852 762 nocturnostcr

196 807 310 879 dignum
333 806 392 862 sine
416 813 551 877 praecepto
577 802 685 860 illorum
709 810 736 857 et
761 800 897 870 Imperiali
921 798 997 855 dono
1053 800 1849 876 docuit,·oportetnosintrareinregnumDei(Aet.xrv).s

153 956 157 963 ,
197 908 303 956 tantum
315 899 448 956 honorem
459 897 598 954 scandere.
616 919 629 945 ι
642 899 675 951 Et
684 910 842 963 conversus,
853 893 933 951 Clero
943 897 1002 949 lto·
1054 895 1124 952 Satis
1135 904 1177 953 est
1189 895 1265 968 quod
1278 896 1332 953 buc
1346 911 1432 968 usque
1446 896 1473 950 in
1488 910 1553 967 pace
1566 894 1683 950 viximus
1699 894 1827 950 Ecclesiae
1843 910 1850 949 ι

197 1008 280 1049 mano
295 992 365 1050 dixit
381 1011 387 1048 :
405 1014 417 1042 ι
434 992 519 1048 Vobis
532 990 642 1062 dicitur,
658 992 775 1057 Fratres,
789 995 820 1044 ut
834 987 867 1045 ad
881 986 1000 1044 futuram
1052 1006 1126 1046 nunc
1144 1005 1209 1046 voro
1234 989 1281 1046 diu
1304 989 1410 1047 aridam
1432 1005 1549 1046 messere
1570 990 1732 1044 Sanctorum
1752 987 1852 1044 iterum

196 1089 371 1143 Pentecostes
406 1083 606 1141 solemnitatem
639 1082 728 1154 Regio
760 1081 920 1154 conspectui
952 1097 1001 1138 vos
1052 1084 1183 1157 sanguine
1202 1083 1330 1140 convenit
1347 1083 1470 1151 irrorari,
1492 1090 1523 1140 ut
1544 1080 1651 1139 fructus
1665 1081 1751 1150 illius,
1767 1081 1852 1154 longo

196 1180 409 1254 repraesentetis,
424 1176 575 1250 schoeptnri
594 1175 628 1233 de
643 1176 771 1233 manibus
793 1175 878 1248 Regis
898 1178 999 1248 Papam
1053 1185 1178 1251 tempore
1203 1176 1312 1234 tabidus
1335 1176 1426 1241 senio,
1453 1176 1555 1233 recenti
1576 1191 1639 1234 rore
1661 1174 1805 1247 perlusus,
1824 1175 1852 1230 in

196 1283 225 1331 et
236 1277 344 1330 Patrem
362 1272 444 1343 :quia
461 1271 505 1328 hic
528 1286 583 1327 non
605 1274 691 1343 Papa,
713 1269 761 1327 sed
775 1269 859 1343 lupus
882 1285 943 1327 esse
958 1270 998 1327 di·
1052 1271 1198 1345 pristinum
1223 1271 1320 1327 redeat
1343 1269 1450 1327 decons
1470 1278 1622 1342 aspectum.
1643 1268 1776 1325 Videmus
1799 1284 1851 1341 pu-

197 1367 338 1441 gnoscitur
348 1382 442 1439 rapax.
460 1389 472 1414 ν
489 1365 533 1421 Ad
546 1366 626 1437 cujus
640 1363 721 1420 verba
732 1379 799 1422 mox
813 1364 868 1434 (66)
879 1365 1001 1421 Joannes
1053 1381 1138 1439 gnam
1152 1364 1252 1422 diaboli
1271 1364 1300 1420 in
1314 1372 1439 1436 apertum
1454 1364 1580 1436 prosilire
1594 1378 1741 1435 campum,
1757 1362 1853 1418 hacte-

83 1526 87 1539 ί
197 1458 356 1518 Portuensis
367 1460 529 1531 Episcopus,
544 1473 654 1514 morum
669 1458 815 1515 honestate
829 1467 857 1515 et
870 1458 1000 1531 religione
1053 1475 1106 1521 nus
1121 1458 1205 1516 fuscis
1219 1457 1405 1531 squalloribus
1418 1456 1579 1529 adopertam
1596 1457 1679 1513 :ideo
1693 1472 1770 1512 nunc
1780 1454 1853 1512 tiro-

197 1554 237 1611 rir
250 1553 408 1626 praeclarus,
423 1553 494 1609 lacto
515 1553 620 1626 impetu
637 1568 768 1626 surgens,
783 1553 920 1609 immensa
934 1568 1000 1609 voce
1053 1539 1103 1609 nes
1117 1551 1226 1619 Christi,
1240 1551 1336 1609 doctas
1348 1566 1448 1608 manus
1464 1550 1500 1606 ad
1515 1552 1609 1623 praelia
1623 1557 1770 1621 gestantes,
1785 1565 1852 1606 con·

196 1647 340 1704 clamavit:
354 1670 366 1695 ι
378 1646 515 1719 capiatur.
529 1669 542 1696 »
554 1647 631 1703 Tunc
641 1645 800 1715 Praeleetus,
812 1645 995 1719 factoimpetu
1052 1647 1128 1703 venit
1141 1646 1252 1703 obviare
1268 1664 1275 1700 z
1290 1653 1429 1718 quatenus
1442 1644 1542 1702 Christi
1563 1643 1649 1712 lides,
1662 1659 1740 1716 quae,
1755 1642 1852 1700 eodem

196 1757 260 1799 cum
284 1740 433 1814 judicibus,
449 1739 595 1809 militibus,
620 1750 647 1796 et
675 1740 810 1799 Romanis
843 1739 995 1811 nobilibus,
1052 1741 1191 1797 inliciente
1204 1740 1325 1808 diabolo,
1340 1747 1399 1796 toto
1414 1753 1485 1811 pene
1498 1748 1636 1794 terrarum
1650 1739 1717 1794 orbe
1729 1736 1851 1809 disperse

197 1830 304 1890 tantiam
340 1835 540 1907 impostorem,
565 1833 714 1906 evaginatis
739 1833 767 1889 in
792 1833 849 1905 ipsa
876 1833 995 1890 Ecclesia
1048 1835 1199 1907 relictaque
1218 1833 1350 1901 cernitur,
1370 1839 1486 1899 cuncta,
1509 1832 1632 1888 Domino
1652 1834 1713 1888 Deo
1732 1846 1781 1902 per
1801 1845 1855 1886 nos

198 1927 345 1984 Salvatoris
366 1927 476 2001 gladiis,
500 1934 563 1984 ante
578 1927 698 1985 ,Domini
723 1930 802 1999 Papae
821 1928 996 2000 praesentiam
1050 1937 1203 2001 pugnante,
1218 1930 1392 1985 instauretur.
1406 1925 1451 1983 Ad
1464 1925 1662 1982 detrimentum
1683 1939 1783 1996 nempe
1801 1939 1852 1980 no·

197 2021 354 2078 interimere
377 2020 463 2077 voluit
478 2042 484 2077 :
499 2029 527 2077 et
547 2019 669 2089 lecisset,
684 2021 820 2093 nisi-pius
834 2023 914 2078 Pater
936 2029 996 2078 toto
1049 2031 1113 2079 strae
1138 2021 1235 2078 salutis
1263 2020 1409 2078 saecrrlares
1439 2020 1561 2093 quotidie
1588 2034 1761 2091 propugnare
1784 2033 1851 2075 con-

198 2130 311 2185 corpora
325 2130 354 2170 se
368 2129 451 2186 super
468 2130 531 2172 eum
555 2113 729 2188 projecisset,
750 2114 925 2172 omnibusde
939 2114 997 2187 ejus
1049 2116 1193 2189 spicimus,
1218 2115 1263 2186 qui
1288 2115 1356 2170 nihil
1379 2113 1453 2170 alind
1476 2129 1559 2185 quam
1584 2112 1737 2186 gebennam
1761 2112 1853 2184 acqui·

199 2215 288 2263 morte
301 2207 491 2264 clamantibus.
523 2258 526 2266 .
1051 2219 1115 2266 runt
1131 2227 1138 2264 :
1154 2210 1192 2266 sic
1205 2208 1383 2282 nos,'quibus
1395 2208 1485 2263 vivere
1500 2206 1627 2262 Christus
1639 2221 1697 2262 esse
1711 2205 1807 2271 debet,
1825 2212 1854 2261 ct

234 2305 280 2355 59.
301 2299 441 2369 Tandem,
464 2300 508 2357 vix
538 2301 684 2373 impetrato
713 2301 836 2371 silentio,
864 2301 998 2358 Dominus
1051 2303 1111 2376 ejus
1131 2303 1214 2361 etiam
1235 2317 1329 2359 amore
1351 2301 1423 2358 mori
1441 2301 1563 2368 lucrum,
1579 2299 1679 2372 qulbus
1695 2299 1721 2354 iu
1738 2299 1854 2355 retribu-

199 2395 270 2467 Papa
289 2394 357 2450 dixit
382 2413 388 2448 :
410 2417 425 2446 ι
449 2395 557 2465 Nolite,
582 2395 646 2462 lilii,
669 2395 798 2453 Ecclesiae
820 2403 922 2452 sanctae
943 2398 998 2451 Do·
1051 2398 1144 2464 tione,
1164 2405 1228 2469 post
1247 2395 1329 2453 istam
1353 2395 1484 2451 miseram
1497 2403 1526 2449 ot
1547 2393 1735 2465 imaginariam
1751 2392 1853 2458 vitam,

67 2544 73 2568 ο
116 2476 118 2481 ’
199 2487 264 2543 mini
293 2486 343 2544 Dei
372 2489 458 2545 nostri
482 2488 600 2560 quietem
633 2488 661 2544 in
690 2488 853 2545 seditionem
878 2489 998 2560 aliquam
1050 2490 1167 2548 solicitas
1185 2499 1355 2562 preparatur
1376 2498 1525 2558 eterna3a
1546 2487 1596 2544 Dei
1620 2485 1726 2560 legibus
1749 2495 1777 2542 et
1798 2484 1855 2541 dde

198 2596 383 2638 commorere.
402 2583 519 2654 Oportet
531 2582 606 2638 enim
627 2582 727 2639 instare
742 2591 882 2655 tempora,
901 2598 998 2639 secun·
1052 2592 1145 2641 nostra
1158 2582 1326 2651 orthodoxa,
1340 2582 1449 2655 pedem
1465 2581 1537 2638 hosti
1551 2579 1685 2646 cedendo,
1698 2595 1755 2636 non
1767 2587 1854 2635 retra·

198 2673 264 2731 dum
298 2674 455 2732 divinarum
489 2675 691 2748 scripturarum
722 2676 824 2732 seriem
856 2679 901 2743 (ll
927 2680 997 2733 Tim.
1051 2679 1159 2736 bamus.
1175 2680 1358 2736 Commoveat
1371 2677 1530 2733 nosseltem
1545 2690 1597 2731 ros
1614 2675 1775 2742 Dominioa,
1791 2689 1854 2746 quae

198 2774 278 2836 ιιι),
302 2769 454 2841 periculosa
482 2786 489 2825 :
517 2769 545 2825 in
580 2769 679 2841 quibus
711 2769 839 2827 homines
872 2786 902 2826 sc
926 2770 999 2842 ipsos
1050 2772 1116 2830 dicit
1132 2792 1138 2828 :
1156 2795 1169 2822 ι
1185 2772 1239 2846 Qui
1261 2787 1304 2828 me
1317 2770 1460 2828 erubuerit
1472 2777 1501 2826 et
1515 2784 1658 2826 sermones
1677 2783 1766 2834 meos,
1780 2768 1855 2824 bunc

88 2856 92 2863 ’
198 2869 336 2929 amantes,
366 2861 494 2935 cupidos,
524 2864 672 2934 superbos,
705 2863 808 2931 elatos,
844 2863 1000 2936 parentibus
1053 2866 1172 2923 «Filius
1182 2865 1304 2922 bominis
1314 2864 1466 2931 erubescet,
1478 2879 1542 2919 cum
1552 2863 1657 2920 venerit
1667 2862 1696 2917 iu
1711 2861 1854 2934 majestate

198 2954 401 3023 inobedientes,
420 2971 480 3012 esse
501 2971 612 3013 necesse
631 2964 673 3012 est
688 2975 694 3010 :
711 2964 758 3024 ut,
778 2957 904 3028 patientia
927 2957 998 3014 lilio·
1054 2983 1068 3010 ι
1088 2975 1149 3025 sua,
1160 2967 1188 3015 et
1199 2959 1297 3026 Patris,
1308 2966 1502 3015 etsanctorum
1510 2957 1679 3024 Angelorum
1690 2958 1762 3021 (Eoo.
1774 2960 1825 3022 rx).
1839 2978 1852 3004 ι

198 3063 259 3117 rum
276 3049 337 3117 Dei,
354 3047 481 3105 exhibitio
496 3047 558 3104 lldei
571 3057 673 3106 nostrae
688 3049 776 3105 multo
799 3049 944 3121 pretiosior
962 3050 999 3107 sit
1015 3048 1856 3127 c'terribilenobisrideridebet,sitemporeillo,atantotri·

198 3155 265 3197 auro
280 3139 354 3212 quod
368 3156 416 3213 per
428 3140 520 3213 ignem
530 3140 669 3213 probatur.
685 3141 793 3198 Clamat
803 3140 882 3197 nobis
892 3142 998 3198 divinus
1051 3141 1853 3217 bunalisentcntiamnostrisnegligentiisdiraeverecundiae

198 3247 290 3291 sermo
306 3233 399 3290 dicens
415 3252 422 3287 :
441 3256 453 3282 ι
469 3236 585 3290 Necesse
599 3241 660 3302 est,
680 3241 711 3290 ut
725 3233 834 3290 veniant
847 3234 973 3292 scandala
987 3252 995 3291 a
1050 3238 1206 3310 capiamus·
1218 3253 1337 3311 quorum
1350 3236 1488 3294 laboribus
1500 3237 1589 3293 ludex
1602 3236 1724 3294 omnium
1733 3234 1801 3291 alios
1811 3247 1854 3292 re·

199 3347 213 3375 «
239 3340 279 3383 rm
291 3333 383 3382 autem
396 3325 501 3383 bomini
516 3326 567 3392 illi,
583 3342 729 3400 perquem
750 3327 910 3386 scandalum
923 3328 998 3385 venit
1051 3347 1197 3389 munerare
1219 3332 1277 3387 vult
1290 3333 1383 3401 (Num.
1399 3332 1478 3402 riri).
1493 3331 1560 3387 Ideo
1581 3330 1657 3386 enim
1678 3330 1777 3386 domus
1791 3344 1851 3386 suae

200 3443 214 3470 ι
235 3421 998 3490 (hlutharium-Etiterumadostendendumnostrae
1051 3426 1236 3498 speculatores
1261 3441 1313 3482 nos
1337 3435 1439 3483 artemo
1463 3423 1598 3496 Sapientia
1615 3439 1675 3480 esse
1700 3423 1799 3491 voluit,
1822 3430 1852 3479 ut

199 3514 337 3588 qualitatis
348 3514 474 3585 modum,
490 3516 608 3588 qualiter
622 3515 656 3573 ad
670 3514 797 3572 inimicos
810 3524 919 3573 nostros
932 3531 997 3572 eon·
1050 3520 1108 3592 ipse
1128 3518 1308 3592 postmodum
1328 3528 1459 3575 venturus
1472 3517 1638 3574 inhabitator
1656 3516 1787 3574 mundam
1802 3516 1852 3573 do·

199 3609 297 3667 versari
308 3608 471 3677 debeamus,
481 3609 658 3687 subjunctum
669 3617 726 3666 est:
738 3632 752 3659 ι
762 3611 845 3680 Ecce,
855 3624 906 3683 ego
917 3610 997 3666 mitto
1052 3629 1128 3670 mum
1142 3620 1237 3670 nostro
1251 3611 1341 3670 undio
1356 3612 1457 3669 babere
1471 3612 1567 3684 possit.
1585 3610 1627 3667 hd
1650 3610 1723 3682 quod
1743 3610 1851 3667 scilicet

201 3726 213 3752 ι
233 3718 282 3758 ros
296 3702 366 3759 sicut
377 3716 463 3774 agnos
475 3703 547 3759 inter
559 3703 647 3775 lupos.
660 3705 756 3759 Estote
770 3718 835 3775 ergo
848 3702 998 3775 prudentes
1051 3722 1121 3780 opus
1133 3707 1273 3780 egregium
1287 3707 1388 3764 intare
1396 3705 1509 3763 Domini
1525 3704 1685 3763 Sacerdotes
1695 3704 1851 3770 hortantur,

201 3819 213 3843 ιι
234 3796 306 3851 siout
318 3803 475 3866 serpentes,
492 3804 520 3851 et
533 3795 670 3868 simplices
685 3796 758 3852 sicut
769 3796 907 3854 columba
921 3799 996 3864 (buc.
1050 3816 1115 3858 cum
1134 3800 1163 3855 in
1178 3807 1286 3857 maturo
1307 3808 1430 3873 tempore
1444 3798 1549 3871 legibus
1562 3797 1693 3863 Domini,
1707 3811 1851 3853 senescen-

201 3912 214 3939 «
235 3889 364 3946 ethlotth.
374 3888 434 3960 x).-
445 3891 605 3959 Nuncrero,
613 3888 999 3963 ticeteuttchrisripreoursor
1051 3901 1093 3952 tes
1107 3902 1170 3967 post
1183 3893 1442 3967 quinquagesimum
1454 3907 1569 3960 annum,
1581 3890 1710 3949 custodes
1722 3905 1851 3947 rasorum

97 4043 105 4052 ,
198 3983 227 4039 in
242 3981 389 4038 Ecclesiam
404 3982 530 4051 surrexit,
542 3998 594 4041 nos
607 3992 712 4049 tamem
727 3983 820 4058 multis
835 3984 998 4056 atempori·
1052 3987 1163 4044 Domini
1178 3987 1374 4060 precipiantur
1387 3986 1457 4043 lieri.
1476 3988 1545 4041 Vasa
1566 3985 1679 4058 quippe,
1694 3992 1724 4040 ut
1738 3985 1771 4040 B.
1784 3984 1852 4042 Gre-

199 4076 251 4135 bus
264 4084 321 4133 tam
339 4077 491 4133 aDomiuo
504 4093 588 4150 quam
608 4077 738 4133 assuetis
749 4077 877 4135 Patribus
891 4077 997 4148 edocti,
1052 4081 1145 4154 gorius
1165 4081 1218 4151 ait,
1239 4091 1333 4138 nostra
1345 4088 1411 4138 sunt
1422 4079 1520 4148 corda,
1540 4078 1639 4151 quibus
1652 4077 1768 4134 ierimus
1788 4093 1854 4135 cun·

199 4170 240 4228 sic
254 4169 372 4242 gemiuae
384 4170 508 4227 scientim
521 4185 635 4228 munere
648 4185 758 4244 gressm
772 4171 931 4229 incedamus
949 4188 998 4244 per
1051 4184 1094 4232 cta
1116 4191 1178 4248 quse
1191 4175 1355 4248 cogitamus.
1377 4173 1466 4232 Corda
1480 4174 1564 4230 etiam
1577 4171 1626 4229 Dei
1647 4172 1699 4228 vivi
1718 4171 1852 4243 templum

201 4262 341 4336 pristinos,
356 4271 402 4331 ut,
417 4262 654 4334 quemadmodum
677 4263 711 4335 pii
723 4266 835 4334 Patres,
850 4266 997 4339 serpentis,
1052 4285 1128 4337 esse,
1148 4284 1225 4325 sacra
1238 4276 1373 4325 testantur
1389 4266 1499 4340 eloquia
1519 4270 1544 4334 (l
1556 4267 1619 4325 Gor.
1635 4267 1684 4338 ιιι)
1700 4282 1706 4320 :
1720 4279 1781 4336 quae
1795 4264 1854 4335 qui·

200 4355 375 4431 prudentiam
395 4357 557 4431 simplicitati
580 4357 716 4416 columbae
733 4359 892 4433 jungentes,
907 4361 998 4418 haere·
1053 4362 1117 4419 dem
1137 4370 1215 4419 tanto
1238 4361 1365 4419 mundari
1386 4361 1513 4418 convenit
1536 4360 1689 4433 diligentius
1707 4367 1734 4415 et
1747 4356 1852 4427 ornari,

128 4480 131 4486 ·
200 4451 270 4509 ticos
294 4452 449 4524 serpentina
478 4460 587 4509 utentes
613 4453 713 4510 astutia
737 4453 899 4526 fugaverunt
925 4454 999 4527 (67);
1013 4440 1040 4505 Ι)
1054 4462 1156 4528 quanto
1175 4456 1287 4513 illorum
1309 4455 1522 4513 inhabitatorem
1545 4454 1652 4512 caeteris
1674 4449 1853 4509 mundiorem

201 4545 239 4602 ita
252 4554 280 4602 et
291 4560 341 4602 nos
357 4545 597 4602 mansuetudinem
610 4545 672 4603 felle
687 4546 806 4603 carentis
820 4547 892 4605 alitis
903 4555 998 4604 tenea-
1053 4566 1111 4607 esse
1132 4549 1323 4622 dignoscimus.
1346 4550 1482 4622 Scriptum
1504 4549 1603 4621 quippe
1623 4555 1666 4603 est
1682 4568 1688 4603 :
1705 4570 1719 4597 ι
1732 4544 1852 4602 Mundus

200 4654 279 4707 mus,
305 4647 334 4695 ct
360 4639 538 4711 prudentiam
558 4639 694 4713 serpentis
724 4655 781 4698 nort
802 4641 998 4714 relinquamus.
1054 4665 1069 4694 ι
1089 4643 1226 4702 habitator
1244 4643 1378 4701 mundam
1400 4641 1625 4716 quaeritdomum
1641 4643 1666 4708 (l
1679 4642 1737 4700 Gor.
1756 4642 1818 4705 xv).
1837 4661 1850 4688 ι

199 4733 356 4805 Utramque
375 4735 448 4789 enim
463 4741 558 4790 mente
573 4742 680 4808 gestare
695 4750 752 4792 non
773 4742 815 4792 est
828 4735 938 4805 sitium,
951 4736 1000 4793 sed
1054 4738 1193 4795 Etiterum
1204 4757 1210 4793 :
1221 4759 1233 4788 ι
1243 4737 1374 4811 Evigilate
1381 4737 1495 4810 Justi,et
1504 4734 1590 4793 nolite
1600 4751 1723 4808 peccare.
1734 4735 1850 4801 (loto.)-

200 4825 290 4899 dignae
303 4825 476 4883 discretionis
486 4842 628 4883 arcanum.
642 4829 704 4884 Nou
717 4828 790 4884 enim
805 4828 923 4901 aliquem
937 4829 1001 4886 odio
1054 4833 1091 4888 Et
1104 4833 1224 4889 iterum:
1243 4858 1256 4881 ι
1272 4834 1342 4888 Ecce
1359 4840 1403 4888 sto
1425 4830 1461 4888 ad
1475 4829 1586 4898 ostium,
1603 4838 1629 4885 et
1643 4828 1731 4899 pulso.
1748 4828 1777 4884 Si
1792 4828 1853 4897 quis

200 4918 329 4992 prosequi
337 4919 1000 4995 debemus,sed,imprudentiafatuitaterclegem
1055 4943 1070 4979 ι
1089 4925 1205 4982 audierit
1217 4941 1310 4982 rocem
1320 4919 1854 4995 meam,etaperueritmihi,intraboad

201 5012 314 5070 Domini
329 5014 452 5071 volentes
471 5012 635 5087 infringere,
652 5013 825 5086 subportare.
840 5017 911 5072 Ecce
923 5016 997 5072 eninr
1054 5040 1068 5070 ι
1088 5016 1851 5090 illum,etcoenabocumillo,etipscmecumldpoc.111).·

200 5106 366 5179 acceptabile
394 5115 505 5180 tempus
529 5106 623 5177 adest;
649 5122 712 5165 ecce
736 5108 838 5166 iterum
865 5109 999 5167 Dominus
1052 5113 1185 5170 Videmus
1201 5113 1273 5187 jam,
1293 5115 1418 5182 Fratres,
1440 5109 1560 5169 eicorda
1579 5109 1792 5182 nostracrigere
1805 5122 1853 5164 co·

200 5199 378 5272 spiritualiter
391 5202 464 5259 inter
475 5200 604 5258 homines
616 5200 750 5272 ambulet,
765 5203 898 5274 clamans,
913 5210 941 5260 et
954 5204 998 5261 di·
1052 5222 1151 5265 nemur
1163 5207 1281 5277 intente,
1303 5211 1454 5264 Auctorem
1468 5213 1595 5263 nostrum
1608 5206 1732 5279 pulsare,
1746 5217 1853 5274 nosque

237 5409 293 5475 (66)
309 5411 423 5465 loanoes
442 5406 520 5465 alteri
540 5407 638 5465 loanni
659 5407 792 5467 successit
812 5410 882 5467 circa
895 5424 998 5467 annum
1052 5409 1176 5467 lumbiua
1195 5408 1377 5484 simplicitate,
1403 5408 1529 5466 mutilum
1551 5408 1579 5463 in
1601 5421 1669 5464 msa.
1698 5415 1741 5475 et,
1768 5407 1853 5464 etiam

203 5482 283 5545 (066,
298 5488 326 5535 et
336 5482 364 5537 S.
378 5480 513 5551 Gregorio
523 5479 683 5537 fidelissime
697 5480 824 5550 adhaesit,
840 5490 871 5538 ut
884 5499 934 5539 nec
944 5483 1000 5537 lm-
1051 5497 1114 5539 cum
1129 5481 1242 5555 editoris
1263 5479 1433 5537 Dollandiani
1449 5481 1658 5554 supplemento,
1678 5477 1852 5537 intricatissi-

201 5550 336 5622 peratoris
355 5551 437 5608 minae
459 5552 637 5623 potentiaque
657 5552 735 5609 illum
758 5562 879 5609 avertere
900 5563 997 5626 potue·
1051 5568 1141 5621 mum,
1157 5568 1207 5608 nos
1224 5552 1275 5608 bac
1289 5551 1363 5609 illius
1381 5551 1538 5625 conjectura
1561 5548 1658 5618 innixi,
1681 5559 1790 5607 textum
1804 5564 1853 5605 au·

202 5621 266 5703 rint.
279 5621 448 5679 laudatura
463 5625 546 5679 Petro
560 5622 680 5680 Ostiensi
695 5624 744 5681 lib.
760 5633 787 5682 l.
802 5624 931 5683 chronici
945 5627 998 5683 Ce-
1050 5633 1108 5681 tem
1123 5623 1157 5679 ad
1182 5623 1305 5681 Matthaei
1326 5623 1370 5696 (x,
1398 5630 1446 5690 le)
1462 5623 1542 5680 verba
1555 5620 1662 5680 fidelius
1675 5622 1853 5695 affingentes,

201 5694 320 5750 arnensis
331 5709 390 5765 cap.
406 5697 433 5749 2.
448 5702 477 5750 et
489 5693 560 5752 aliis.
648 5759 649 5762 Ἴ
1051 5695 1088 5752 ita
1103 5694 1276 5752 restituimus
1290 5697 1386 5764 (Enrr.
1401 5698 1545 5763 Parnon.)

237 5768 295 5833 (67)
312 5768 393 5822 llune
412 5763 505 5822 locum
519 5765 554 5823 de
567 5765 721 5838 serpentina
742 5767 884 5840 prudentia
898 5774 934 5841 μ
948 5783 998 5826 co·
