3884 6158
85 233 90 240 “
156 252 204 310 ser
396 204 402 211 ’
498 250 526 309 s.
546 249 708 308 canneru
726 250 771 307 vu
791 250 889 307 earu
907 249 1046 308 oeneus
1063 248 1150 306 urus
1168 249 1190 305 r.
1208 275 1244 290 -
1262 246 1457 303 uuorsrauu
1752 222 1808 298 ria

156 385 183 436 et
195 377 352 452 regulariter
368 376 536 449 assignatum
556 391 616 433 esse
629 376 827 449 perspexerint,
844 376 951 434 electio·
967 384 993 445 Α
1007 376 1155 434 nitentibus
1178 373 1280 432 electus
1297 372 1392 441 inerit,
1418 386 1482 428 cum
1497 369 1610 427 oonsilio
1625 367 1696 426 iilius
1718 373 1746 424 et
1759 381 1810 424 eo·

154 488 219 530 nem
237 480 354 530 emmam
368 469 455 539 (siem
464 469 572 543 justum
594 469 650 543 est)
667 476 762 528 nostra
777 470 835 528 vice
853 470 954 528 conur·
1008 470 1258 543 rumiratrumqui
1275 468 1303 525 in
1317 468 1492 525 siunaanctae
1505 464 1604 523 matris
1618 460 1746 521 Ecclesiae
1761 460 1810 519 fir·

154 576 254 625 ment:
279 566 322 623 sin
345 572 439 622 autem
456 563 487 620 in
500 579 533 622 eo
554 564 656 637 aliquid
671 564 840 623 contrarium
862 573 890 623 et
912 564 955 623 di·
1008 568 1090 625 miter
1117 566 1303 640 perstiterunt,
1334 569 1466 635 quantam
1493 560 1545 618 suh
1577 560 1690 617 obtentu
1709 554 1811 614 divinae

117 655 121 661 ’
154 676 242 734 guum
275 659 502 732 reprehensione,
535 659 684 733 quominus
720 659 754 718 ad
801 658 955 733 episcopale
1008 662 1103 736 gratiae
1128 661 1300 734 potuerimus
1323 654 1540 714 misericordiam
1566 651 1643 711 vohis
1668 650 1809 720 exhibere,

154 754 279 826 regimen
300 752 439 825 pervenire
459 753 567 823 debeat,
587 754 758 824 inveneriut3
781 762 876 811 amoto
896 753 954 825 illo,
1008 765 1037 814 et
1050 764 1156 813 erratus
1171 753 1253 813 vestri
1274 751 1391 827 pondus,
1415 758 1560 823 quantum,
1576 751 1635 806 Deo
1653 745 1809 815 solatiante,

154 848 241 905 talem
258 846 391 905 undastis
411 847 511 921 eligere
525 864 669 921 persomm
681 864 743 923 quae
755 856 832 906 tanto
856 848 955 906 honori
1008 851 1109 908 audere
1122 859 1151 907 et
1164 864 1244 922 posse
1262 846 1382 914 dabitur,
1397 854 1506 919 portare
1527 842 1616 917 parati
1637 856 1744 900 sumus.
1761 842 1811 898 Sin

155 949 185 1000 et
196 940 288 999 olllcio
300 950 444 1015 congruat,
461 950 489 998 et
506 958 590 1016 quam
611 952 705 1000 nostra
719 959 767 1016 per
780 942 894 1001 eosdem
914 943 954 999 le·
1008 954 1101 1003 nutem
1112 960 1160 1001 vos
1174 951 1269 1000 eontra
1283 942 1337 999 hoc
1350 941 1412 1010 niti,
1429 950 1457 997 et
1471 937 1661 1012 impedimenti
1675 935 1811 1010 objectio·

156 1042 235 1111 gatos
253 1045 449 1110 repraesentato
471 1038 619 1095 auctoritas
636 1039 787 1112 approbare
802 1046 828 1095 et
850 1037 955 1095 conlir-
1007 1056 1055 1099 nes
1076 1055 1197 1114 quaerere
1211 1048 1238 1097 et
1259 1037 1382 1095 iuvenire
1395 1033 1616 1110 cognoverimus,
1631 1032 1660 1089 in
1681 1047 1744 1089 eam
1757 1047 1810 1088 au·

155 1145 230 1190 mare
241 1132 347 1190 debeat.
368 1130 438 1188 lllud
452 1131 524 1188 enim
537 1131 644 1200 scitote,
664 1132 739 1204 quod
759 1132 782 1188 si
799 1132 913 1206 legalem
927 1139 956 1189 et
1008 1144 1065 1192 tem
1081 1143 1184 1208 partem
1204 1131 1361 1191 consentire
1380 1141 1413 1187 ut
1432 1138 1527 1187 contra
1549 1128 1667 1185 divinam
1681 1134 1710 1183 et
1723 1140 1811 1185 cane

155 1227 316 1286 canonicam
341 1226 501 1284 eiectionem
529 1242 577 1285 vos
607 1226 704 1284 leobae
731 1227 952 1300 cognoverimus,
1007 1230 1097 1287 nicam
1116 1229 1309 1287 auctoritatem
1324 1226 1458 1301 quispiam
1479 1225 1528 1282 sibi
1542 1223 1615 1282 sedis
1637 1221 1708 1278 illius
1728 1236 1811 1279 ocur·

157 1322 249 1380 omnia
262 1320 339 1379 vohis
353 1329 380 1378 et
399 1320 528 1378 Ecclesiae
541 1328 650 1391 vestrae,
670 1336 732 1395 quee
746 1321 893 1394 apostolica
905 1321 953 1378 de·
1007 1325 1147 1398 petionem
1167 1331 1328 1398 praesumat,
1353 1320 1446 1394 procul
1472 1319 1555 1376 dubio
1578 1325 1607 1374 et
1629 1317 1673 1374 ille
1695 1315 1809 1389 dignam

156 1418 205 1476 bet
218 1425 247 1474 et
257 1417 327 1473 valet
338 1416 496 1484 auctoritas,
515 1415 666 1473 cumomni
683 1415 816 1472 charitate
829 1415 953 1488 praesidia
1006 1436 1063 1478 suae
1083 1418 1233 1493 iniqnitatis
1248 1416 1405 1476 mercedem
1420 1414 1545 1483 inveniet,
1562 1412 1637 1470 etde
1652 1410 1729 1468 vohis
1743 1424 1811 1466 san·

63 1512 66 1523 '
156 1509 346 1571 exhibebimus
360 1528 367 1569 :
383 1519 411 1567 et
427 1511 450 1567 si
464 1510 526 1585 quis
539 1510 617 1567 aliter
627 1509 663 1567 ad
681 1510 777 1568 sedem
793 1510 866 1566 iilam
880 1510 953 1584 aspi·
1008 1523 1052 1571 cta
1071 1523 1098 1571 et
1115 1512 1262 1588 apostolica
1282 1510 1373 1578 sedes,
1397 1516 1501 1584 quanto
1522 1515 1665 1581 provocata
1685 1504 1810 1579 gravius,

156 1622 216 1666 rare
229 1606 449 1680 praesumpserit,
463 1604 559 1678 procul
579 1602 664 1663 dubio
678 1620 736 1662 uon
755 1606 846 1663 solum
860 1613 954 1661 contra
1008 1617 1086 1666 tauto
1097 1609 1241 1681 culparum
1254 1606 1377 1664 rationes
1391 1605 1480 1679 exiget
1491 1601 1653 1672 districtius,
1669 1596 1812 1674 judicabit

98 1758 103 1771 ,
157 1715 233 1770 eum,
247 1699 296 1759 sed
309 1700 393 1758 etiam
406 1709 502 1757 contra
514 1714 610 1757 omnes
624 1696 744 1757 lautores
755 1714 820 1757 suos
833 1699 953 1773 gladium
1008 1703 1140 1761 acerbius.

154 1795 244 1858 sancti
256 1796 346 1863 Petri,
362 1803 391 1854 et
402 1793 562 1868 apostolieae
574 1793 820 1852 animadversionis
830 1781 994 1868 jaculumB
1045 1800 1115 1855 Data
1139 1799 1238 1855 Romae
1261 1794 1368 1853 decimo
1388 1793 1485 1868 quinto
1506 1789 1645 1852 Kalendas
1667 1783 1810 1858 Octobris,

156 1887 278 1953 districte
290 1890 429 1949 vibratum
443 1898 472 1947 et
483 1889 615 1947 emissum
628 1889 737 1948 sentiet
1009 1891 1161 1951 indictione
1177 1891 1274 1966 primu.

190 1988 262 2045 Data
269 1985 487 2045 llomaedecimo
499 1983 595 2059 quinto
606 1984 746 2044 Kalendas
758 1983 897 2055 Octobris,
910 1981 951 2043 ln·
1280 2001 1457 2062 qusqogq
1477 2000 1534 2061 pp,

10 2100 15 2109 ¹
68 2170 72 2181 .
156 2081 275 2141 diam
287 2096 387 2155 pm·
1097 2126 1133 2169 su
1145 2122 1254 2168 uncatis
1262 2123 1447 2166 mautrauers
1458 2122 1490 2162 er
1502 2120 1718 2164 surruacnrsos.

434 2172 610 2234 EPlS'l'OLA
624 2171 673 2233 Vi.
1301 2213 1397 2287 (guno
1412 2210 1509 2284 1077.)

244 2289 280 2338 ΑΒ
299 2291 501 2337 mmmm
522 2294 651 2335 mm
672 2290 862 2342 mmmm
1009 2324 1148 2393 Significat
1160 2317 1367 2377 sollicitudines
1380 2332 1457 2374 suum
1467 2315 1500 2372 de
1513 2316 1594 2387 requi
1606 2314 1812 2370 teutonicorum

450 2374 545 2446 (ΑΕΗΘ
566 2379 633 2430 ¹⁰⁷⁷
643 2375 659 2445 ·)
1043 2393 1244 2466 perturbatione
1254 2391 1378 2447 sedando
1391 2408 1399 2445 ε
1414 2405 1469 2460 quo
1482 2386 1516 2444 dc
1528 2403 1557 2443 re
1569 2386 1609 2442 ud
1623 2399 1714 2440 omues
1725 2387 1809 2455 prin·

155 2471 244 2532 meet
258 2486 300 2527 eos
315 2468 458 2541 dilipeuter
470 2474 565 2525 curent
577 2473 609 2524 ut
623 2469 712 2524 electio
725 2470 847 2541 episcopi
863 2464 952 2538 Aqui·
1044 2469 1114 2537 cipes
1129 2465 1235 2520 litteras
1247 2465 1361 2530 meuse,
1378 2465 1409 2516 ut
1424 2464 1500 2515 turtio
1514 2460 1588 2514 mulo
1601 2473 1677 2542 opem
1691 2459 1787 2542 sumat
1800 2473 1810 2510 r

192 2545 433 2614 praepropere
445 2542 634 2612 quemleputos
647 2544 740 2604 mettii,
753 2542 952 2610 cunouicclicn
1045 2554 1105 2608 quae
1124 2552 1187 2593 curs
1208 2552 1244 2590 ou
1262 2535 1299 2590 od
1319 2549 1360 2591 eus
1381 2534 1554 2603 percuterirrt
1577 2533 1687 2597 merul,
1706 2533 1811 2585 uerum

190 2617 366 2672 scismaticis
380 2619 470 2669 nutem
487 2615 618 2669 cenorum
631 2614 753 2669 electioni
765 2613 951 2669 annitentibus
1045 2609 1212 2683 esemplurio
1235 2607 1322 2662 mittit
1348 2622 1405 2660 uuo
1428 2620 1487 2659 cum
1509 2605 1675 2660 sustentante
1697 2601 1813 2684 ilenrici

187 2683 559 2757 misericordiompoliiectur
573 2703 582 2737 .·
597 2686 622 2740 si
633 2701 693 2741 uero
708 2690 801 2741 contro
813 2687 950 2752 trituretur,
1045 2683 1126 2752 repis,
1151 2682 1209 2754 qui,
1227 2695 1256 2733 eo
1277 2681 1434 2747 conlemptu,
1459 2691 1518 2731 suos
1541 2675 1642 2758 legulos
1662 2687 1723 2742 cupi
1741 2686 1812 2754 per-

188 2763 237 2814 out
250 2761 276 2814 si
293 2760 354 2828 quis
368 2758 446 2814 illum
465 2758 553 2813 sedem
566 2761 683 2828 occupet,
710 2758 953 2828 praetesmittatur
1045 2755 1159 2809 martit.
1196 2754 1328 2807 Hortatur
1353 2765 1394 2805 eos
1422 2747 1463 2802 ad
1497 2748 1699 2802 ecclesiasticam
1727 2742 1812 2798 leber·

183 2846 291 2902 poeuus.
1045 2816 1735 2890 taem,etcuwmmuncmsatctenuqeuueaucm.

183 2933 343 2991 Graeculus
358 2930 512 3005 episcopus,
532 2946 630 2990 servus
644 2945 787 2989 servorum
809 2931 873 3000 Dei,
893 2946 952 2988 om·
1045 2937 1207 2994 Graeculus
1216 2933 1473 3007 episcopusservus
1485 2926 1696 2995 servorumitei,
1705 2928 1806 2985 Unoux

150 3027 231 3085 nibus
250 3026 384 3100 episeopis
404 3026 582 3099 Aquileiensis
600 3025 734 3083 Ectlttiae
757 3023 950 3098 suffraganeis,
1009 3029 1162 3088 Trevirensi
1175 3026 1392 3101 archiepiscopo,
1405 3031 1434 3082 et
1454 3023 1511 3098 ejus
1527 3022 1659 3097 episcopis
1673 3019 1812 3094 suifraga-

150 3122 195 3180 his
210 3121 258 3196 qui
272 3137 303 3179 se
320 3137 383 3179 vere
398 3121 494 3177 iratres
511 3118 698 3177 exhibuerunt
711 3118 885 3189 [exlribent],
905 3135 949 3176 sa·
982 3124 1079 3213 queis,
1093 3123 1208 3182 salutem
1223 3129 1250 3179 et
1273 3119 1453 3193 apostolicam
1469 3116 1697 3175 benedictionem.

64 3282 67 3287 ,
151 3214 238 3275 intem
251 3225 281 3273 et
300 3214 476 3289 apostolicam
499 3212 732 3282 benedictionem
748 3213 800 3271 illis
820 3228 883 3270 vero
903 3212 992 3296 quic
1041 3221 1083 3275 De
1109 3225 1188 3275 motu
1201 3222 1231 3274 et
1252 3213 1459 3289 perturbatione
1484 3212 1563 3286 regni
1588 3209 1809 3270 Teutoniocrum

149 3319 205 3367 1¹⁰⁰
223 3310 345 3367 toluma
365 3308 494 3366 charitate
512 3306 701 3377 fraternitatis,
727 3307 775 3365 sed
798 3307 833 3365 ab
847 3307 951 3365 unitate
1004 3317 1135 3389 quautam
1165 3309 1380 3368 sollicitudiuem
1399 3316 1586 3383 quantamque
1603 3305 1662 3378 jam
1684 3305 1807 3378 perlon-

150 3405 232 3461 etiam
256 3403 386 3462 Ecclesia
407 3403 578 3461 schismatica
600 3403 733 3476 pravitate
758 3399 949 3474 discesserunt,
1004 3425 1070 3483 gum
1091 3416 1200 3479 tempus
1227 3404 1393 3463 auxietatem
1420 3401 1645 3469 sustinuerimus,
1676 3399 1720 3456 ilie
1748 3412 1808 3473 prn

148 3498 249 3558 debite
267 3497 452 3557 sollicitudinis
467 3497 698 3556 exhortationem·
1004 3502 1132 3561 omnibus
1154 3501 1231 3560 novit
1244 3500 1290 3574 qui
1304 3499 1429 3557 omnium
1443 3505 1615 3556 secretorum
1627 3493 1753 3568 coguitor
1765 3500 1810 3551 eet

184 3595 280 3651 Clerus
289 3602 317 3650 et
329 3592 448 3665 populus
459 3591 640 3665 Aquileiensis
650 3591 791 3663 Ecclesia,
807 3591 903 3666 legatis
912 3589 948 3650 ad
1002 3605 1031 3655 et
1046 3598 1187 3671 inspector
1198 3611 1287 3652 verus.
1304 3594 1366 3664 Cui,
1388 3593 1470 3650 etiam
1485 3592 1509 3650 si
1533 3590 1602 3648 tales
1615 3588 1747 3648 exaudire
1764 3585 1809 3645 di·

54 3672 59 3683 ’
149 3697 200 3745 hos
214 3686 361 3758 litterisque
383 3685 501 3754 directis,
524 3685 719 3742 nuntiavemmt
738 3685 830 3759 uobis,
849 3686 948 3744 delun·
1002 3700 1110 3767 guntur,
1132 3691 1231 3748 multas
1245 3688 1457 3763 supplicationes
1472 3686 1598 3754 lecimus,
1615 3691 1642 3742 et
1659 3680 1805 3752 iaciemus,

149 3788 195 3839 ⁰1⁰
209 3794 297 3853 ¹¹¹¹ller
310 3778 442 3836 Sisshffl‘d0
455 3778 585 3852 lilli³⁰⁰l>⁰
605 3795 665 3849 ⁸⁰⁰2
681 3795 711 3837 se
725 3780 949 3840 archidiaconum
1002 3785 1180 3844 commonitis
1194 3793 1222 3842 et
1242 3783 1364 3841 exoratis
1376 3781 1471 3840 multis
1486 3779 1616 3839 fratribus
1628 3785 1656 3836 et
1669 3775 1807 3850 religiosis

149 3873 271 3947 ejusdem
284 3872 414 3930 Eccletlae
432 3872 460 3929 in
473 3872 565 3930 lotum
578 3872 654 3930 illius
667 3873 808 3947 regiminis
822 3875 946 3948 elogisse,
1002 3878 1262 3954 congregationibus
1284 3877 1320 3936 ad
1343 3877 1467 3935 studium
1481 3872 1642 3934 earumdem
1663 3872 1805 3947 snpplica-

148 3967 318 4043 postulantes
332 3976 364 4024 ut
378 3976 470 4025 etnos
484 3967 612 4025 electioni
630 3983 728 4025 eorum
741 3977 949 4027 noshaeauctu-
1001 3975 1122 4045 donum,
1145 3981 1177 4032 ut
1199 3974 1377 4031 misereretur
1402 3970 1491 4046 gentis
1514 3970 1596 4037 illius,
1623 3982 1676 4024 nee
1701 3964 1808 4024 sineret

148 4062 237 4120 unns
259 4077 401 4120 attentum
424 4061 720 4136 tossfltmtllonemtut
742 4061 945 4122 adhiberemus·
1001 4085 1064 4128 eam
1077 4069 1224 4143 inproprie
1237 4067 1339 4125 armari
1353 4066 1468 4136 vacere,
1490 4073 1519 4123 et
1529 4062 1565 4122 ad
1579 4061 1686 4120 ruinam
1704 4058 1806 4118 dome·

147 4153 264 4227 verum,
286 4156 348 4231 quia
369 4173 428 4214 rem
451 4164 595 4230 tantopere
615 4155 834 4230 perspiciendam
855 4156 947 4216 adhuc
1001 4165 1076 4223 eticae
1090 4162 1260 4222 fortitudinis
1274 4162 1303 4219 in
1316 4160 1387 4219 bello
1401 4158 1562 4234 coulligare,
1576 4156 1626 4230 sed
1647 4154 1732 4213 totius
1744 4152 1803 4213 dis·

148 4251 319 4327 incognitam
339 4249 370 4307 in
389 4251 477 4324 prima
491 4251 633 4311 auditione
653 4260 710 4308 tarn
733 4250 824 4310 subito
849 4268 949 4327 appro·
1000 4258 1102 4316 cordia
1132 4272 1228 4316 musas
1254 4271 1304 4314 sua
1339 4255 1443 4330 potenti
1480 4253 1580 4310 virtute
1606 4256 1804 4323 compesceret,

147 4340 213 4406 bare
232 4354 324 4405 tutum
336 4360 393 4403 non
405 4345 466 4418 luit,
479 4347 602 4404 misimus
623 4344 687 4404 illuc
708 4345 944 4419 legatosnostros,
1000 4360 1029 4410 ct
1049 4368 1098 4409 sna
1119 4350 1309 4410 moderatione
1332 4349 1390 4407 sius
1414 4349 1524 4407 lunesto
1548 4355 1576 4404 et
1599 4345 1726 4403 luctuoso
1748 4345 1806 4402 line

148 4451 178 4501 ut
189 4458 299 4501 causam
313 4448 341 4498 et
354 4440 481 4499 ordinem
500 4440 640 4498 electionis
653 4439 745 4497 subtili
759 4440 945 4514 exploratione
999 4455 1186 4520 componeret.
1206 4445 1324 4504 Litteras
1336 4459 1446 4517 quoque
1457 4443 1516 4518 jam
1528 4449 1590 4498 ante
1612 4448 1668 4497 tres
1693 4452 1806 4497 meuses

147 4537 315 4609 perquiram,
330 4543 358 4592 et
371 4532 503 4607 quinquie
516 4532 580 4590 inus
596 4540 644 4591 aut
657 4533 883 4593 confirmandum
897 4544 945 4593 aut
998 4548 1028 4600 et
1053 4557 1086 4600 eo
1100 4538 1297 4615 amplioribus
1320 4537 1478 4609 murmur,
1502 4534 1627 4594 udeuoet
1641 4532 1738 4608 tegatis
1751 4548 1805 4591 no·

146 4628 351 4702 lttfflbtndssm
365 4636 417 4697 ⁰³22
427 4627 549 4701 diligenti
565 4628 809 4702 circumspectione
829 4628 943 4703 [addere
956 4609 983 4680 Ῐ)
998 4636 1061 4696 stris
1073 4635 1213 4694 Bemardo
1227 4633 1343 4693 diacono
1356 4641 1463 4701 nostro,
1476 4640 1504 4688 et
1517 4627 1591 4688 idern
1603 4627 1745 4686 Bernardo
1756 4626 1807 4685 rei

147 4721 513 4793 tiumsortenobisnotum]
528 4718 636 4779 inciam.
655 4724 804 4783 ilonemus
818 4723 945 4798 igituret
997 4730 1095 4804 ligioso
1117 4727 1281 4788 Massiliensi
1295 4725 1398 4795 abbati,
1415 4742 1497 4800 quem
1519 4731 1703 4798 captumesse
1720 4718 1803 4778 audl-

147 4832 205 4888 vos,
225 4830 342 4890 quorum
356 4814 469 4889 quidem
487 4816 607 4874 multum
625 4816 748 4888 interest,
768 4818 836 4877 utin
851 4817 902 4877 bac
913 4834 943 4878 re
996 4825 1097 4894 vimus,
1112 4840 1164 4881 nec
1183 4838 1240 4880 uon
1253 4830 1281 4879 et
1298 4814 1432 4879 universis
1453 4817 1623 4892 principibus
1645 4822 1728 4874 terrae
1741 4822 1803 4871 tam

146 4914 243 4971 tssnae
263 4908 451 4969 sollicitudinis
469 4910 591 4969 studium
611 4911 777 4983 adhibeatis;
796 4923 943 4987 quatenus,
996 4917 1185 4976 ecclesiasticis
1199 4932 1283 4991 qnam
1304 4912 1482 4973 saecularibus
1496 4909 1628 4986 personis,
1651 4906 1804 4982 inquibus

145 5004 291 5063 amiliante
303 5007 374 5074 Deo,
390 5003 452 5061 talis
464 5004 499 5062 sit
512 5006 558 5079 qui
574 5005 603 5061 in
615 5005 737 5064 culmine
749 5014 834 5066 tantae
852 5008 941 5082 digni·
996 5010 1073 5088 qnod
1085 5010 1165 5069 nobis
1186 5009 1222 5068 ad
1240 5008 1398 5066 evitandam
1413 5005 1530 5074 caedem,
1543 5002 1684 5074 incendia,
1698 5008 1728 5059 et
1746 5002 1801 5059 aha

144 5098 209 5158 tatis
227 5098 376 5173 praesidere
387 5098 497 5169 debeat,
511 5107 543 5156 nt
556 5098 644 5168 robis,
662 5101 709 5174 qui
735 5100 758 5158 ei
773 5116 872 5161 manus
887 5102 942 5160 im·
973 5107 1132 5180 ,bellorum
1144 5106 1276 5179 pericula,
1291 5103 1428 5176 optimum
1443 5111 1472 5160 et
1484 5103 1512 5159 in
1527 5099 1597 5157 tanti
1610 5094 1712 5172 negoti
1724 5094 1801 5156 diffl-

144 5200 248 5266 ponere
256 5191 370 5263 debetis,
385 5208 442 5250 uon
453 5191 568 5251 umbus
579 5201 627 5250 aut
637 5194 768 5266 periculo,
781 5196 829 5254 sed
841 5197 940 5270 gaudio
995 5202 1102 5260 uitione
1123 5197 1309 5275 justissimum
1332 5195 1484 5266 videbatur,
1510 5210 1558 5254 eos
1579 5188 1754 5251 consulendo
1770 5198 1802 5249 et

143 5285 293 5357 ethonori,
311 5295 339 5345 et
351 5286 507 5346 commissa
525 5286 575 5345 sibi
588 5286 659 5360 plebi
673 5287 754 5346 saluti
772 5290 939 5350 meatur.
997 5292 1134 5354 hortando
1157 5309 1222 5351 crim
1244 5291 1320 5350 omni
1344 5290 1434 5349 studio
1456 5288 1566 5363 exsequi
1588 5283 1800 5355 admonuimuse

142 5378 228 5439 vobis
244 5386 348 5451 anum,
364 5379 424 5455 iub
446 5378 539 5439 11Μο
553 5395 589 5439 ³11
608 5380 708 5439 fim⁰r⁰
732 5390 781 5440 aut
793 5398 847 5457 qut
861 5399 940 5444 otte·
996 5398 1024 5448 et
1046 5396 1080 5446 nt
1102 5385 1202 5445 lortius
1226 5386 1385 5445 insisterent
1398 5383 1547 5459 apostolica
1570 5379 1734 5440 auctoritate
1756 5376 1800 5437 ln·

142 5473 220 5533 sione
239 5472 356 5543 seducti,
381 5489 481 5533 manus
509 5484 537 5533 ct
562 5474 672 5548 linguas
693 5483 798 5535 vernes
819 5492 892 5537 noro
913 5486 942 5539 et
992 5481 1145 5559 jimximm.
1158 5484 1271 5551 Verum,
1290 5480 1354 5555 qula
1367 5480 1446 5537 nobis
1470 5493 1527 5536 uon
1540 5474 1605 5535 satis
1620 5478 1799 5549 comparum

140 5567 266 5627 iheudito
288 5567 434 5627 schismate
448 5567 594 5642 polluistis,
608 5577 637 5626 et
649 5570 685 5629 ob
700 5569 753 5630 hoc
770 5572 799 5630 in
812 5572 941 5647 laqueum
996 5584 1139 5636 estunam
1153 5576 1187 5634 ad
1200 5592 1248 5634 ros
1258 5574 1431 5650 pervenerint
1445 5573 1498 5631 illas
1511 5570 1612 5629 litterae
1625 5567 1719 5641 antei
1730 5582 1799 5640 per-

142 5662 321 5722 nmthematis
344 5661 488 5732 incidistis,
515 5678 641 5722 seorsum
655 5662 772 5723 dumus
798 5668 940 5740 quoniam,
995 5672 1139 5742 latresiut,
1162 5686 1197 5729 ne
1210 5669 1441 5729 inmedeearnm
1465 5666 1579 5725 reduto
1593 5658 1798 5741 aliquidduhl·

139 5757 213 5816 siin
230 5757 343 5832 prelata
365 5757 528 5831 Aquileiensi
550 5757 669 5816 Ecclesia
689 5759 784 5833 aliquis
799 5760 899 5835 diguus
913 5770 942 5822 et
994 5766 1069 5837 tens,
1098 5765 1209 5825 easdem
1238 5764 1314 5823 robis
1331 5762 1376 5823 'de
1393 5760 1492 5821 nosuls
1518 5754 1726 5835 exemplrrlhus
1750 5768 1796 5815 re·

138 5849 256 5915 idoneus
277 5851 307 5911 in
325 5850 483 5926 episcopum
503 5852 581 5911 robis
601 5850 705 5913 sincera
725 5855 865 5916 voluntate
888 5868 939 5916 au·
994 5859 1110 5935 scriptas
1122 5861 1232 5920 mittete
1245 5858 1413 5928 curatimus,
1422 5854 1686 5945 ,idmonentetqros
1701 5854 1732 5907 et
1744 5844 1798 5925 qk
