3884 6158
657 256 757 335 quen
773 258 893 315 sonus.

914 288 948 301 —
968 261 1070 317 betst.
1092 263 1122 313 V.
1661 272 1713 326 tto

68 390 112 431 nes
130 374 388 431 excommunicatos
407 392 493 449 usqua
511 377 547 434 ad
564 378 731 451 condignam
747 356 858 439 satisia-
871 389 899 451 Α
913 384 949 439 sit
957 383 1080 441 obtinere
1091 393 1260 457 perpetuam.
1270 389 1312 442 De
1326 386 1403 443 noris
1418 388 1631 447 ultramontanis
1642 390 1712 447 nibil

67 468 185 525 ctionem
199 483 295 524 rursus
306 471 616 541 excommunicavimus,
625 482 652 528 et
666 473 861 532 iratrunrmul·

65 559 213 617 titudinem
227 561 273 635 qui
283 558 399 618 aderant
413 566 581 635 rogavimus,
599 575 629 621 ut
642 567 860 624 misericordiam

66 654 112 711 Dei
122 654 248 727 quotidie
258 664 383 725 exorent,
394 665 531 729 quatenus
546 658 608 714 illos
618 676 665 731 per
673 677 766 717 veram
777 662 862 733 qxoeni·

65 749 178 805 tentiam
186 748 221 804 ad
230 749 368 821 gremium
379 759 481 806 sanetae
492 752 589 807 matris
598 753 729 810 Ecclesiae
739 755 861 823 redueat,

65 841 155 914 eisque
167 842 279 898 inbono
293 845 523 913 perseverantiam
539 846 652 901 tribuat.
666 847 774 902 Nullius
784 849 861 904 euim

65 934 372 1006 bominisperditionem
382 938 544 1009 quaerimus,
555 939 603 996 sed
611 939 736 996 omnium
745 942 862 997 salutem

67 1028 92 1083 in
103 1027 216 1085 Christo
228 1028 432 1087 desideramus.

342 1133 516 1188 epistota
536 1134 582 1189 lV.

243 1248 284 1289 an
303 1250 449 1291 sanarent
468 1252 685 1293 cssstseusau.

358 1330 452 1399 (Anno
478 1336 567 1396 1081).

72 1424 102 1478 t't
113 1422 234 1491 esquurei
246 1438 287 1475 on
304 1422 434 1477 liebertus
448 1424 506 1477 dua
518 1426 667 1494 apostolice
675 1424 745 1479 sedis
759 1425 862 1479 oranilio

98 1499 226 1548 carnum
237 1496 283 1554 sit,
298 1498 324 1548 et
337 1510 374 1547 ou
387 1496 622 1564 quadragesimali
636 1502 762 1564 terrrporu,
779 1512 829 1565 quo
844 1512 861 1550 u

98 1565 199 1618 militia
222 1580 319 1618 rencone
339 1566 451 1628 solebat,
483 1566 594 1635 aliquod
613 1567 766 1635 rrpasrottaa
790 1567 861 1622 sedis
885 1624 888 1629 ,

99 1637 230 1705 tppidum
245 1638 274 1689 in
288 1638 381 1705 officio
401 1639 533 1691 eorilbrere
552 1638 626 1691 uelit.
643 1642 741 1693 llereem
758 1640 862 1693 morteri

98 1709 164 1769 uult,
180 1712 211 1761 ut
225 1712 345 1776 impotem
363 1710 482 1763 suuntub
497 1711 633 1764 invasione
646 1714 782 1764 terrorum
797 1727 859 1764 sliri·

96 1781 132 1831 cti
145 1781 224 1834 Petri
235 1785 388 1848 complerent.

96 1878 273 1936 Generosius
282 1879 434 1952 episcopus,
446 1897 542 1937 seruus
554 1898 697 1938 servorum
710 1882 767 1949 bei,
779 1899 859 1939 urire·

54 1971 137 2028 rabili
152 1972 248 2029 abbati
267 1974 424 2031 cassinensi
446 1977 471 2028 D
476 2015 529 2031 .....
547 1978 556 2044 [
571 1976 724 2043 Desiderio,
738 1993 776 2031 src
791 1982 816 2031 ct
831 1980 858 2031 in

61 2067 119 2122 cod.
147 2064 258 2139 sintin]
286 2068 456 2123 salutemet
484 2069 668 2140 apostolicam
690 2070 857 2126 benedictio-

65 2172 135 2217 nem.

94 2254 165 2309 Satis
178 2254 259 2311 novit
272 2253 382 2311 dileetio
397 2265 590 2328 tuaquantum
605 2258 745 2313 commodi
760 2257 792 2312 de
808 2274 857 2328 pa·

67 2350 165 2405 catione
177 2350 259 2406 ducis
267 2351 382 2408 Roberti
394 2360 488 2407 saneta
499 2355 625 2408 Rontana
633 2352 750 2408 Ecclesia
766 2370 857 2422 spera-

68 2443 137 2511 verit,
157 2451 351 2515 quantumque
372 2460 405 2500 es
426 2444 477 2501 boc
495 2444 598 2500 inimici
619 2445 678 2517 rjus
697 2446 855 2512 tinnieriut3

64 2551 145 2610 neque
155 2537 243 2595 etiam
258 2547 284 2593 te
294 2538 377 2593 latere
392 2546 531 2608 [nutamus.
550 2539 613 2594 huic
624 2540 784 2610 apostolieae
798 2540 856 2597 sedi

62 2646 91 2687 ex
103 2638 183 2703 parte
195 2631 268 2686 illius
285 2631 351 2702 quid
366 2632 491 2687 utilitatis
506 2634 663 2688 accesserit.
678 2632 772 2701 Unde,
792 2635 856 2705 quia

58 2725 241 2796 plurimorum
255 2723 375 2780 bdelium
386 2741 511 2797 supereo
526 2742 597 2797 spes,
608 2726 680 2781 sicut
693 2727 785 2797 palam
796 2742 856 2782 cer-

58 2818 149 2885 nitur,
159 2818 303 2888 btrcusque
309 2833 367 2873 non
377 2820 520 2889 processit,
536 2822 664 2875 uoluntas
675 2828 704 2874 ut
712 2821 746 2875 de
755 2828 856 2876 caetero

56 2914 182 2972 animum
194 2916 282 2987 ipsius
291 2915 526 2987 qualitersecirea
537 2920 695 2973 Romanam
704 2918 857 2975 Ecclesiam

55 3006 160 3066 babeat
171 3010 306 3065 ueraciter
316 3009 468 3082 intelligere
476 3010 596 3067 studeas.
611 3012 751 3083 Praecipue
761 3020 856 3067 autem

877 1752 901 1813 B

914 479 979 534 corti
991 478 1134 547 babemus,
1147 489 1260 553 excepto
1270 480 1343 551 quod
1357 481 1508 539 ilenricum
1520 500 1665 557 nunquam
1680 500 1709 541 se

916 571 1052 626 intelicius
1069 571 1198 628 babuisse
1218 589 1286 645 pene
1309 590 1407 631 ornnes
1433 575 1507 633 illinc
1531 576 1709 637 advenientes

914 662 1065 722 ailirntant.

1198 788 1372 844 EPISTOLA
1395 790 1429 844 V.

1025 915 1066 956 sn
1085 915 1240 958 nueoussr
1260 919 1397 960 nisusms
1416 921 1600 965 nriseoruss.

917 1016 984 1071 Cum
1001 1017 1105 1086 legatus
1117 1021 1249 1088 episcopos
1264 1022 1452 1085 Norlnurnnos,
1468 1025 1535 1092 qrrt'o
1553 1027 1652 1094 spriada
1673 1027 1711 1081 ud

952 1104 1033 1157 quum
1047 1090 1211 1143 cumburetur·
1222 1097 1319 1159 praesto
1332 1108 1385 1146 aton
1402 1095 1524 1162 suenoni,
1534 1096 1708 1165 deposuisset,

950 1162 1077 1229 praempit
1091 1164 1116 1215 ei
1126 1167 1156 1214 ut
1170 1176 1211 1215 eos
1231 1162 1367 1225 restituet,
1380 1179 1412 1219 ne
1426 1180 1515 1233 regem
1534 1167 1649 1235 Anglire,
1662 1171 1712 1238 qui

955 1233 983 1284 in
1003 1232 1092 1286 sedern
1114 1234 1285 1301 apostolicum
1308 1250 1367 1303 pne
1381 1238 1482 1289 caeteris
1503 1237 1611 1304 regibus
1633 1239 1707 1293 obse·

953 1305 1078 1371 querellas·
1092 1310 1160 1365 erret,
1178 1310 1334 1373 enumerem
1347 1310 1374 1359 et
1388 1306 1466 1375 jubet
1487 1311 1518 1360 ut
1537 1323 1602 1377 erqu
1622 1325 1709 1363 omues

954 1374 1012 1442 q'us
1036 1374 1158 1430 srtddites
1176 1377 1272 1429 mitius
1293 1382 1368 1443 uperi.
1391 1378 1467 1444 osred
1480 1378 1555 1432 idern
1568 1379 1626 1434 nult
1645 1396 1710 1447 erqo

952 1446 1051 1499 milites
1059 1447 1199 1515 quosdam,
1214 1449 1265 1514 qul
1283 1448 1321 1501 od
1331 1448 1492 1503 simoniacos
1513 1450 1709 1515 etsorninnios

952 1517 1057 1600 elericos
1082 1517 1233 1573 educendos
1254 1520 1393 1573 auditum
1414 1521 1504 1588 leqoto
1523 1522 1642 1576 tulerunt
1663 1521 1708 1576 ob·

950 1603 1062 1643 sernum.

950 1704 1132 1762 Guneonws
1145 1705 1404 1778 episcopusservus
1417 1723 1560 1765 servonrm
1570 1709 1632 1779 Dei,
1645 1709 1710 1767 dile
1801 1714 1805 1719 '

913 1798 964 1852 ctis
976 1799 1002 1853 iu
1016 1799 1125 1855 Cbristo
1142 1799 1274 1856 iratribus
1283 1802 1406 1858 Huaour
1419 1802 1512 1859 Diensi
1526 1803 1665 1875 episcopo,
1681 1812 1709 1859 st

913 1898 971 1947 Λ...
987 1893 1103 1948 salutem
1118 1901 1147 1948 et
1160 1895 1338 1965 apostolicam
1348 1894 1582 1953 benedictionem.

948 1986 1086 2043 Pedatam
1113 1989 1195 2046 nobis
1213 2000 1255 2046 cst
1279 1990 1356 2063 quod
1384 1991 1480 2061 religio
1496 2001 1586 2049 restra
1611 2009 1708 2050 omnes

911 2084 1151 2139 Nortmannornm
1167 2084 1317 2155 pontifices,
1333 2092 1432 2156 praeter
1442 2084 1708 2157 Rotbomagensem,

913 2176 1055 2248 ipsumque
1074 2177 1269 2234 culturensem
1283 2178 1423 2245 abbatem,
1449 2195 1534 2251 quem
1553 2196 1606 2236 nos
1625 2181 1710 2237 resti·

912 2270 1027 2335 ruimus,
1043 2271 1078 2326 ad
1091 2272 1241 2327 concilium
1255 2272 1384 2329 invitatos
1395 2273 1547 2345 suspendit.
1574 2276 1651 2343 Quos
1664 2282 1707 2331 ta-

912 2379 986 2430 men,
999 2364 1068 2419 sicut
1082 2363 1160 2420 nobis
1170 2373 1328 2437 suggestum
1343 2374 1395 2432 est,
1406 2381 1462 2421 non
1476 2374 1534 2421 tant
1548 2366 1710 2423 inobedien-

911 2458 1047 2529 linquam
1068 2467 1159 2513 metus
1172 2459 1244 2529 regis
1262 2461 1441 2527 Francorum,
1459 2460 1561 2515 seilicet
1581 2460 1647 2532 qnia
1662 2476 1707 2515 se-

910 2567 975 2606 cure
997 2553 1088 2606 venire
1107 2552 1268 2622 nequibant,
1293 2552 1437 2607 subtraxit.
1462 2556 1521 2626 Qua
1542 2554 1570 2608 in
1592 2570 1621 2610 re
1641 2570 1708 2626 prn-

911 2644 1002 2701 dentia
1016 2653 1063 2699 tua
1074 2645 1139 2717 quid
1153 2646 1232 2700 nobis
1247 2646 1370 2701 videatur
1384 2647 1518 2703 advertat.
1535 2652 1595 2705 Rex
1607 2650 1708 2720 Angla·

912 2755 973 2793 rum
984 2738 1047 2794 lieet
1057 2739 1085 2791 in
1100 2738 1262 2809 quibusdam
1274 2754 1330 2793 non
1345 2739 1382 2793 ita
1392 2740 1531 2811 religiose,
1546 2741 1620 2797 sicut
1631 2751 1708 2813 opta·

911 2847 984 2895 ntuS,
999 2846 1027 2885 se
1038 2829 1136 2885 habeat
1150 2834 1239 2900 (tol);
1254 2838 1347 2885 tamen
1366 2831 1395 2885 in
1416 2830 1469 2887 hoe
1491 2830 1565 2902 quod
1581 2833 1708 2889 ecclesias

911 2925 960 2979 liei
978 2939 1034 2979 non
1048 2923 1166 2979 destruit
1179 2937 1268 2995 neque
1283 2922 1385 2989 uendit,
1400 2930 1428 2978 et
1447 2939 1542 2994 pacem
1555 2924 1707 2996 justitiam-

910 3032 964 3088 que
974 3016 1126 3072 insubditis
1140 3016 1196 3071 suis
1207 3016 1345 3073 moderari
1361 3025 1504 3087 procurat3
1520 3025 1548 3072 et
1561 3017 1624 3090 qnia
1642 3034 1707 3074 con·

52 3101 114 3175 ejus
131 3101 305 3158 voluntatem
318 3104 348 3158 in
357 3102 401 3157 bis
415 3119 564 3176 agnoscere
575 3103 721 3176 diligenter
736 3113 763 3160 te
774 3104 854 3176 cupi·
869 3130 892 3193 C
911 3120 952 3165 tra
965 3111 1145 3182 apostolicam
1157 3111 1261 3179 sedem,
1280 3119 1393 3184 rogatus
1406 3127 1421 3166 a
1434 3111 1599 3183 quibusdam
1612 3111 1706 3167 inimi·

52 3210 130 3265 mus,
147 3196 256 3252 scilicet
277 3196 301 3251 si
323 3197 478 3252 necessaria
503 3196 585 3252 nobis
603 3197 741 3269 expeditio
761 3197 854 3265 luerit,

54 3298 118 3361 post
137 3288 252 3358 Pascha,
268 3305 369 3361 anper
384 3306 423 3355 se,
445 3290 485 3345 vel
498 3290 645 3361 perblium
664 3308 745 3347 strum
763 3278 792 3347 sc
807 3290 857 3348 de·

53 3392 149 3441 center
166 3399 364 3441 succursurum
380 3383 543 3440 fiducialiter
559 3383 729 3456 polliceatur.
748 3386 777 3440 Si
793 3401 856 3444 vero

53 3478 108 3536 hoe
118 3494 176 3535 non
185 3479 320 3551 potuerit,
330 3487 398 3551 quot
408 3479 513 3533 milites
529 3488 591 3551 post
604 3479 730 3551 paschale
742 3477 856 3546 festum,

52 3582 85 3629 ut
102 3574 132 3629 in
143 3572 273 3629 familiari
288 3572 389 3628 militia
403 3572 477 3628 beati
491 3573 565 3628 Petri
580 3574 646 3639 siut,
661 3589 689 3626 se
702 3571 856 3628 destinatu-

53 3683 118 3724 rum
131 3665 323 3723 indubitanter
337 3666 490 3738 promittat.
502 3669 563 3722 Hoc
578 3667 662 3722 etiam
676 3666 789 3721 solerter
798 3682 857 3737 pro·

55 3760 285 3817 cumsadvertere
295 3777 329 3816 an
342 3762 404 3816 illos
419 3761 490 3829 dies,
502 3761 858 3834 videlieetquadragesirna-

54 3854 107 3925 les,
116 3855 218 3927 quibus
229 3856 395 3911 Nortmanni
404 3856 494 3912 solent
505 3872 595 3929 pugna
606 3872 713 3923 uacare,
727 3855 856 3928 praelatus

53 3946 110 4005 dux
124 3948 258 4004 assentiat
272 3949 324 4004 boc
340 3957 420 4020 pacto
434 3952 494 4005 Deo
509 3949 622 4017 ollerre,
638 3957 670 4004 nt
680 3966 736 4005 una
752 3951 792 4004 vel
807 3965 856 4003 no·

53 4041 212 4099 biscumvel
224 4058 291 4099 cum
301 4051 397 4102 nostro
409 4044 501 4116 legato
514 4042 550 4098 ad
564 4042 671 4113 aliquas
685 4050 773 4098 terras
783 4041 855 4097 beati

53 4135 140 4203 Petri,
147 4151 204 4207 quo
214 4136 345 4192 invitatus
355 4135 645 4207 inerit,oonrpetenter
655 4135 856 4190 instruetusae·

52 4226 150 4293 sedat,
164 4237 301 4299 quatenus
316 4228 369 4285 boe
381 4228 422 4285 sui
433 4228 556 4302 obsequii
569 4226 673 4293 studio,
684 4235 712 4283 et
726 4227 815 4283 bonos
829 4226 855 4281 in

52 4321 206 4394 apostoliea
220 4321 352 4378 fidelitate
366 4322 522 4391 confirmet,
537 4330 565 4378 et
583 4321 699 4377 rebelles
709 4337 742 4377 ae
756 4328 854 4377 contu-

53 4427 152 4468 maces
169 4412 203 4468 ad
225 4412 348 4470 debitam
362 4424 468 4471 sanctae
482 4419 618 4471 Romanae
633 4414 762 4471 Ecclesia
776 4430 852 4470 reve-

910 3204 950 3260 cis
963 3204 1050 3260 erucis
1065 3204 1163 3261 Christi
1185 3212 1298 3275 pactum
1322 3205 1403 3272 inire,
1425 3205 1586 3260 consentire
1600 3205 1704 3273 noluit,

909 3298 1083 3371 presbyteros
1098 3312 1208 3362 uxores,
1223 3296 1304 3351 laicos
1313 3297 1435 3353 decimas
1451 3312 1520 3368 quas
1532 3297 1704 3366 detinebant,

910 3389 1308 3462 etiarniuramentodimittere
1318 3389 1465 3461 compulit;
1476 3392 1584 3447 caeteris
1599 3389 1707 3464 regibus

911 3500 940 3538 se
954 3484 1021 3539 satis
1037 3483 1248 3554 probabiliorem
1259 3497 1292 3536 ac
1306 3482 1394 3553 magis
1407 3482 1602 3539 honorandum
1616 3492 1708 3539 osten-

910 3575 952 3631 dit
969 3595 975 3631 :
990 3576 1062 3633 unde
1082 3592 1139 3631 nou
1157 3575 1301 3647 indignum
1316 3574 1397 3631 debet
1412 3576 1565 3631 existimari
1582 3584 1706 3648 potesta·

910 3679 967 3725 tem
982 3670 1053 3725 illius
1067 3669 1161 3725 mitius
1179 3684 1238 3725 esse
1260 3667 1446 3735 tractandam,
1461 3675 1552 3741 atque,
1576 3678 1703 3741 respectu

911 3763 1062 3833 probitatis,
1077 3764 1162 3834 ipsius
1172 3761 1348 3818 subditorum
1362 3770 1390 3818 et
1409 3776 1507 3817 eorum
1521 3777 1592 3833 quos
1604 3762 1704 3835 diligit,

909 3855 1086 3930 negligentias
1099 3872 1133 3910 cx
1155 3864 1229 3926 parte
1253 3854 1313 3911 iore
1328 3853 1489 3926 portandas.
1505 3856 1631 3928 Denique
1645 3871 1706 3911 me-

909 3951 1020 4006 minisse
1035 3957 1124 4021 potest
1136 3948 1248 4004 dileetio
1263 3956 1355 4003 vestra
1366 3947 1482 4019 qualiter
1496 3955 1523 4003 et
1538 3948 1636 4004 beatus
1650 3950 1705 4004 Leo

909 4059 976 4114 papa
991 4042 1153 4115 neophytos,
1169 4051 1196 4097 et
1207 4042 1301 4097 beatus
1314 4041 1463 4112 Gregorius
1477 4041 1643 4097 venantium
1657 4056 1705 4097 ex-

908 4135 1066 4208 patricium,
1080 4149 1162 4206 quem
1175 4150 1242 4190 suus
1253 4134 1397 4206 episcopus
1411 4134 1511 4205 injuste
1522 4135 1704 4206 corripuerat,

907 4227 1056 4285 sustinuit:
1074 4234 1101 4282 et
1112 4226 1346 4298 quemadmodum
1366 4226 1512 4283 elementia
1524 4227 1639 4284 Domini
1654 4230 1704 4283 lo-

908 4320 1006 4392 sapbat
1033 4320 1092 4392 regi
1106 4318 1188 4385 luda,
1210 4319 1256 4389 qui
1270 4319 1358 4390 impio
1371 4318 1467 4375 Acbab
1488 4320 1620 4376 auxilium
1639 4335 1706 4391 prn-

906 4415 975 4471 bens
989 4414 1058 4469 iram
1072 4412 1196 4470 divinam
1215 4421 1363 4480 meruerat,
1385 4410 1506 4468 indulsit.
1526 4414 1616 4482 Quare
1630 4413 1705 4468 volu-

51 4510 177 4562 rentiam
189 4514 272 4581 atque
286 4508 429 4564 servitium
444 4508 484 4564 vel
507 4516 611 4565 terrore
630 4516 739 4565 revocet
756 4507 796 4563 vel
812 4508 849 4574 vi,
868 4511 895 4573 [t
910 4523 971 4562 inus
984 4515 1015 4563 ut
1034 4506 1289 4563 iraternitasrestra
1303 4505 1557 4576 supramemoratis
1572 4505 1705 4577 episcopis

51 4601 160 4673 talique
171 4602 256 4658 modo
271 4619 327 4660 suae
338 4607 398 4660 Deo
407 4604 511 4661 militiae
519 4621 620 4661 munus
629 4605 779 4676 gratuitum
789 4601 854 4660 oile-

53 4703 111 4753 rat.
123 4698 263 4753 Praeterea
275 4697 309 4753 de
318 4706 419 4768 nepote
433 4714 482 4755 suo
494 4697 618 4755 Roberto
632 4698 665 4754 de
678 4697 809 4753 Loritello
821 4696 856 4754 ad

50 4788 143 4863 ipsius
157 4788 235 4846 ducis
248 4792 413 4847 memoriam
430 4807 541 4849 revoces
559 4791 675 4864 qualiter
688 4790 723 4847 de
737 4791 784 4846 illo
801 4806 855 4845 no-

51 4884 96 4939 bis
114 4882 257 4955 promisit,
271 4884 398 4941 videlicet
417 4885 491 4957 quod
505 4884 578 4941 idem
600 4900 693 4940 contos
717 4900 745 4939 se
766 4892 854 4939 terras

50 4976 216 5049 apostolieae
228 4976 314 5045 sedis,
327 4987 427 5050 praeter
436 4994 504 5052 quas
518 4977 647 5041 babebat,
668 4978 783 5034 ulterius
797 4991 854 5031 non

51 5070 219 5128 invasurum
236 5072 388 5144 spopondit
408 5092 415 5129 ε
433 5088 502 5145 quas
522 5081 617 5129 tamen
636 5086 783 5143 proposse
803 5085 853 5125 stro

52 5162 196 5233 invadere,
211 5164 284 5221 sieut
301 5164 456 5223 audirimus
467 5165 558 5222 adbuc
577 5181 633 5221 non
648 5163 764 5221 desistit.
788 5164 854 5219 Sua·

50 5256 125 5315 dens
143 5258 229 5329 igitur
242 5256 395 5315 admoneas
407 5273 472 5315 oum
482 5265 513 5314 nt
525 5258 673 5315 memorati
693 5256 800 5329 nepotis
810 5257 854 5313 sui

49 5348 218 5421 sacrilegam
232 5357 391 5422 compescat
409 5348 563 5419 audaciam,
578 5358 659 5423 atque
678 5349 805 5406 hortetur
819 5349 853 5405 il-

50 5442 114 5501 lum
122 5442 263 5515 praeterita
270 5441 446 5514 corrigendo,
461 5451 489 5497 et
500 5444 529 5498 in
539 5441 630 5504 intuso
643 5443 854 5517 seabstinendo,

49 5534 172 5593 beatum
185 5539 298 5594 Petrum
311 5536 464 5607 propitium
478 5534 529 5592 sibi
540 5534 638 5604 lacere,
654 5538 682 5592 in
701 5536 780 5609 cujus
794 5535 855 5591 irri-

48 5628 161 5687 tatione
172 5627 294 5699 ruinam,
307 5636 336 5687 et
349 5629 379 5687 in
392 5629 481 5704 grana
493 5630 613 5687 vitamet
622 5628 784 5689 felicitatem
793 5645 853 5703 pos·

909 4609 936 4657 et
959 4599 1118 4668 abbatibus,
1140 4616 1196 4655 non
1217 4599 1399 4671 praetermisso
1414 4598 1573 4654 culturensi
1592 4598 1703 4669 abbate,

910 4709 979 4767 quos
996 4692 1186 4764 suspendistis,
1207 4707 1254 4763 per
1277 4692 1456 4763 praesentium
1476 4691 1636 4763 portitorem
1659 4707 1704 4749 re-

910 4786 1060 4843 stitutionis
1074 4786 1178 4841 litteras
1192 4784 1294 4852 mittat,
1306 4793 1333 4839 et
1341 4782 1488 4856 praelatum
1503 4800 1596 4857 regem
1606 4784 1636 4840 in
1646 4785 1706 4842 tali·

908 4879 959 4935 bus
968 4879 1082 4936 ulterius
1094 4879 1152 4935 sine
1161 4893 1272 4933 assensn
1282 4887 1379 4933 nostro
1393 4894 1452 4934 non
1461 4887 1611 4951 exasperet.
1624 4878 1705 4935 Vide-

909 4982 953 5030 tur
965 4973 1040 5029 enim
1052 4971 1132 5028 nobis
1146 4971 1234 5027 multo
1253 4972 1351 5029 melius
1368 4980 1452 5044 atque
1464 4971 1570 5030 facilius
1588 4972 1706 5029 lenitatis

908 5065 1094 5123 dulcedineac
1104 5065 1217 5122 rationis
1226 5065 1394 5135 ostensione,
1403 5066 1704 5137 quamausteritatevel

910 5162 1000 5234 rigore
1018 5159 1134 5233 justitiae
1148 5158 1227 5214 illum
1242 5161 1303 5217 Deo
1321 5157 1433 5226 lucrari,
1449 5166 1478 5215 et
1492 5158 1528 5215 ad
1542 5166 1704 5231 perpetuum

907 5254 980 5311 beati
993 5253 1066 5312 Petri
1081 5267 1206 5308 amorem
1217 5267 1297 5323 posse
1310 5251 1465 5323 provocari.
1476 5253 1612 5309 Psaeterea
1625 5251 1704 5307 inno·

907 5348 961 5405 tuit
974 5347 1057 5413 nobis
1070 5345 1145 5419 quod
1160 5346 1264 5402 multos
1276 5344 1377 5401 milites
1387 5344 1434 5417 qui
1449 5345 1524 5416 prius
1541 5344 1576 5401 ad
1591 5344 1704 5417 presby·

908 5450 985 5499 teras
999 5439 1163 5497 fornicarios
1177 5447 1204 5495 et
1215 5438 1389 5494 Simoniacos
1397 5436 1566 5494 coercendos
1579 5436 1704 5493 favorem

907 5544 936 5591 et
949 5532 1086 5589 auxilinm
1100 5531 1178 5587 robis
1189 5529 1393 5600 impenderant,
1409 5537 1553 5601 propterea
1567 5530 1642 5602 quod
1657 5529 1704 5586 de·

908 5628 994 5685 cimas
1012 5625 1151 5683 dimittere
1166 5622 1310 5691 nolebant,
1329 5622 1594 5679 excommunicando
1615 5623 1705 5678 turba·

88 5808 165 5873 (407)
177 5800 346 5863 Guillelmus
355 5804 500 5879 deebrig„
509 5808 609 5864 ilerum
618 5803 855 5876 septennatim
872 5819 894 5875 1,
907 5818 969 5878 cap.
984 5809 1010 5860 t.
