3870 6164
95 270 125 323 er
531 254 538 263 ’
590 266 853 324 anonseousru.
874 297 909 311 -
925 269 1016 325 euna
1035 268 1063 324 s
1083 267 1255 341 annuenti.
1712 279 1747 333 c

94 394 167 466 pum
190 391 297 464 patuit:
321 406 385 448 sanc
400 406 430 448 re
449 388 531 447 dubia
547 391 730 463 omnibusque
745 391 894 465 ignoranti·
910 403 933 465 ,q
948 393 983 450 ad
1007 401 1110 449 terram
1137 393 1298 449 morientem
1335 394 1563 468 palpitantemque
1592 399 1746 470 prostravit,

94 487 144 544 bus
154 492 252 542 utrum
266 485 341 541 vivus
362 500 397 541 an
420 490 546 543 mortuus
562 492 645 554 esset,
664 485 764 557 populo
778 501 894 558 congre·
950 487 1041 559 sicque
1050 486 1085 542 ad
1100 494 1231 542 tartarum
1244 487 1331 545 misit.

95 590 158 654 gato
171 579 202 635 in
225 578 370 652 Capitolio,
392 576 572 634 referentibus
593 578 755 649 quibusdam
777 578 897 637 innotuit
986 586 1031 637 ab.
1042 580 1168 637 Traditur
1175 588 1277 648 autem,
1287 581 1345 653 jam
1355 582 1468 655 jamque
1482 582 1575 642 sidens
1589 586 1748 658 capiendam

95 673 167 747 quod
181 671 425 745 inquadamturri
439 678 536 743 captus
547 678 694 729 teneretur.
707 674 786 729 Tunc
800 688 896 731 omnes
949 690 1008 732 esse
1031 674 1140 740 turrim,
1169 681 1198 729 et
1221 674 1272 730 sibi
1298 675 1448 747 periculum
1475 678 1572 735 mortis
1592 679 1746 750 imminere,

98 775 189 841 gentes
200 767 291 822 tulere
302 780 383 822 voces
401 763 437 822 ad
450 763 549 821 sidera.
950 776 1060 825 coactus
1081 766 1196 840 procidit
1217 766 1252 824 ad
1267 766 1347 839 pedes
1359 768 1506 826 beatissimi
1526 772 1619 844 Papus,
1632 772 1747 831 dicens:

133 865 178 916 44.
190 861 307 927 Verum,
331 857 379 914 ubi
394 859 514 931 primum
530 859 588 914 dies
610 858 691 915 terris
713 868 755 914 est
775 858 894 928 reddita,
950 863 1062 934 Semper
1075 860 1300 932 misericordiam,
1322 865 1412 929 Pater,
1427 861 1551 932 docuisti,
1569 864 1670 923 docens
1685 882 1746 940 per·

99 968 194 1010 omnes
211 953 283 1008 inter
301 967 330 1008 se
352 951 494 1008 hortantes
516 951 609 1024 populi
632 951 847 1008 innumerabiles
860 951 896 1008 ad
950 955 1056 1022 fecisti;
1084 962 1259 1027 errantesque
1282 962 1454 1025 convertens,
1476 972 1622 1015 conversos
1640 960 1669 1016 in
1694 960 1748 1018 fide
1846 944 1851 959 ⁸

97 1047 212 1104 domum
237 1045 400 1104 antichristi
414 1054 555 1101 venerunt.
575 1047 684 1118 incepta
696 1045 787 1117 itaque
807 1061 897 1118 pugna
950 1048 1081 1115 solidasti,
1106 1049 1211 1121 suscipe
1239 1056 1387 1117 errantem,
1411 1056 1439 1105 et
1463 1048 1498 1105 ab
1511 1050 1697 1122 iniquitatibus
1717 1069 1748 1111 sc

95 1149 137 1197 est
150 1158 159 1195 ε
172 1138 222 1196 sed
246 1140 335 1212 primo
354 1154 502 1208 congressu
516 1153 579 1212 pars
593 1138 700 1194 hostilis
718 1136 812 1211 fugam
829 1138 897 1195 arri·
950 1150 1172 1209 convertentem
1212 1157 1375 1199 conversum
1413 1142 1510 1212 solida,
1546 1158 1581 1201 ne
1613 1161 1658 1203 me
1685 1146 1747 1205 des·

95 1234 164 1306 puit,
180 1233 326 1305 omnisque
347 1230 429 1288 factio
448 1232 477 1288 in
493 1231 590 1289 eadem
608 1246 637 1287 se
658 1231 727 1287 turri
754 1231 895 1288 consinsit
951 1235 1096 1309 perationis
1120 1234 1290 1307 profunditas
1317 1235 1471 1292 absorbeat.
1501 1237 1623 1307 Peccavi,
1649 1241 1745 1311 erravi,

95 1330 174 1384 Tune
189 1326 265 1382 omni
278 1334 356 1398 perte
370 1324 475 1382 vallatae
489 1324 559 1398 ignis
577 1325 718 1397 appositus
729 1333 780 1392 est,
793 1324 896 1381 allatis·
950 1328 1059 1397 tradidi,
1088 1327 1220 1396 interfeci,
1250 1327 1419 1401 sacrilegium
1454 1331 1614 1402 perpetravi.
1652 1333 1749 1390 Matris

96 1436 148 1492 quc
161 1418 296 1476 machinis
319 1426 345 1475 et
363 1419 502 1490 arietibus,
517 1418 653 1491 rumpitur
667 1433 773 1487 murus,
787 1425 895 1474 cuncta·
950 1421 1033 1495 Regis
1057 1422 1130 1478 enim
1157 1421 1307 1478 thalamum
1338 1421 1456 1493 corrupi,
1483 1422 1660 1496 violentisque
1688 1440 1747 1482 ma-

93 1513 226 1580 queinibi
240 1514 370 1569 conclusa
393 1511 424 1568 ut
444 1511 555 1568 Domini
570 1512 671 1583 populo
687 1510 788 1582 praeda.
804 1513 895 1568 Nemo
950 1516 1030 1573 nibus
1056 1520 1111 1582 (39)
1144 1515 1283 1590 tugurium
1309 1522 1337 1571 et
1359 1530 1474 1587 parvum
1501 1517 1678 1575 secretarium
1698 1518 1748 1576 Dei

95 1622 183 1663 suum
204 1606 354 1678 periculum
373 1604 484 1671 vitabat,
505 1603 553 1661 sed
575 1604 616 1660 sui
633 1604 735 1661 oblitus
749 1620 799 1677 pro
817 1619 897 1676 posse
951 1609 1009 1666 Filii
1024 1608 1128 1665 violavi.
1151 1611 1190 1665 Te
1217 1611 1337 1676 Patrem,
1361 1617 1389 1665 et
1412 1624 1505 1665 meum
1530 1611 1693 1679 Dominum,
1717 1619 1748 1668 ut

95 1700 245 1773 pugnabat.
254 1701 353 1771 ,Porro
375 1698 485 1772 quidam
509 1702 560 1766 vir,
582 1713 648 1754 cunr
671 1697 790 1770 quadam
813 1697 896 1755 nobili
950 1702 1096 1775 parricida,
1111 1703 1244 1775 perjuriis,
1260 1701 1418 1774 sacrilegiis,
1445 1702 1570 1759 manibus
1591 1703 1701 1776 pollutis
1715 1720 1747 1762 ex

95 1804 235 1861 matrona,
250 1795 358 1849 Patrem
372 1791 537 1865 Gregcrfum
553 1799 663 1848 secutus
679 1797 730 1859 est,
752 1791 800 1864 qui
813 1791 836 1847 ei
850 1806 895 1848 so·
911 1762 1019 1853 Billius
1030 1796 1134 1869 gremio
1154 1795 1262 1852 attraxi.
1277 1795 1401 1868 Suscipe,
1416 1794 1511 1863 libera,
1526 1804 1616 1864 tuere,
1639 1797 1745 1855 miseri·

97 1887 193 1942 latium
210 1886 404 1959 aliquantisper
422 1882 542 1943 fuerunt.
555 1885 605 1941 Vir
616 1900 734 1957 namque
749 1884 802 1951 ille,
813 1884 895 1941 taedio
949 1888 1070 1946 cordiam
1085 1888 1143 1957 fer3
1154 1887 1189 1945 da
1204 1888 1367 1958 remedium,
1377 1888 1532 1956 consilium,
1552 1887 1714 1962 suffragium
1738 1910 1745 1947 :

95 1980 283 2051 demcbonis,
307 1988 335 2036 et
357 1980 449 2052 algore
473 1977 620 2036 hibernalis
642 1978 731 2034 nocue
750 1975 894 2047 afflictum,
950 1982 1060 2056 injunge
1074 1998 1277 2055 poenam,pone
1292 1981 1476 2054 peonitentiam
1490 1981 1615 2051 carceris,
1625 1983 1746 2051 exilium,

95 2073 183 2130 edatis
197 2073 320 2131 calefecit
344 2072 467 2145 pellibus,
490 2071 625 2144 pedesque
643 2071 701 2144 eius
723 2071 750 2128 in
769 2071 830 2127 sinu
845 2086 895 2128 suo
950 2076 1043 2148 patriae
1061 2074 1224 2149 diffugium
1240 2084 1268 2132 ct
1281 2075 1332 2131 Dei
1355 2074 1459 2147 judicio
1484 2074 1511 2130 in
1537 2090 1582 2131 me
1596 2075 1747 2150 justissime

96 2168 262 2240 composuit.
285 2170 412 2224 Matrona
433 2181 497 2222 vero
510 2165 579 2238 ipsa,
592 2163 715 2221 lomento
736 2162 896 2221 medicami·
949 2178 1131 2238 commotum,
1146 2184 1180 2226 ex
1194 2185 1281 2236 more,
1296 2168 1371 2241 placa
1388 2168 1529 2242 populum.
1544 2169 1610 2224 Tuis
1627 2184 1673 2225 me
1687 2169 1748 2243 pol·

96 2261 139 2317 nis
152 2261 209 2329 sui,
221 2259 312 2317 Patris
327 2260 412 2316 nostri
434 2259 551 2332 plagam,
574 2258 660 2315 nimio
676 2258 812 2331 sanguinis
825 2257 896 2315 rosei
948 2265 1035 2320 lutum
1054 2263 1155 2320 sanctis
1175 2263 1280 2335 suscipe
1291 2262 1439 2319 manibus:
1460 2270 1489 2320 et
1510 2262 1592 2335 hujus
1609 2261 1662 2320 diei
1676 2264 1746 2320 mihi

96 2353 235 2427 profluam
252 2353 384 2418 tabidam,
399 2351 568 2425 deplorando
581 2352 731 2418 mulcebat,
746 2366 896 2424 omnesque
950 2357 1089 2430 poenitenti
1102 2356 1220 2413 concede
1233 2356 1360 2429 spatium.
1374 2357 1476 2413 Furcas
1486 2356 1553 2412 mibi
1562 2356 1625 2429 jure
1639 2365 1746 2428 paratas

96 2448 157 2504 iilos
172 2448 223 2504 Dei
239 2447 373 2515 inimicos,
391 2445 540 2502 homicidas
560 2444 705 2517 sacrilegos
719 2445 895 2512 acclamabat,
948 2450 1031 2507 corde
1045 2451 1193 2523 conspicio,
1210 2450 1321 2523 dignam
1336 2465 1446 2522 poenam
1466 2450 1588 2520 intueor,
1604 2451 1745 2507 etidcirco

96 2542 182 2598 altera
204 2541 336 2596 nimirum
356 2540 441 2596 illaria
456 2538 562 2597 effecta.
576 2540 648 2595 Nam
662 2537 897 2610 quemadmodum
950 2559 1064 2617 corporo
1085 2552 1232 2616 prostrato,
1247 2542 1329 2600 corde
1351 2543 1471 2601 demisso
1488 2559 1534 2600 me
1548 2544 1678 2616 potentiae
1692 2550 1748 2602 ture

96 2635 152 2702 illa,
175 2635 246 2690 fiens
262 2649 311 2691 sua
328 2632 436 2702 delicta,
458 2632 571 2690 Domini
596 2632 704 2705 vestigia
718 2632 895 2704 lacrymando
950 2639 1036 2694 trado.
1052 2640 1130 2695 Tunc
1148 2640 1221 2710 Papa
1243 2636 1484 2705 elementissimus,
1503 2637 1548 2710 pio
1574 2646 1604 2694 ut
1622 2647 1679 2694 erat
1703 2653 1748 2710 pc·

97 2726 257 2801 perfuderat
271 2745 279 2782 :
293 2725 333 2784 sic
346 2727 406 2793 ista,
422 2727 547 2783 omnium
566 2727 679 2782 crimina
692 2724 839 2797 perferens,
856 2726 895 2782 la·
949 2740 1033 2799 ctare,
1048 2738 1122 2787 tanta
1134 2731 1334 2804 supplicantem
1346 2729 1460 2787 adorsus
1474 2739 1533 2788 est:
1549 2731 1635 2788 Video
1645 2740 1673 2788 te
1685 2729 1748 2788 felle

97 2822 206 2894 erynnis
221 2821 280 2879 suis
301 2829 410 2878 tantum
421 2822 562 2876 Pastorem
576 2818 730 2892 proluebat.
746 2816 894 2874 osculaba·
949 2824 1136 2881 amaritudinis
1152 2823 1313 2896 obligatum,
1327 2831 1355 2879 et
1375 2833 1430 2881 tuas
1442 2824 1542 2880 means
1560 2824 1655 2881 oculos
1669 2833 1745 2881 teue-

98 2923 143 2971 tur
164 2915 212 2971 illa
236 2913 318 2987 pedes
334 2913 442 2971 Domini
464 2912 697 2984 salvatorisque
722 2910 820 2967 deinde
842 2900 903 2967 tota*
951 2915 1033 2974 broso
1054 2917 1179 2988 squalore
1203 2923 1357 2983 contectum
1381 2917 1427 2987 qui
1452 2915 1543 2971 iumen
1570 2931 1640 2972 verre
1667 2915 1745 2984 fucis,

96 3007 225 3081 caputad
238 3024 323 3081 usquo
338 3008 513 3080 perveniret:
533 3006 593 3063 haec
607 3012 699 3062 aulem
721 3005 772 3063 Dei
792 3014 823 3060 et
839 3005 896 3059 Do·
950 3008 1030 3067 nobis
1054 3018 1131 3066 tanto
1151 3017 1275 3081 ternpore
1298 3006 1493 3076 laborantibus,
1513 3023 1679 3080 cognoscere
1703 3024 1748 3066 ne·

97 3102 163 3158 mini
188 3100 285 3158 famuli
315 3102 403 3174 primo
427 3100 589 3173 baptismate
615 3098 729 3167 munda,
758 3105 895 3170 postremo
912 3097 935 3161 C
950 3104 1102 3175 quiverunt.
1120 3105 1161 3158 'fu
1186 3102 1243 3174 ipse
1267 3101 1338 3163 nosti
1361 3101 1469 3174 quanth
1487 3101 1621 3174 religiosis
1634 3101 1697 3158 viris
1719 3110 1748 3159 te

95 3195 217 3269 11111111
229 3194 327 3252 111011
349 3195 456 3261 adustas
470 3201 553 3266 0⁸9¹st
577 3190 896 3266 90011111116110111111111
951 3197 1180 3263 commonuerim,
1196 3196 1355 3269 quantisque
1370 3211 1418 3268 per
1432 3196 1623 3268 memetipsum
1644 3195 1748 3267 patieu-

98 3288 229 3362 lacrymis
239 3288 396 3360 sigeboto
417 3286 594 3344 memorabile
617 3286 766 3359 pectule
779 3283 896 3341 devotis·
950 3291 1061 3346 tissimis
1084 3289 1313 3361 admonitionibus
1335 3289 1545 3355 sollicitaverim,
1567 3289 1665 3360 quibus
1692 3304 1747 3346 non

96 3385 174 3440 simas
188 3379 443 3438 feminaelaudabile
457 3380 537 3455 jecur
550 3383 557 3436 l
571 3389 688 3451 quantus
702 3379 751 3435 tibi
765 3388 830 3434 tunc
853 3392 898 3433 11·
951 3383 1040 3440 solum
1068 3397 1123 3438 nou
1151 3382 1317 3454 acquievisti,
1342 3396 1439 3437 vemm
1461 3383 1542 3437 etiam
1564 3383 1592 3436 in
1611 3382 1746 3439 deteriora

95 3476 185 3533 sitatis
198 3474 280 3532 ardor
288 3474 455 3532 inhaeserat?
467 3489 530 3531 cum
545 3481 609 3529 ante
619 3474 713 3530 oculos
726 3480 789 3529 tuos
803 3470 897 3529 aeterni
951 3475 1118 3550 prorupisti:
1143 3475 1191 3531 sed
1206 3483 1299 3531 tamar
1322 3473 1413 3531 adbuc
1423 3474 1506 3546 janua
1517 3470 1645 3530 ubtvite
1660 3482 1746 3545 patet,

96 3570 181 3642 Regis
196 3568 361 3637 ministrum,
376 3567 533 3640 iniquorum
560 3566 684 3623 manibus
708 3566 780 3621 male
796 3572 896 3621 tracta·
950 3579 1059 3626 tantum
1079 3577 1110 3625 ut
1126 3569 1290 3624 convertaris
1312 3567 1405 3624 corde.
1433 3566 1488 3638 Qui
1505 3581 1570 3622 mox
1591 3566 1628 3623 ad
1645 3576 1747 3623 terram

98 3670 158 3719 tum
179 3661 602 3734 vulneratumqueprospiceres;
618 3675 668 3716 nec
691 3669 795 3716 satanae
816 3657 895 3714 mini·
951 3677 1093 3730 corruens,
1118 3677 1212 3717 verum
1239 3677 1268 3717 se
1288 3647 1370 3717 'reum
1396 3660 1585 3731 miserumque
1607 3656 1748 3717 confessus
1812 3685 1832 3709 ·.
1898 3682 1901 3693 ·

98 3757 164 3813 stris
176 3770 210 3812 ex
224 3771 272 3812 ore
291 3753 401 3828 pudico,
417 3756 571 3827 sanctisque
590 3753 689 3810 osculis
707 3769 769 3825 quae
784 3751 897 3825 pedibus
951 3765 1002 3824 est,
1027 3755 1189 3828 promittens
1213 3756 1305 3810 omnia
1332 3755 1385 3811 sibi
1413 3754 1534 3827 injuncta
1558 3754 1748 3810 incunctanter

100 3849 278 3921 manibusque
291 3856 320 3905 et
331 3848 410 3921 capiti
428 3848 495 3904 tanti
508 3847 597 3904 Patris
611 3845 715 3904 feceras
733 3847 790 3919 jam
802 3860 897 3917 purga·
952 3850 1090 3923 perficam.
1107 3849 1230 3907 Tandem
1249 3849 1291 3904 vir
1300 3848 1470 3914 mitissimus,
1487 3848 1567 3904 solita
1584 3847 1635 3904 sibi
1650 3847 1749 3920 pietate

100 3952 143 4009 to,
169 3942 285 3998 convicia
305 3941 385 4015 digna
406 3950 434 3997 et
449 3938 896 4013 maledictionisjaeulasubtrabe-
951 3952 1118 4012 commotus,
1145 3941 1305 4014 respondit:
1335 3942 1407 4013 Quid
1430 3940 1497 3997 mihi
1520 3957 1554 3997 ex
1574 3942 1631 4013 ipsa
1650 3941 1748 4012 iniuria

99 4036 159 4093 has.
180 4038 249 4091 Vere
260 4035 386 4092 credibile
408 4043 461 4102 cst,
473 4035 592 4091 animam
605 4040 681 4091 tuam
704 4042 730 4090 te
746 4049 795 4106 pro
812 4032 897 4088 i‘atris
952 4040 1087 4109 irrogasti,
1105 4044 1216 4109 paterne
1230 4034 1367 4109 indulgeo.
1381 4034 1462 4107 Quod
1474 4042 1566 4091 autem
1581 4034 1608 4090 in
1622 4037 1749 4091 Deumet

99 4130 155 4186 vita
171 4145 271 4202 ponere
285 4129 361 4195 velle,
380 4137 407 4185 et
421 4136 558 4184 tormenta
575 4127 667 4199 potius
682 4125 897 4182 inexistimabilia
952 4131 1151 4203 cinamomo,
1174 4130 1374 4201 apostolosque
1398 4143 1445 4184 seu
1468 4143 1578 4184 omnem
1600 4127 1748 4183 Ecclesiam

97 4238 269 4296 1111111111,
287 4238 369 4295 quam
395 4222 543 4278 Dominum
571 4230 682 4293 11111111
705 4228 810 4275 1111111
827 4219 897 4275 111111
952 4223 1121 4292 contraxisti,
1145 4223 1273 4279 luendum
1297 4221 1356 4278 fore
1376 4221 1540 4293 pronuntio:
1561 4221 1597 4276 ita
1615 4227 1644 4277 ut
1660 4220 1748 4292 primo

98 4325 248 4373 uectatum
262 4316 361 4372 1111111.
382 4314 523 4387 Pugnabat
541 4313 896 4385 1111111101111111181111·
955 4317 1171 4390 Hierosolymam
1186 4316 1299 4384 tendas,
1313 4322 1339 4371 et
1356 4313 1545 4386 postmodum,
1565 4314 1587 4370 si
1599 4314 1676 4369 vivus
1686 4313 1749 4370 inde

100 4425 164 4466 rosa
187 4409 290 4484 virago,
312 4417 340 4466 et
365 4408 521 4464 immodicae
542 4408 675 4464 mercedis
693 4406 817 4463 omnium
836 4421 897 4477 par·
953 4426 1076 4467 revemus
1094 4409 1187 4479 fueris,
1205 4408 1306 4465 nostris
1322 4416 1350 4464 te
1374 4409 1502 4464 manibus
1524 4416 1552 4463 et
1570 4406 1684 4462 consilio
1708 4421 1749 4462 re·

100 4502 196 4575 ticeps,
211 4511 345 4575 quantum
361 4501 411 4558 sibi
426 4501 623 4557 accumulabat·
953 4513 1109 4577 praesentes,
1123 4511 1153 4559 ut
1166 4503 1207 4559 sic
1223 4503 1321 4558 saltem
1346 4501 1430 4557 modo
1454 4499 1545 4572 aliquo
1566 4499 1684 4571 gratiam
1701 4498 1749 4555 tibi

138 4602 185 4652 ⁴5.
212 4598 325 4664 Verum,
345 4605 447 4669 quanto
471 4594 548 4651 istius
573 4593 695 4651 animosa
723 4592 800 4661 fldes,
822 4601 899 4648 tanto
953 4598 1094 4654 conciliare
1113 4596 1308 4668 omnipotentis
1322 4595 1372 4650 Dei
1393 4594 1492 4649 valeas.
1517 4596 1550 4648 Et
1566 4591 1749 4666 quemadmo-

99 4689 211 4746 alten'us
226 4689 347 4747 mulieris
371 4690 493 4763 linguosa
509 4688 629 4760 perfidia.
647 4690 717 4744 Nam
730 4688 801 4743 sicin
822 4686 899 4754 olim,
953 4691 1019 4747 dum
1035 4691 1140 4746 cunctis
1161 4689 1223 4745 filiis
1246 4687 1387 4755 Ecclesia,
1412 4685 1596 4743 subversionis
1620 4686 1750 4742 hactenus

100 4783 256 4840 Dominiooe
271 4783 403 4840 Passionis
416 4792 547 4854 tempore,
559 4781 655 4838 ancilla
668 4780 776 4836 ostiaria
789 4783 900 4836 Petrum
954 4784 1093 4855 exemplar
1106 4781 1191 4851 fuisti,
1205 4782 1242 4837 ita
1257 4781 1291 4837 de
1306 4789 1397 4837 cetero
1414 4779 1596 4845 conversionis
1610 4779 1669 4835 iias.
1681 4779 1750 4837 Haec

98 4887 251 4946 terrum13
265 4878 301 4934 sit
313 4877 363 4933 ista
377 4877 514 4933 vicarium
528 4875 588 4949 ejus
600 4873 774 4931 mordacibus
792 4882 900 4946 'oppro
954 4879 1045 4950 itaque
1057 4887 1167 4946 cuncta,
1179 4884 1260 4948 prout
1271 4876 1381 4947 jussum
1406 4883 1456 4940 est,
1481 4882 1513 4930 ut
1531 4873 1682 4943 videbatur,
1701 4888 1749 4929 ex·

100 4972 168 5027 briis
177 4971 356 5028 conturbabat
371 4988 379 5025 :
392 4985 453 5043 quae
466 4969 576 5042 quidem
592 4969 662 5026 illius
673 4967 809 5025 traditoris
821 4982 902 5023 soror
954 4972 1027 5045 plere
1042 4970 1221 5026 libentissime
1232 4968 1378 5042 spopondit
1395 4989 1401 5024 :
1423 4978 1450 5024 et
1469 4967 1519 5036 sic,
1534 4967 1585 5024 diei
1600 4967 1669 5024 illius
1682 4965 1750 5023 liba·

100 5064 200 5132 fuerat,
215 5073 244 5121 et
266 5063 367 5121 idcirco
382 5073 460 5120 tanto
475 5066 544 5120 Patri
562 5062 723 5119 maledicere
738 5077 793 5116 non
807 5059 901 5116 formi·
954 5064 1088 5122 potionem
1102 5064 1260 5136 promeruit.

101 5158 196 5216 dabat.
212 5158 378 5228 alterneto,
397 5158 520 5231 ejusdem
533 5156 669 5215 traditoris
682 5155 805 5213 minister
818 5162 845 5210 et
859 5169 899 5211 se·
989 5165 1034 5216 47.
1065 5159 1188 5217 Tandem
1215 5161 1289 5230 Papa
1312 5156 1372 5229 pius
1399 5155 1433 5212 ad
1452 5153 1599 5212 fenestram
1627 5161 1750 5224 erectus,

104 5253 232 5325 quipsda,
259 5252 432 5326 evaginatum
456 5252 575 5324 gladium
600 5250 731 5318 retinens,
755 5248 822 5304 tanti
851 5248 899 5304 viri
953 5254 1041 5310 turbae
1061 5252 1160 5309 furenti
1186 5250 1310 5324 expansis
1325 5249 1460 5319 manibus,
1477 5258 1507 5306 ut
1530 5256 1752 5323 componeretur,

103 5347 254 5420 1111111111
268 5345 354 5403 111111
375 5345 569 5412 1111111111111,
594 5340 900 5417 11111111111111111-
954 5356 981 5404 et
1001 5347 1132 5419 aliquanti
1144 5346 1290 5419 majorum
1312 5345 1412 5401 turrim
1434 5343 1623 5412 accenderent,
1648 5341 1748 5399 innuit.

100 5440 190 5498 rebat.
222 5439 307 5514 Cujus
335 5439 482 5513 impietatis
516 5439 666 5503 vindictam
691 5435 897 5495 velocissimum
954 5440 1080 5498 Nonnulli
1121 5455 1198 5508 sero,
1239 5447 1363 5511 putantes
1408 5437 1483 5510 quod
1520 5452 1568 5493 eos
1607 5434 1642 5492 ad
1682 5450 1752 5508 opus

98 5533 562 5607 901111111111111111111111111111·
581 5531 771 5598 Ν11111111111,
797 5529 902 5587 111111
956 5535 1031 5607 quod
1065 5535 1232 5607 inceperant,
1275 5534 1443 5601 hortaretur,
1480 5530 1630 5589 fortissimo
1665 5529 1753 5600 impe·

97 5626 490 5702 *1111111811111111111111111
516 5625 900 5696 101111111110111111111111,
955 5638 985 5685 tu
1012 5627 1110 5686 turrim
1138 5628 1280 5685 scandunt.
1310 5629 1347 5684 Et
1379 5627 1419 5682 sic
1445 5623 1519 5682 foras
1541 5622 1675 5680 adductus
1698 5629 1749 5692 est,

404 5712 436 5783 „

135 5817 194 5889 (tt)
213 5818 339 5888 moe
348 5818 462 5887 fimat,
476 5835 493 5877 a
505 5833 561 5891 quo
575 5820 603 5874 S.
619 5819 767 5891 Gregorius
781 5817 936 5877 abstnctm
950 5817 1049 5889 luent,
1064 5815 1233 5887 intelligitur.
1310 5852 1317 5861 -
