3870 6164
136 263 203 318 7777
589 268 733 323 sermo.
753 269 796 325 77.
816 298 852 311 -
868 270 1078 329 7777777777
1093 272 1323 329 caenosum.
1376 251 1381 257 ’
1711 281 1780 335 roos

135 388 330 444 Hermannum
345 387 417 457 (756)
447 388 605 460 quemdam,
633 391 680 463 qui
707 407 798 464 regem
828 393 932 465 depulit
944 401 972 464 Α
1021 397 1128 452 domina
1144 399 1299 461 7177777777,
1321 403 1347 453 77
1356 398 1428 467 quod
1441 401 1545 454 cunctis
1556 401 1698 457 0771771777
1717 403 1780 458 sub-

808 489 895 555 [gma
1019 472 1133 525 77777717.

135 574 255 641 Urbem,
267 575 314 647 qni
331 576 413 633 veluti
428 592 475 649 per
488 586 605 636 stratam
620 578 692 652 (757)
707 577 836 635 damnula
861 579 931 654 iugit
984 585 1073 641 Corde
1085 585 1130 657 pio
1143 586 1262 659 llagrans
1274 585 1413 643 Mathildis
1431 586 1530 643 lucida
1550 588 1656 659 lampas

136 669 347 741 Francigenam,
368 679 477 728 montes
486 673 559 729 ultra
578 672 685 728 rediens
696 673 786 729 malus
812 673 930 746 hospes:
984 677 1122 734 Adversus
1135 678 1215 735 binos
1227 679 1337 735 Domini
1351 680 1441 736 erucis
1453 681 1504 736 hos
1528 681 1658 737 inimicos

136 763 209 834 Papa
220 778 286 818 suns
297 762 422 820 Clemens
432 765 568 821 Romanis
581 767 693 838 praemia
710 766 844 839 praebens,
985 774 1080 840 Arma,
1096 772 1274 842 voluntatem,
1299 771 1428 842 famulos,
1456 790 1552 846 gazam
1581 775 1780 849 propriamque

136 856 243 926 Raptor
257 863 398 914 terrenam
412 857 485 914 Petri
501 858 572 931 rapit
584 858 641 932 ipse
653 858 826 929 cathedram,
984 864 1105 933 Excitat,
1119 865 1259 937 expendit,
1277 867 1399 938 instigat,
1415 867 1507 939 praelia
1525 868 1617 941 gessit.

136 948 303 1022 Quanquam
325 965 355 1007 77
376 959 520 1018 monstret,
543 952 619 1025 quod
642 952 678 1010 sit
690 952 767 1025 quasi
789 960 884 1026 pastor
903 952 933 1008 in
986 957 1097 1030 Singula
1110 959 1134 1014 77
1152 959 1252 1032 bugam
1266 975 1329 1031 quae
1344 957 1409 1016 iecit
1422 959 1521 1017 nobilis
1542 961 1603 1027 ista,

797 1044 897 1120 [Urbe,
986 1051 1112 1108 Carmina
1129 1051 1169 1108 sic
1183 1059 1317 1122 crescent,
1334 1061 1399 1109 sunt
1418 1061 1450 1109 nt
1475 1069 1592 1109 numero
1606 1055 1664 1111 sine
1682 1056 1780 1125 stellae,

134 1135 189 1208 lpsi
205 1136 278 1192 nulla
291 1144 387 1193 77777777
399 1153 464 1210 pars
477 1138 507 1194 777
517 1139 579 1198 77717
590 1148 686 1196 manet
711 1155 791 1208 arce,
984 1145 1067 1201 Plura
1081 1143 1129 1200 sed
1141 1145 1277 1213 omittam,
1297 1145 1333 1202 de
1351 1146 1444 1218 paucis
1459 1146 1554 1202 discite
1573 1147 1652 1203 mira.

134 1229 188 1285 Hic
202 1228 305 1286 heresis
317 1231 396 1287 limes
409 1232 546 1288 mundum
560 1233 670 1289 seduxit
685 1233 790 1305 inique,
985 1240 1027 1294 Ex
1042 1237 1091 1294 hau
1105 1247 1179 1309 parte
1190 1238 1250 1294 17777
1264 1255 1311 1311 per
1332 1240 1444 1296 climata
1457 1248 1576 1311 quatuor
1590 1241 1652 1309 7777,

133 1324 217 1379 iussa
227 1324 275 1379 Del
288 1324 401 1396 spernit,
416 1334 574 1382 sanctorum
583 1327 665 1383 verba
680 1326 808 1398 neglexit,
896 1343 897 1346 ’
985 1333 1073 1402 Lepra
1085 1330 1246 1388 Guihertina
1259 1343 1430 1389 succreverat
1445 1332 1572 1402 horrida3
1597 1336 1675 1407 nigra

135 1416 301 1474 Praevaricat
314 1418 398 1490 leges,
411 1417 515 1475 divinas
527 1418 646 1476 destruit
665 1419 752 1477 aedes:
985 1426 1043 1481 1177
1053 1423 1125 1496 lepra
1140 1425 1260 1482 mundus
1273 1423 1333 1481 iore
1343 1442 1398 1482 uon
1416 1426 1493 1482 locus
1507 1427 1614 1483 exstitit
1626 1428 1708 1493 ullus,

136 1511 310 1583 Persequitur
333 1509 449 1583 71737777
472 1511 619 1570 dominum
654 1528 808 1587 papamque
844 1513 933 1586 magi·
984 1516 1087 1575 Munda
1097 1517 1197 1574 domus
1209 1519 1266 1574 sola
1282 1517 1425 1574 diethildis
1437 1528 1495 1575 erat
1507 1521 1630 1591 spaciosa
1641 1522 1729 1594 (767),

788 1605 897 1680 [strum,
986 1614 1058 1685 (766)
1072 1611 1218 1669 Catholicis
1232 1628 1343 1684 prorsus
1354 1611 1405 1669 init
1419 1614 1478 1670 haec
1492 1621 1568 1669 tutus
1580 1615 1656 1684 quasi
1672 1622 1781 1686 portus;

136 1698 189 1769 Qui
203 1697 318 1755 monitis
331 1699 418 1756 sacris
433 1698 530 1770 plenus
543 1708 639 1758 manet
651 1701 683 1757 in
694 1701 846 1769 lateranis,
987 1708 1059 1762 llam
1075 1721 1146 1778 quos
1155 1705 1305 1763 damnabat
1315 1722 1372 1775 rex,
1388 1705 1512 1777 pellebat,
1526 1706 1660 1777 spoliabat

135 1792 194 1849 lllic
203 1792 356 1849 consistens
374 1796 448 1860 (756)
461 1794 652 1866 spermologus
665 1795 786 1867 optimus
799 1795 860 1863 iste,
947 1766 972 1830 B
988 1799 1142 1868 Pontifices,
1163 1798 1325 1866 monachos,
1340 1799 1465 1868 clericos,
1479 1802 1562 1856 italos
1581 1815 1701 1873 quoqne,
1716 1801 1784 1858 Gal-

135 1891 210 1955 (759)
223 1886 337 1942 Actibus
351 1886 478 1943 etverbis
493 1887 640 1959 exprobrat
658 1887 775 1945 schisma
806 1887 933 1945 Guiherti
978 1899 983 1908 “
1681 1893 1749 1962 [lom

135 1982 275 2053 Perpetuo
287 1978 418 2037 damnans
433 1980 607 2038 anathemate
620 1979 769 2039 schismata
793 1989 879 2039 tanta.
987 1984 1030 2044 sd
1043 1987 1134 2042 rivum
1143 1986 1251 2043 iontem
1264 1986 1411 2043 currebant
1426 1985 1551 2042 [unditus
1570 2001 1667 2042 omnes
1683 2004 1690 2040 :
1792 1990 1798 2001 ‘

134 2074 263 2131 Nascitur
277 2073 561 2147 hinccuuctisingens
576 2074 713 2132 tribulatio
730 2075 820 2146 justis,
987 2080 1136 2138 scilicetad
1145 2080 1248 2137 dictam
1264 2079 1407 2135 dominam
1422 2080 1477 2150 jam
1487 2087 1578 2135 mente
1590 2079 1748 2151 benignam,

136 2169 302 2224 hlucronem
313 2167 385 2240 regis
400 2167 444 2240 pia
456 2183 518 2240 pars
531 2171 737 2240 quammaxime
751 2169 842 2225 sentit.
987 2175 1109 2246 Qnaeqne
1122 2172 1298 2245 requirebant
1318 2172 1391 2243 apud
1408 2172 1494 2244 ipsam
1510 2171 1713 2243 repperiebant,

136 2260 258 2318 Sedibus
269 2260 373 2332 expulsi
383 2269 448 2317 sunt
469 2261 612 2334 pontifices
626 2278 739 2335 quoque
753 2261 844 2330 multi,
986 2264 1082 2322 Defuit
1094 2266 1168 2322 haud
1182 2266 1241 2334 ulli,
1251 2265 1320 2338 quin
1335 2264 1440 2337 proluit
1453 2263 1555 2335 optima
1580 2266 1695 2334 cunctis,

135 2353 242 2427 Flagris
256 2353 361 2421 71117777,
375 2354 471 2410 vinclis
491 2355 639 2411 incarcere
654 2354 754 2411 stricti.
987 2361 1049 2415 Non
1064 2359 1098 2415 ah
1112 2376 1142 2415 ea
1155 2369 1282 2426 moestus,
1295 2358 1320 2415 si
1332 2359 1395 2430 quis
1409 2358 1449 2414 vir
1465 2358 1537 2414 venit
1552 2358 1693 2428 honestus,

135 2450 197 2504 Rex
209 2455 237 2503 et
251 2447 399 2504 Gnibertus
411 2446 512 2504 iaciunt
521 2448 699 2520 juvenescere
714 2456 827 2522 tempus
987 2455 1119 2525 Unquam
1135 2454 1278 2524 praeteriit,
1294 2451 1342 2508 sed
1354 2451 1510 2508 consolatus
1529 2451 1624 2520 abivit,

136 2541 255 2598 licronis
269 2540 361 2614 prisci,
380 2541 427 2614 qui
442 2542 570 2614 pracepit
581 2541 703 2614 cruciligi
988 2545 1117 2601 Vestibus
1130 2561 1146 2600 e
1157 2545 1242 2601 sacris
1256 2544 1357 2601 multos
1372 2544 1431 2601 haec
1447 2553 1511 2600 nota
1532 2544 1662 2602 ducatrix

136 2636 264 2704 Petrum,
274 2634 409 2692 cervicem
423 2634 499 2691 Pauli
513 2634 602 2707 gladio
617 2633 680 2690 ierit
689 2633 773 2703 idem,
988 2641 1083 2694 Patres
1092 2636 1242 2712 catholicos
1256 2638 1368 2692 vestisse
1382 2637 1494 2709 quidem
1506 2637 1676 2693 reminiscor.

137 2729 305 2801 Etproprias
325 2735 449 2785 ventrem
464 2727 645 2800 praescindere
659 2727 877 2785 matrisabense
924 2725 941 2741 ‘
990 2732 1061 2803 (764)
1090 2735 1167 2787 luter
1190 2746 1259 2803 quos
1277 2729 1356 2785 lnlxit
1370 2729 1536 2786 reverendus
1549 2731 1692 2802 episcopus
1710 2731 1786 2787 urbis

137 2821 217 2878 Fecit
230 2829 261 2878 nt
274 2821 429 2894 inspiceret,
441 2821 574 2894 requievit
588 2820 632 2877 ubi
646 2821 737 2878 malus
751 2820 827 2893 ipse:
990 2824 1134 2891 Lucensis,
1153 2823 1247 2879 lucens
1263 2822 1409 2879 Anselnrus
1421 2826 1496 2891 (765)
1510 2824 1629 2878 maxime
1656 2823 1785 2895 prudens,
1893 2856 1901 2863 -

137 2916 184 2972 Sic
197 2914 318 2987 propriae
336 2915 434 2971 matris
443 2916 545 2987 palmas
558 2914 710 2972 calcaribus
723 2914 794 2971 acris
989 2919 1059 2990 Lege
1070 2917 1121 2975 Dei
1131 2916 1240 2982 doctus,
1256 2917 1410 2971 monachus
1424 2915 1493 2971 bene
1507 2915 1678 2986 relligiosum

138 3006 310 3075 Transiodit,
324 3007 425 3064 missus
446 3009 564 3075 Satanae,
580 3008 730 3065 Guihertns
743 3007 865 3082 iniquus.
989 3012 1137 3085 Gregorius
1151 3010 1251 3083 praesul
1262 3012 1416 3079 Romanus,
1429 3017 1460 3065 ut
1474 3008 1625 3082 egitJesns‚

137 3103 253 3161 Nullum
264 3103 365 3177 quippe
378 3103 469 3160 virum
483 3103 577 3160 timuit
589 3103 642 3160 nisi
665 3107 739 3162 Nero
762 3103 935 3177 magistrum,
953 3149 973 3209 s
992 3110 1023 3162 ln
1038 3122 1119 3163 cruce
1130 3106 1179 3178 qui
1186 3104 1310 3162 moriens
1324 3103 1372 3159 dat
1385 3102 1518 3174 discipulo
1534 3102 1713 3172 Genitricem,

137 3197 223 3253 Venis
237 3196 330 3252 incisis
341 3197 371 3252 in
386 3212 456 3270 aqua
475 3196 559 3252 vitam
573 3196 637 3253 tulit
656 3197 721 3270 ipsi.
968 3188 975 3207 ⁴
991 3200 1136 3257 Commisit
1153 3199 1295 3256 dominam
1309 3198 1348 3254 sic
1361 3198 1493 3252 Anselmo
1508 3196 1696 3266 comitissam

138 3289 174 3347 117
189 3288 246 3346 dno
255 3289 473 3362 praescriptiiidei
487 3288 655 3347 ferenomen
670 3290 758 3359 obliti,
989 3296 1080 3367 Quam
1094 3292 1189 3350 docuit
1206 3291 1297 3359 dictis,
1312 3290 1383 3363 regit
1396 3291 1581 3363 exemplisque
1595 3290 1733 3363 benignis,

137 3382 261 3441 Perdere
274 3384 400 3440 nituntur
413 3384 555 3441 doctorem
568 3383 686 3456 denique
697 3400 851 3442 summum.
989 3389 1127 3444 Perverse
1141 3394 1224 3443 sectae
1239 3385 1402 3456 monuitque
1420 3384 1549 3440 resistere
1561 3399 1680 3455 semper.

139 3477 238 3534 Simon
253 3476 293 3534 eis
306 3477 403 3534 doctor
414 3480 511 3550 htagus
524 3484 612 3534 exstat
626 3486 654 3533 et
661 3477 784 3550 hispidus
796 3486 902 3546 auctor,
989 3481 1103 3538 Consilii
1116 3481 1206 3553 magui
1220 3479 1261 3534 777
1272 3477 1317 3533 1777
1328 3477 1440 3549 angelus
1450 3475 1493 3532 his
1504 3475 1656 3546 7777777777,

139 3571 274 3644 Ignorant
287 3569 379 3627 iorsan
393 3570 478 3643 quod,
492 3570 560 3627 dnm
572 3569 681 3627 iortuna
697 3580 830 3644 reportat,
990 3575 1140 3633 Consilium
1154 3572 1232 3647 cnjus
1250 3571 1375 3642 sequitur
1386 3569 1525 3626 comitissa
1540 3579 1693 3627 venustum.

137 3662 261 3737 injustos
276 3679 386 3721 sursum
401 3664 521 3720 7777777777
544 3680 603 3721 esse
617 3663 759 3734 deorsum,
989 3673 1064 3736 (776)
1078 3671 1146 3725 Nam
1155 3661 1225 3740 quos
1239 3666 1298 3737 ipsa
1313 3663 1384 3720 salet
1395 3679 1494 3736 prasos
1504 3672 1662 3720 convertere
1681 3673 1785 3732 mater,
1862 3678 1865 3683 ·

137 3755 315 3830 Quandoque
331 3757 392 3831 plns
405 3757 481 3831 ipsos
495 3763 567 3826 (766)
577 3757 638 3815 ideo
660 3758 764 3831 patitur
777 3761 852 3817 Deus
865 3757 936 3816 illos.
991 3762 1227 3833 Quantiscnmque
1237 3757 1328 3814 modis
1338 3757 1409 3830 quit,
1417 3756 1474 3829 agit
1486 3756 1515 3812 in
1523 3756 1651 3813 omnibns
1660 3756 1750 3827 horis;

444 3852 565 3909 CAPUT
587 3854 626 3908 11.
990 3855 1094 3912 Multos
1106 3870 1171 3910 cnm
1183 3851 1278 3919 leudo,
1290 3850 1392 3907 multos
1406 3865 1506 3906 munus
1516 3850 1677 3918 tribuendo,

139 3945 266 4016 eroliter
293 3946 364 4000 77777
376 3960 466 4014 regem
490 3951 562 4011 (767)
591 3947 784 4006 ethelbertum
805 3948 940 4004 retorserit
991 3947 1143 4022 Pugnando
1157 3947 1260 4018 plures,
1272 3944 1439 4016 castellaque
1450 3943 1551 4015 saepius
1569 3958 1662 4012 urens,

178 4175 254 4248 (756)
267 4174 335 4232 Cod.
345 4183 416 4241 snt,
426 4178 623 4234 Normurrmum.
641 4178 725 4234 Lem.
921 4197 923 4201 ·
992 4176 1048 4234 imo
1060 4191 1148 4247 neque
1162 4175 1219 4244 ipsa
1230 4171 1306 4229 ltalia
1321 4171 1440 4252 carebat⁸
1449 4170 1515 4227 viris
1528 4169 1579 4252 piis
1596 4170 1721 4241 Gregorii
1739 4174 1787 4229 Vll

177 4247 274 4302 Nostri
289 4262 398 4318 quoque
412 4248 521 4304 codices
533 4251 717 4306 Normumrum
730 4248 841 4305 habent.
857 4251 940 4306 lirror
993 4249 1082 4305 zelum
1109 4245 1296 4327 probantibus,
1315 4251 1343 4297 et
1357 4244 1505 4324 7177777777
1520 4257 1632 4314 ejusque
1646 4256 1786 4313 sequaces,

139 4317 171 4374 777
200 4317 326 4374 omnium
344 4317 437 4374 oculos
448 4318 611 4379 incurrebat.
628 4321 681 4377 Sed
698 4321 766 4376 heus
787 4321 857 4376 bone
882 4324 939 4377 Do·
994 4336 1026 4377 ac
1036 4320 1097 4374 vitia
1106 4331 1219 4389 perosis.
1234 4311 1414 4394 Nrbrlattrnet
1427 4313 1548 4392 exempla
1565 4311 1697 4393 prolerre.
1708 4314 1788 4395 Quod

138 4388 227 4444 nizo!
361 4406 388 4444 m
409 4390 553 4447 liebertum
580 4396 767 4447 llormorrrrum
790 4405 939 4459 memoras,
1013 4391 1085 4446 otius
1098 4385 1277 4449 credendum,
1289 4383 1360 4439 nulla
1373 4397 1526 4453 principum
1540 4384 1697 4463 italicorum
1706 4383 1786 4439 lamr-

138 4459 220 4532 qnasi
231 4459 324 4516 triobo
334 4476 412 4516 arem
423 4462 686 4535 procerern,tibique
698 4464 845 4537 ignotum?
858 4464 938 4521 Mun.
994 4408 1028 4519 ha
1044 4469 1142 4532 practer
1156 4456 1306 4521 Mathildis,
1319 4455 1558 4536 studiouconstanu
1569 4450 1645 4516 invit,
1658 4470 1690 4509 ac
1704 4469 1786 4525 opem

176 4531 334 4598 (777)(177
351 4542 407 4588 ant.
428 4533 575 4589 dammula.
591 4535 673 4591 Lsrs.
994 4533 1100 4589 tulitin
1115 4543 1252 4587 earerum
1273 4528 1477 4597 perturbatione
1494 4539 1559 4579 vero
1578 4527 1703 4604 Romano
1718 4541 1785 4595 pon-

179 4603 255 4673 (756)
269 4604 300 4657 17
315 4602 453 4660 Graeciam
466 4619 517 4659 nos
533 4605 634 4661 iterum
655 4605 761 4661 Donizo
771 4605 871 4673 trabit3
891 4605 939 4661 sed
956 4576 1071 4661 ¹Jtilici.
1087 4605 1165 4675 lingo
1192 4600 1369 4655 Frnvtutaeen.
1396 4595 1424 4650 in
1449 4595 1553 4677 Chron.
1579 4595 1710 4678 vudum:
1724 4598 1787 4679 ⁸Solu

138 4673 191 4729 1777
210 4673 385 4746 7777777ῑί777
399 4672 494 4730 dubia.
510 4676 579 4732 177777
595 4684 657 4731 utut
669 4677 852 4747 spermologus
867 4678 938 4732 colli-
988 4681 1052 4731 tuuc
1079 4674 1204 4744 temporis
1224 4674 1333 4754 77777777
1352 4672 1392 4751 777
1401 4664 1542 4721 liutbaldus
1562 4672 1696 4748 comitisse
1717 4673 1788 4723 mter

138 4749 250 4829 97777777
257 4747 360 4800 77777777
368 4745 511 4818 significet,
523 4755 642 4802 attamen
651 4763 745 4802 vocem
761 4746 831 4803 hanc
846 4747 936 4804 Graeci
990 4750 1117 4816 (77777777.
1135 4759 1194 4825 qut?
1204 4757 1276 4811 rests
1286 4743 1435 4821 potmtmm
1445 4741 1593 4820 “epimahi
1606 4742 1721 4807 ltbqttoe
1733 4740 1787 4823 teir

136 4832 169 4872 nn
182 4815 349 4872 deteriorem
367 4832 478 4873 sensum
491 4819 615 4889 77777777
633 4826 842 4875 consueverunt
863 4826 938 4890 Apo-
993 4817 1144 4874 liditatibus
1164 4829 1220 4884 epus
1242 4816 1278 4893 et·
1288 4815 1415 4893 poteratne
1435 4814 1517 4890 etrum
1531 4808 1622 4864 bellrco
1641 4815 1789 4894 certamine

135 4885 262 4944 77777777
329 4886 447 4945 Athenis
470 4888 600 4946 irrisionis
624 4889 709 4961 gratia
736 4891 886 4961 appellatus
899 4897 940 4945 est
992 4889 1193 4952 emereretur
1206 4885 1304 4967 merito
1315 4885 1465 4966 nominetur
1482 4894 1589 4948 strupo,
1608 4896 1669 4950 quo
1688 4887 1789 4937 orrmte

413 4957 547 5086 l...
993 4950 1788 5023 *¹

136 5102 279 5182 interpres
285 5068 299 5182 ὀ
306 5045 495 5184 7777ἶο7ἕ7177
512 5046 655 5159 semitm
669 5047 846 5187 seuguthlslhig
859 5042 941 5160 ffirst
993 5047 1112 5188 molo,
1126 5104 1206 5169 utque
1222 5098 1303 5151 77777
1315 5095 1387 5158 dux,
1402 5060 1428 5149 ti
1443 5064 1638 5178 met'cbt'vnitsa
1654 5066 1789 5150 11777177Μο

137 5171 445 5301 fflwhl'undrewpw'
462 5189 483 5229 sr
497 5180 592 5230 tamen
604 5176 703 5231 mendo
715 5190 792 5231 omnr
807 5183 881 5232 77777
895 5176 940 5231 hrc
994 5167 1384 5304 grgdgngreorbnggffifflm
1399 5168 1446 5221 Det
1461 5167 1571 5229 tabem,
1593 5166 1688 5219 domm
1708 5181 1789 5236 1³⁰1)oe

224 5286 231 5299 .
323 5282 330 5295 .
1016 5263 1032 5301 r
1268 5281 1274 5293 ·
1364 5278 1370 5291 ·

177 5314 330 5386 (7577577.
346 5329 418 5371 vers.
432 5317 497 5372 Bar.
510 5322 591 5382 7667,
605 5332 683 5373 num.
703 5325 726 5374 l.
743 5319 830 5375 Lars.
1030 5261 1103 5384 (7⁹63)
1123 5317 1180 5369 llos
1198 5313 1431 5367 reuersurus.
1451 5314 1528 5372 7677,
1544 5322 1626 5362 num.
1644 5310 1689 5361 25.
1706 5308 1790 5364 Lsrb.

177 5385 254 5455 (766)
268 5387 436 5459 interpungo
450 5388 508 5444 ita:
524 5390 644 5444 ruituros
658 5405 712 5446 esse
721 5391 845 5446 7177777777
854 5407 939 5463 quou-
1030 5387 1310 5465 (76⁴)Baron31074,
1332 5396 1410 5463 num.
1431 5385 1473 5435 77.
1488 5380 1598 5461 Luam..
1667 5448 1673 5460 ι
1728 5454 1733 5463 η

195 5472 231 5513 ue
244 5457 307 5529 plats,
319 5458 400 5539 ipsos,
414 5459 474 5515 77777
485 5463 596 5530 patitur
611 5462 680 5516 Deus
695 5461 764 5516 71177.
782 5463 865 5519 Lern.
1029 5462 1104 5527 (765)
1126 5458 1219 5512 Sancti
1245 5452 1368 5510 Anselmr
1398 5454 1531 5507 Lucensis
1557 5464 1674 5521 eprscopr
1700 5451 1795 5507 Vitam

187 5532 254 5602 761)
267 5527 484 5587 0777777777777
497 5530 657 5603 ptulerunt,
672 5538 701 5588 et
718 5533 833 5601 rectius,
849 5539 940 5590 7777777
993 5530 1078 5588 habes
1097 5527 1171 5599 apud
1184 5524 1349 5580 Bollandum
1365 5526 1394 5577 in
1416 5527 1476 5577 Act.
1506 5530 1640 5601 sanctor„
1657 5528 1737 5604 tom.
1768 5524 1794 5604 ll

138 5616 243 5672 sepem,
265 5601 343 5656 Mun.
993 5600 1095 5667 Martii,
1117 5613 1180 5672 pag.
1206 5598 1302 5666 6777
1324 5593 1475 5664 capellano,
1503 5604 1561 5646 7777
1590 5599 1795 5666 poenrtentxarro

180 5674 255 5739 (762)
280 5670 348 5728 Cod.
367 5670 499 5742 Padolir.‚
515 5675 643 5745 specioso.
661 5677 790 5732 Attamen
804 5691 859 5733 non
883 5691 939 5733 una
993 5671 1118 5747 ejusdem
1133 5666 1266 5730 anselmi,
1292 5664 1432 5737 scriptam.
1467 5664 1553 5718 Mun.

136 5740 403 5813 hidildisdomus
423 5742 462 5801 ab
475 5742 527 5801 hac
548 5743 696 5803 infectione
723 5747 853 5805 immunis
881 5754 940 5804 erat
1029 5746 1101 5812 (766)
1112 5745 1213 5798 Baron.
1226 5741 1308 5804 7667,
1320 5750 1398 5791 num.
1413 5733 1554 5791 7617777.

137 5812 272 5873 dicenda.
286 5812 381 5885 ileqne
393 5813 469 5871 enim
477 5815 590 5890 reliquie
597 5815 744 5879 0777777777
750 5819 827 5878 771777
836 5827 938 5893 partes,

288 5902 403 5959 Parnon.
421 5902 553 5962 meust.
1587 5895 1621 5952 ³²
