3884 6158
479 272 653 333 sumtuum
670 276 783 335 extat
802 277 995 337 assulam!
1011 277 1199 335 VAGllNTES.
1534 324 1538 329 .
1611 278 1662 337 dili

128 400 274 461 Gaudiaco.
305 403 339 458 ln
360 400 519 474 episcopatu
548 400 722 475 lugdunensi
747 417 808 460 mo-
821 407 848 469 Α
862 417 891 459 se
909 402 1015 461 divino*
1021 401 1128 477 judicio
1152 402 1268 460 existere
1281 401 1318 460 de
1338 410 1496 476 perpetrata
1518 401 1663 478 iniquitate

121 512 165 555 ana
185 494 260 568 quod
280 494 379 551 dicitur
392 494 427 552 de
441 494 587 562 amberta3
611 495 707 551 cellam
722 496 807 553 Talu-
862 505 1020 570 cognoscat,
1044 506 1071 552 et
1084 495 1136 553 nisi
1150 511 1182 553 ea
1204 510 1268 568 quae
1280 494 1315 553 ab
1329 495 1376 553 illo
1396 505 1462 553 sunt
1482 496 1555 555 male
1568 496 1661 555 oblata

121 588 238 659 ,cellam
249 586 507 653 Pellaeum,cellam
518 586 807 653 Armdunum,cellam
861 589 1136 662 restitueritetdigna
1146 590 1308 661 punitentia
1316 588 1411 647 illicite
1419 589 1661 658 actadelleverita

121 698 199 751 orm,
212 691 321 739 curtem
334 680 540 749 ambariacum,
560 681 702 738 eeclesiam
714 682 807 738 Sancti
861 681 1662 757 saeratissimocorporeetsanguinenominiRedemptoris

121 778 140 845 i,
161 774 317 849 [eeclesiam
349 788 411 846 quae
432 782 544 831 vocntur
569 772 607 831 ad
635 774 806 845 oratorium,
862 774 1662 850 nostrilesnChristialienusliatatqueinaeternoexamine

131 868 167 927 de
181 868 324 936 llomanis,
342 869 441 924 cellam
458 867 648 938 cavariacum,
664 868 808 926 ecclesiam
862 868 995 926 districtae
1006 868 1266 942 ultionisubjaceat.
1279 866 1590 927 Cunctisautcmeidem
1600 868 1661 927 loeo

121 978 143 1021 o
156 962 258 1021 Gosrn.
271 963 377 1018 Omnes
388 975 498 1033 quoque
512 960 590 1020 villas
602 969 629 1018 et
640 968 726 1019 terres
740 979 808 1036 quas
858 963 935 1036 justa
946 962 1129 1027 servantibus,
1140 961 1177 1018 sit
1186 977 1235 1033 pax
1247 962 1361 1017 Domini
1373 962 1462 1018 nostri
1471 963 1537 1020 lesu
1546 962 1661 1031 Christi,

121 1054 168 1115 lus
191 1055 314 1113 moriens
339 1052 469 1110 Cluniaco
496 1053 622 1111 contulit.
648 1056 679 1111 ln
700 1055 809 1113 Gratia·
862 1065 999 1129 quatenus
1013 1053 1662 1127 ethiclmctumboncactionispercipiant,et

121 1165 169 1208 mo
185 1150 342 1223 episcopatu
364 1148 461 1204 cellam
480 1162 541 1220 quae
559 1156 674 1205 vocatur
696 1151 807 1223 Borget,
863 1148 935 1223 apud
950 1148 1232 1222 divbiotumJudicem
1245 1147 1358 1221 praemia
1375 1148 1453 1220 pacis
1466 1148 1618 1206 inveniant.

121 1243 211 1301 crium
223 1242 299 1317 quod
312 1249 424 1299 vocatur
446 1244 629 1298 Domena.1n
650 1243 807 1315 episcopatu
899 1246 1004 1300 Datum
1013 1241 1179 1311 .Lateranis,
1200 1242 1298 1315 quinto
1322 1240 1388 1298 ldus
1410 1241 1592 1314 Decembris,
1615 1256 1663 1315 per

121 1336 181 1397 enei
200 1337 296 1394 cellam
314 1351 376 1408 quae
390 1343 504 1391 vocatur
521 1337 633 1393 Portus.
654 1337 687 1391 ln
701 1338 807 1410 episco·
862 1352 963 1394 manus
984 1336 1058 1393 Petri
1086 1350 1171 1392 sacrae
1195 1337 1334 1393 Romanae
1357 1332 1489 1392 Ecclesiae
1511 1334 1664 1408 presbyteri

121 1431 206 1489 illenei
218 1430 315 1488 cellam
326 1444 388 1502 qnae
398 1437 510 1485 vocatur
519 1432 685 1501 Ramengas.
696 1434 725 1487 ln
736 1433 808 1489 Lau-
862 1430 1010 1488 cardinalis
1023 1445 1056 1487 ac
1076 1428 1287 1498 bibliothecarii,
1309 1444 1381 1485 anno
1396 1436 1496 1502 quarto
1519 1425 1663 1498 pontillca-
1731 1416 1739 1441 ¹

121 1524 305 1597 riepiscopatu
316 1522 513 1579 monasterium
524 1522 599 1596 quod
610 1523 808 1581 diciturl’ater·
862 1533 908 1581 tus
928 1523 1026 1582 domni
1040 1523 1166 1597 Gregorii
1186 1538 1264 1596 papae
1282 1522 1411 1597 septimi,
1430 1520 1579 1580 indictione
1597 1535 1661 1580 xiv.

121 1625 220 1691 etquae
230 1617 259 1673 iu
272 1616 373 1673 alsatia
385 1614 519 1673 dederunt
527 1617 706 1689 imperatores
718 1617 807 1675 eidem
862 1620 936 1675 Bene
948 1617 1047 1674 valete.

121 1712 201 1769 ellam
213 1725 275 1782 quae
289 1708 389 1766 dicitur
405 1724 487 1766 mons
500 1708 609 1766 Rioheri
626 1720 655 1767 et
668 1720 808 1768 monaste·
1219 1707 1298 1764 XXI.

121 1803 271 1863 roddieitur
280 1807 449 1860 Romanum.
464 1805 496 1859 ln
507 1803 662 1876 episcopatu
673 1804 810 1862 Geneuen·
823 1783 847 1846 Β
862 1802 1038 1886 Prioilepium
1060 1801 1183 1886 Gregorii
1197 1814 1279 1884 popu
1297 1800 1358 1884 Vll,
1380 1815 1431 1885 per
1443 1799 1516 1871 quod
1532 1803 1664 1859 manure·

121 1897 235 1957 sterium
244 1897 335 1953 Sancti
344 1896 604 1970 Victorismartyris.
613 1899 646 1954 ln
656 1898 807 1971 argentino
898 1888 1082 2000 ”amm
1089 1872 1470 1998 mebuffiagfflwff
1483 1874 1663 1999 ἭἪ

121 1998 167 2049 rtn
183 1991 387 2048 monasterium
408 1989 542 2047 salsense.
557 1992 589 2046 ln
603 1992 807 2049 constantiensi
898 1960 1040 2070 ammas,
1059 2014 1208 2087 ,emaum
1218 2029 1252 2085 p,
1300 2018 1346 2068 ,m
1359 1984 1451 2068 ,dmm
1469 1958 1580 2082 1⁰1³,qu
1588 1987 1663 2084 qm}

121 2090 167 2143 rtu
177 2084 276 2143 cellam
287 2098 349 2157 quae
363 2082 463 2140 dicitur
476 2084 633 2141 Romisino.
649 2087 681 2141 ln
700 2084 805 2157 episeo·
899 2102 950 2158 que
962 2086 1159 2143 successoribus
1171 2030 1312 2139 αὸὺαὲἴιῖε
1325 2085 1555 2141 clrrctocemtcus.

121 2176 208 2253 pienti
220 2177 421 2235 monasterium
431 2178 522 2234 Sancti
535 2178 642 2234 blaioli.
658 2179 690 2234 ln
703 2180 807 2252 episeo·
1153 2181 1246 2247 (Anno
1266 2181 1360 2245 1075.)

121 2271 232 2329 susensi
258 2271 457 2327 monasterium
489 2272 517 2328 S.
546 2272 642 2329 lllarci.
675 2276 708 2329 ln
732 2272 807 2329 Urbe
1046 2272 1213 2341 [Baliarium
1227 2273 1409 2339 clunabceme,
1424 2272 1483 2341 ab]

121 2380 164 2423 na
180 2364 324 2423 ecclesiam
344 2365 438 2421 Sancti
454 2365 592 2437 Gregorii.
605 2368 690 2421 Juxta
710 2366 806 2422 urbem
897 2368 1078 2425 Gnnoonrns
1091 2366 1246 2439 episcopus,
1261 2379 1507 2421 serrusvervorum
1519 2364 1581 2429 Dei,
1593 2362 1664 2423 dile·

121 2473 173 2515 arn
185 2456 387 2515 monasterium
401 2455 428 2512 in
441 2455 546 2512 bonore
559 2456 652 2512 Sancti
669 2457 807 2514 Gabrielis
861 2467 906 2515 cto
919 2460 949 2514 in
963 2458 1073 2515 Christo
1084 2459 1140 2514 lilio
1157 2462 1279 2517 Huoom
1295 2457 1384 2516 abbati
1395 2458 1557 2516 monasterii
1571 2457 1666 2517 beato·

121 2560 215 2609 torum
235 2549 368 2607 Barnabae
389 2556 417 2604 et
438 2550 531 2605 Lucae.
551 2550 655 2606 Praeter
669 2566 711 2618 ca,
735 2550 806 2607 sicut
861 2569 922 2609 rum
940 2552 1130 2624 apostolorum
1151 2551 1226 2607 Petri
1240 2557 1268 2606 et
1285 2550 1364 2607 Pauli
1384 2552 1537 2610 constructi
1550 2552 1579 2608 in
1602 2550 1664 2623 lncp

121 2644 229 2711 luimus,
244 2657 417 2715 quaecuuque
429 2657 503 2698 nunc
519 2640 602 2698 babet
614 2650 662 2698 aut
673 2642 702 2698 in
717 2651 806 2715 poste
861 2645 907 2719 qni
926 2644 1028 2701 dieitur
1040 2644 1197 2701 cluniacus.

121 2737 221 2797 omino
240 2743 393 2804 annuente,
416 2734 518 2792 habere
532 2736 682 2807 contigerit
701 2735 730 2791 in
744 2736 805 2809 qui·
897 2738 1029 2810 Supemae
1044 2736 1230 2793 miserationis
1243 2743 1369 2811 respectu
1383 2734 1418 2793 ad
1432 2735 1485 2793 hoc
1498 2736 1663 2797 universalis

121 2846 127 2888 :
140 2829 228 2889 rebus
240 2828 391 2886 mobilibus
405 2830 446 2885 vel
461 2828 662 2885 immobilibus.
862 2830 990 2888 Ecclesiae
1001 2845 1099 2887 curam
1109 2830 1293 2900 suscepimus,
1306 2837 1334 2885 et
1342 2829 1487 2902 apostolici
1497 2829 1664 2888 moderami-

123 2923 321 2981 constituimus
330 2931 360 2978 ut
374 2922 496 2979 obeunte
506 2921 605 2978 abbate
618 2938 673 2978 non
688 2920 757 2979 alius
770 2922 808 2979 ibi
863 2926 907 2981 nis
921 2922 1132 2981 sollicitudinem
1146 2921 1277 2997 gerimus,
1292 2929 1324 2977 nt
1334 2922 1417 2995 luetis
1432 2923 1603 2997 precantium
1618 2938 1664 2982 vo·

121 3032 173 3093 quc
186 3015 355 3088 obreptionis
372 3016 473 3071 astutia
494 3014 639 3072 ordinetur
657 3015 711 3072 nisi
725 3031 807 3088 quem
863 3018 900 3075 tis
915 3025 1019 3075 attenta
1035 3016 1205 3089 benignitate
1217 3013 1369 3083 faveamus,
1380 3021 1409 3070 et
1422 3015 1566 3073 libramine
1576 3016 1665 3091 eequi-

129 3109 257 3184 eJ'usdem
276 3107 396 3165 caenobii
419 3123 485 3164 cum
507 3110 652 3165 communi
672 3124 807 3166 consensu
865 3110 927 3168 tatis
952 3108 1082 3168 omnibus
1103 3109 1133 3165 in
1145 3109 1305 3167 necessitate
1318 3107 1417 3181 positis
1436 3116 1584 3182 quantum,
1603 3112 1665 3169 Deo

121 3218 162 3261 un
177 3204 306 3260 timorem
322 3203 374 3259 Dei
387 3201 528 3275 elegerint.
544 3206 579 3260 Et
591 3201 627 3258 ad
642 3217 808 3261 consecran-
823 3177 845 3243 (ἶ
862 3203 996 3273 donante,
1011 3218 1159 3279 possumus
1172 3202 1315 3261 subvenire
1335 3201 1504 3273 debeamus,
1527 3204 1665 3278 praecipue

121 3298 178 3355 lum
195 3297 248 3369 ipsi
262 3295 362 3353 iratres
381 3295 516 3353 advocent
536 3297 696 3369 episcopum
711 3313 808 3370 quem·
863 3307 959 3356 umen
968 3296 1003 3355 de
1012 3296 1208 3355 venerabilium
1220 3295 1345 3353 locorum
1353 3295 1502 3354 stabilitate
1512 3311 1562 3369 pro
1572 3296 1665 3355 debito

133 3390 281 3448 voluerint.
297 3391 354 3445 Nec
368 3389 464 3462 quovis
486 3389 569 3446 modo
588 3390 734 3462 quisquam
749 3391 809 3463 epi·
864 3391 971 3450 honore
985 3403 1103 3446 summae
1120 3396 1147 3445 et
1159 3387 1316 3462 apostolicae
1327 3388 1403 3445 sedis
1418 3389 1463 3445 cui
1476 3389 1586 3463 speciali
1601 3389 1665 3464 jure

120 3482 164 3541 vel
179 3482 402 3555 archiepiscopus
417 3482 508 3538 locum
521 3483 611 3554 ipsum
626 3499 676 3539 seu
692 3484 811 3557 capellas
864 3483 1015 3553 adhaerent,
1033 3489 1169 3555 quantum
1184 3497 1217 3538 ex
1236 3480 1328 3539 divino
1345 3480 1484 3555 adjutorio
1503 3482 1667 3556 possibilitas

121 3586 192 3646 etas,
203 3576 328 3634 videlicet
340 3578 451 3633 Sanctae
463 3576 568 3643 blariae,
584 3577 612 3633 S.
628 3576 726 3634 Maioli
740 3577 809 3634 ets.
865 3576 958 3646 datur,
970 3576 1051 3633 nobis
1062 3574 1236 3647 pensandum
1248 3582 1276 3631 et
1290 3574 1471 3632 laborandum
1483 3590 1542 3634 erse
1556 3592 1669 3651 perpen-

121 3686 147 3739 s,
162 3669 204 3727 vel
219 3670 394 3743 presbyteros
410 3668 444 3725 ab
464 3669 563 3726 abbate
577 3669 616 3725 ibi
634 3669 809 3728 constitutos.
865 3670 968 3727 dimus.
983 3669 1102 3727 Proinde
1111 3668 1190 3742 juxta
1206 3668 1366 3741 petitionem
1382 3678 1462 3727 trram
1474 3678 1503 3727 et
1517 3668 1565 3727 dlii
1577 3672 1666 3729 nostri

121 3762 211 3821 tacitos
226 3763 311 3836 ipsius
326 3762 488 3819 monasterii
503 3764 756 3828 excommunicare,
769 3767 812 3823 vel
865 3763 998 3822 Willelmi
1009 3761 1119 3821 comitis
1136 3762 1324 3830 Pictavorum,
1337 3764 1508 3821 monasterio
1524 3762 1667 3837 quodipse

121 3856 262 3926 candeat,
278 3855 324 3912 sed
344 3872 453 3929 semper
466 3857 517 3912 sub
533 3858 617 3913 tutela
632 3866 658 3913 et
678 3858 810 3915 immuni·
865 3872 959 3914 comes
983 3856 1013 3913 in
1035 3854 1168 3913 suburbio
1194 3854 1320 3928 ejusdem
1345 3856 1480 3929 ciuitatis,
1506 3857 1536 3913 in
1560 3855 1667 3915 honora

121 3946 236 4020 amana,
251 3950 393 4022 soliusque
409 3950 528 4005 nonnoni
552 3950 690 4022 pontilicis
710 3950 812 4024 judicio
865 3949 1335 4022 beatorumapostolommloannis
1346 3948 1531 4023 evangeliste,
1545 3950 1667 4007 Simonis

121 4051 205 4113 enter,
220 4044 405 4116 omnipotenti
428 4044 550 4099 Domino
564 4043 651 4114 quieti
669 4045 812 4117 securique
866 4052 894 4101 et
907 4042 987 4101 Judae
999 4043 1163 4101 construxit.
1179 4044 1291 4119 Nosque
1304 4051 1336 4100 ut
1348 4043 1397 4101 tibi
1411 4060 1445 4101 ac
1462 4043 1516 4101 tuis
1528 4058 1667 4101 successo·

121 4144 177 4195 ent.
187 4139 212 4193 A
223 4152 389 4210 quoeunque
399 4138 530 4209 episcopo
544 4136 684 4194 voluerint
693 4137 814 4195 etiamin
866 4138 943 4195 ribus
954 4136 1108 4194 secundum
1122 4136 1273 4194 Dominum
1285 4145 1415 4209 perpetuo
1429 4134 1583 4211 regendum
1594 4151 1668 4197 oom-

121 4230 336 4287 rneeerationum
350 4230 449 4302 inipso
465 4231 525 4286 loco
537 4229 723 4302 agendorum,
741 4231 814 4287 elrri-
867 4231 1041 4287 mitteremus
1055 4230 1188 4287 exoravit.
1212 4229 1379 4303 Huiusmodi
1400 4229 1571 4304 privilegium
1593 4246 1665 4305 pres·

121 4324 193 4381 bum
212 4334 353 4392 sanctum,
369 4323 462 4380 oleum
482 4323 659 4380 inlinuorum
674 4324 813 4397 accipere3
868 4322 939 4381 senti
961 4322 1132 4380 auctoritatis
1149 4330 1252 4380 nostrae
1276 4323 1386 4380 decreto
1404 4322 1588 4397 indulgemus,
1603 4338 1669 4381 con-

128 4417 381 4473 etconsecrationis
391 4416 521 4473 altarium
533 4424 560 4472 et
572 4417 751 4488 capellarum,
763 4434 812 4475 seu
868 4416 994 4475 cedimus
1006 4424 1090 4489 atque
1105 4414 1260 4473 firmamus.
1278 4416 1435 4473 statuentes
1448 4415 1556 4473 nullum
1569 4432 1667 4489 regum

121 4510 204 4567 iones
224 4509 438 4566 monachorum.
455 4510 638 4567 concedimus
659 4511 708 4568 tibi
721 4519 748 4568 et
761 4512 813 4584 ipsi
869 4520 898 4568 et
919 4510 1130 4584 imperatorum,
1150 4510 1307 4566 antistitum
1327 4509 1370 4565 vol
1390 4509 1540 4577 comitum,
1560 4508 1666 4567 nullum

121 4602 162 4661 rili
176 4604 247 4671 loeo,
267 4611 295 4658 et
306 4602 509 4659 eonllrmamus
524 4604 676 4676 apostolica
690 4606 814 4661 auctori·
868 4620 1030 4679 quacunque
1039 4604 1172 4677 dignitate
1185 4603 1332 4676 praeditum
1345 4603 1386 4660 vel
1396 4618 1566 4676 quemquam
1580 4601 1667 4661 allum

121 4694 302 4769 andocunque
314 4696 355 4752 vel
370 4696 492 4769 quandin
505 4696 583 4753 vobis
606 4697 738 4768 placuerit
753 4713 813 4770 par·
868 4697 971 4756 audere
982 4696 1018 4755 de
1032 4696 1075 4755 bis
1089 4713 1151 4771 quae
1168 4713 1184 4753 a
1198 4696 1311 4770 praelato
1326 4696 1438 4766 comite,
1453 4696 1494 4754 vel
1508 4712 1525 4753 a
1538 4697 1669 4770 quibusli-

121 4805 157 4847 mr
171 4790 277 4861 proprii
298 4789 478 4854 numismatis
493 4790 534 4845 vel
551 4797 672 4846 monetae
686 4788 815 4863 quemad·
869 4793 915 4850 bet
933 4790 1094 4848 hominibus
1107 4791 1197 4849 eidem
1209 4790 1354 4848 venerabili
1365 4792 1425 4848 loco
1435 4790 1469 4849 de
1484 4792 1593 4865 proprio
1602 4792 1668 4864 jure

121 4898 130 4940 r
144 4882 291 4957 privilegiis
305 4883 505 4939 venerabilium
519 4881 752 4955 praedecessorum
762 4900 813 4941 no·
866 4886 925 4959 Jnm
946 4884 1047 4941 donata
1064 4891 1139 4952 sunt,
1157 4885 1198 4941 vel
1218 4883 1248 4940 in
1269 4883 1395 4942 luturum
1410 4884 1532 4943 Domino
1545 4884 1669 4943 donante

121 4977 340 5050 ucomperimus
352 4976 429 5033 robis
445 4992 609 5033 concessum
623 4986 651 5035 et
664 4977 815 5036 conlirrna·
869 4979 966 5037 collata
977 4977 1089 5035 luerunt
1104 4977 1154 5035 sub
1164 4977 1312 5051 cujuslibet
1321 4994 1403 5035 causa
1412 4979 1599 5038 occasionisve
1612 4994 1669 5052 epe

121 5084 163 5139 se,
178 5070 358 5128 concedimus
375 5078 402 5127 et
413 5071 626 5128 confirmamus.
643 5073 710 5128 llaec
730 5072 816 5144 igitur
869 5073 909 5129 cie
921 5072 1097 5129 minuerevel
1106 5071 1226 5140 auferre,
1238 5080 1266 5129 et
1278 5072 1334 5129 eive
1348 5072 1405 5130 suis
1417 5071 1511 5130 usibus
1521 5073 1666 5147 applicare,

123 5178 186 5238 quse
203 5164 262 5238 ejus
284 5165 415 5236 praecepti
434 5164 592 5238 decretique
611 5165 697 5221 nostri
715 5166 815 5238 pagina
869 5166 910 5222 vel
924 5166 986 5224 aliis
999 5165 1077 5241 quasi
1089 5165 1140 5239 piis
1152 5164 1187 5223 de
1200 5165 1292 5223 causis
1309 5182 1359 5241 pro
1371 5182 1428 5224 euae
1443 5166 1565 5225 avaritiae
1584 5181 1668 5224 excu-

121 5264 218 5328 ctam
228 5257 281 5313 tibi
294 5272 377 5329 quam
392 5258 498 5314 cunctis
512 5258 597 5331 quiin
612 5273 644 5314 eo
657 5273 711 5331 quo
728 5274 755 5316 es
767 5275 815 5317 or·
869 5260 976 5319 satione
991 5259 1153 5318 concedere.
1172 5259 1226 5317 Sed
1239 5268 1339 5317 cuneta
1358 5276 1421 5333 quae
1434 5260 1472 5317 ibi
1487 5260 1578 5318 oblata
1592 5268 1668 5330 runt,

121 5350 209 5423 coque
224 5351 419 5419 successerint,
440 5358 468 5407 et
486 5351 526 5408 eis
549 5367 667 5423 quorum
682 5354 816 5410 interesse
869 5353 912 5410 vel
930 5348 1025 5411 offerri
1035 5353 1256 5427 contigerit,tam
1268 5369 1283 5409 a
1297 5361 1325 5411 te
1340 5369 1424 5427 quam
1436 5351 1514 5410 abiis
1525 5353 1572 5426 qui
1582 5352 1669 5411 intuo

136 5442 166 5501 in
181 5452 343 5518 perpetuum
363 5443 497 5501 servanda
511 5442 695 5503 decernimus.
712 5447 740 5504 Si
753 5446 816 5520 quis
870 5444 961 5504 officio
978 5447 1092 5520 locoque
1106 5447 1285 5504 successerint
1299 5446 1411 5520 perenni
1427 5453 1550 5520 tempore
1563 5446 1670 5505 illibata

121 5550 212 5611 egum,
227 5536 412 5606 sacerdotum,
436 5538 611 5604 clericorum,
630 5538 815 5612 judicamus
871 5548 899 5598 et
906 5540 964 5597 sine
973 5539 1162 5613 inquietudine
1171 5540 1262 5614 aliqua
1270 5541 1398 5597 volumus
1406 5538 1552 5614 possideri.
1565 5542 1669 5597 liornm

121 5628 193 5687 rium
207 5646 387 5703 personarum
403 5630 474 5688 hane
490 5631 695 5690 constitutionis
712 5641 815 5691 nostrae
869 5633 981 5706 quidem
995 5632 1102 5702 usibus,
1116 5648 1166 5706 pro
1181 5648 1300 5706 quorum
1310 5633 1521 5699 sustentatione,
1535 5624 1670 5706 guberne·

121 5736 147 5781 m
167 5736 330 5798 agnoscens,
350 5724 442 5782 venire
460 5733 557 5782 contra
572 5741 636 5783 eam
657 5726 814 5796 tentaverit,
869 5728 1000 5801 beneque
1011 5742 1140 5785 concessa
1153 5734 1230 5797 sunt,
1245 5725 1335 5785 modis
1349 5725 1478 5783 omnibus
1493 5723 1649 5801 prolumra.

121 5814 163 5873 llis
176 5814 346 5892 honorisque
356 5817 399 5875 sui
416 5816 549 5892 dignitate
561 5826 664 5890 careat,
682 5834 815 5895 reumque
905 5825 985 5892 ltem,
990 5820 1188 5879 consuluimus
1193 5826 1234 5890 ut,
1245 5819 1365 5877 obeunte
1374 5814 1674 5887 remunerarentur
