3870 6164
1770 76 1800 138 ⁵t

161 220 198 273 ³3
561 270 564 275 .
663 229 924 288 uuoluuollstlt.
947 263 980 272 -·
1000 235 1088 293 ecla
1108 240 1137 295 S.
1157 242 1329 301 uuuuoltlt.
1458 196 1461 201 Ι
1783 204 1821 319 Ι34

158 347 271 405 amicos
279 348 439 409 carimimos
452 352 766 416 etulerinossoletesse
780 368 936 432 germanos.
950 385 964 413 ι
979 365 1006 428 Α
1019 362 1122 436 absque
1147 366 1282 439 ejusmodi
1307 369 1388 426 titulo
1411 374 1545 444 appellare
1572 378 1687 449 malunt,
1709 391 1821 455 propter
1869 436 1872 441 .

183 448 245 504 aa.
260 443 356 502 Habes
367 443 474 503 iontem
488 446 643 520 filiationis,
656 450 671 508 ι’
683 453 828 513 Locatello
845 457 966 529 primum
1022 458 1171 529 periculum
1184 460 1320 534 ambigue
1334 463 1544 538 significationis
1561 468 1589 525 in
1603 471 1695 544 vulgo,
1709 474 1820 533 titulum

157 537 328 611 excogitatas
341 539 473 613 gratis,a
494 543 632 601 Petraaaio
661 547 750 620 magis
772 547 854 607 etiam
882 552 966 624 gratis
1021 550 1158 622 eiusmodi
1198 565 1345 627 accepturo
1379 558 1533 617 secundum
1584 566 1673 637 magis
1709 568 1820 626 obviam

157 632 200 688 sic
216 641 350 703 acceptae,
372 642 400 690 et
421 635 609 695 inLcctiooss
630 641 821 716 Martyrologii
847 644 965 702 matuti-
1020 645 1241 720 strictioremque
1264 650 1417 708 notionem.
1446 653 1561 711 Interim
1588 672 1638 728 per
1662 659 1738 716 illam
1760 661 1818 718 sin-

161 725 247 800 niqns
258 725 344 785 officii
365 728 493 801 intuere,
509 731 589 804 quasi
614 735 903 794 ·vallumbrosannm
923 738 966 796 in·
1018 753 1110 794 ceram
1131 740 1226 797 Didaci
1240 741 1455 813 contessionem,
1470 748 1627 806 nonsolum
1641 752 1819 826 intelligimus

162 825 288 880 stitutum
301 823 408 896 pridem
416 826 569 899 amplexus,
583 828 736 885 »tenuisset
750 831 963 890 Hildebrandus.
1018 847 1073 904 quo
1087 847 1168 890 sensu
1187 835 1324 907 praecitata
1347 837 1428 895 rerba
1456 841 1555 912 apponi
1580 845 1777 919 Martyrologiu
1790 855 1820 906 at

165 918 598 991 Qnamautemapridemtrtudi
607 920 706 979 iterum
715 925 894 982 lectionem«
906 929 964 983 blu-
1017 925 1048 981 in
1063 928 1241 986 Lectionibus
1256 929 1366 986 recitari
1378 931 1487 1003 petierit
1507 935 1673 1006 Petraccius
1697 947 1726 996 et
1739 955 1817 999 sacra
1899 976 1904 984 ·

162 1011 296 1068 nasbeam
319 1011 406 1069 vitam
430 1012 579 1086 professus,
595 1015 753 1073 caenobium
781 1020 808 1074 S.
825 1019 962 1078 Benedicti
1017 1020 1133 1077 liituum
1146 1022 1328 1094 congregatio
1339 1024 1514 1096 approbarim
1539 1028 1586 1085 sed
1602 1028 1817 1092 babemusuiam

158 1105 186 1160 in
198 1106 289 1176 patria
300 1121 351 1163 sua
365 1107 486 1164 extruxit
507 1108 560 1165 sub
571 1109 698 1167 instimta
721 1111 962 1184 vallumbrosano,
1016 1112 1174 1186 expeditam
1193 1124 1222 1172 et
1235 1117 1410 1175 commodam
1421 1118 1456 1175 ad
1472 1120 1647 1193 explicandas
1657 1125 1817 1186 innumeras

155 1197 233 1268 quod
253 1199 363 1272 pridem
378 1202 523 1274 amplexus
542 1200 640 1272 luerat,
660 1202 760 1261 deinde
780 1205 919 1279 proiectus
933 1208 961 1264 in
1015 1207 1104 1277 uisas,
1128 1208 1208 1265 nobis
1222 1209 1344 1283 objectas
1359 1213 1458 1284 saepius
1474 1215 1629 1287 saepiusque
1651 1218 1816 1291 objiciendae

154 1293 278 1351 Galbam
319 1295 347 1350 iu
367 1295 536 1352 ntanasterio
568 1296 740 1356 Cluniaeensi
761 1301 919 1372 permansit.
945 1323 957 1352 ι
1015 1299 1093 1357 abiis
1112 1302 1158 1374 qui
1171 1302 1265 1359 dolent
1289 1304 1373 1376 quod,
1391 1305 1556 1364 inhaerentes
1568 1311 1753 1369 communiori
1765 1329 1814 1370 ro·

154 1389 259 1445 llomae
286 1404 363 1462 ergo,
382 1387 473 1446 adbuc
499 1397 574 1446 totus
597 1390 708 1473 juvenis
732 1408 766 1449 ac
787 1410 857 1467 pene
880 1410 958 1466 puer,
1013 1411 1076 1451 cum
1091 1396 1120 1452 iu
1144 1397 1226 1469 vulgo
1249 1407 1441 1471 usurpatarum
1459 1402 1622 1472 acceptioni,
1649 1420 1696 1461 eos
1717 1421 1815 1464 omues

154 1482 420 1539 vallumbrosanum
430 1482 588 1541 institutum
600 1487 741 1558 amplexus
749 1487 960 1545 astllildebran·
1014 1489 1128 1546 Sanctus
1141 1505 1198 1547 nun
1210 1490 1386 1564 proteramus
1399 1494 1450 1549 sub
1463 1494 1546 1552 titulo
1558 1497 1599 1552 sui
1615 1497 1735 1567 Ordinis,
1745 1514 1815 1572 quus

157 1575 227 1645 dus,
241 1583 303 1634 ante
329 1591 434 1635 annum
457 1580 537 1648 1046,
554 1579 577 1635 si
600 1580 743 1653 ampiexus
766 1590 808 1638 est
822 1594 957 1654 unquam.
1014 1582 1053 1639 illi
1067 1599 1242 1657 quacumque
1252 1586 1360 1643 ratione
1382 1585 1582 1645 adscribendos
1593 1589 1715 1662 ipsorum
1729 1593 1816 1665 maju-

159 1671 245 1745 Atqni
264 1671 372 1729 nullum
385 1671 607 1729 vallumbrosani
621 1673 737 1732 instituti
760 1677 959 1733 monasterium
976 1691 1058 1789 Bres
1071 1677 1293 1748 aestimaverunt,
1320 1694 1444 1752 quosque
1459 1681 1486 1735 in
1504 1682 1621 1754 propriis
1639 1683 1737 1757 cuique
1758 1686 1812 1744 Or·

156 1766 400 1824 eoseculolloma
415 1765 613 1840 babuit:qu0d
627 1770 960 1828 autemnuncbabetsub
1015 1769 1072 1826 dini
1100 1770 1205 1827 Oldciis
1236 1772 1360 1844 privatim
1382 1774 1423 1829 sic
1446 1772 1538 1841 tribui,
1568 1774 1691 1848 indulget
1720 1778 1813 1851 potius

153 1860 237 1917 titarlo
248 1861 427 1929 §.Praxedis
437 1860 556 1934 primum
566 1862 828 1921 Vallnmbmsannm
838 1879 959 1922 esseces-
1011 1878 1095 1936 quam
1110 1863 1225 1921 mandat
1236 1864 1363 1922 Ecclmia.
1378 1866 1406 1922 Si
1417 1866 1585 1939 qaidautem
1599 1884 1689 1941 neque
1702 1870 1813 1929 amicis·

153 1955 957 2031 pitcircaannumtnominantetempusquadringintorum
1012 1957 1098 2014 simus
1112 1958 1193 2015 nobis
1206 1959 1371 2028 Petraccius,
1397 1975 1485 2032 neque
1506 1960 1729 2020 vallumbrosani
1749 1964 1811 2023 ltd-

152 2048 600 2121 anncrumsubdnxitoaupbrius
614 2050 956 2119 Pansinius,inlibellodc
1010 2049 1102 2121 naabi,
1126 2066 1246 2123 quorum
1279 2051 1400 2125 bospitio
1426 2052 1529 2111 liberati
1564 2070 1615 2112 nos
1641 2054 1718 2113 illum
1745 2072 1812 2116 usus

154 2142 301 2214 praecipuis
331 2142 418 2201 Urbis
435 2143 559 2200 ecclesiis
579 2142 654 2200 edito
678 2145 730 2200 sub
755 2160 860 2201 annum
875 2151 954 2202 1570.
1009 2143 1195 2217 charitateque
1217 2146 1336 2203 mirabili
1349 2145 1459 2218 adjutos
1483 2156 1621 2220 gratanter
1641 2150 1811 2221 monuimus,

153 2239 199 2292 De
216 2235 384 2294 monasterio
398 2237 531 2294 &ansusi
546 2237 630 2309 (quod
643 2253 658 2293 a
671 2238 839 2311 tamjuvene
853 2237 955 2295 lunda·
1009 2254 1065 2294 non
1077 2238 1280 2296 succensebunt
1294 2238 1364 2295 mibi
1378 2240 1442 2313 quia
1461 2257 1539 2297 suam
1558 2250 1681 2298 mentem
1697 2243 1741 2300 bic
1760 2259 1810 2301 ex·

150 2339 216 2388 tum
231 2331 403 2388 luissenemo
418 2330 568 2401 prudenter
576 2330 732 2396 crediderit)
743 2347 827 2404 agens
839 2331 953 2405 praelau·
1008 2331 1087 2403 plicui
1103 2332 1235 2405 :sicoptc
1246 2341 1278 2390 ut
1289 2333 1333 2388 alii
1344 2333 1512 2406 quicumque
1537 2334 1669 2407 Religicsi
1693 2352 1745 2392 nos
1760 2335 1808 2393 bs·

152 2425 235 2482 datus
253 2425 372 2482 Didacus
385 2424 419 2482 de
443 2424 632 2482 Francbislib.
647 2432 672 2482 8.
691 2441 752 2499 pag.
772 2432 833 2482 ast.
858 2425 891 2481 ad
905 2441 953 2482 cx·
1007 2424 1089 2482 beant
1101 2434 1256 2493 excusatos,
1278 2428 1386 2498 quoties
1407 2426 1510 2498 absque
1522 2428 1565 2486 sui
1585 2428 1699 2485 Ordinis
1726 2429 1809 2488 titulo
1862 2450 1868 2465 ι

150 2527 271 2576 uernam
285 2519 400 2575 Joaonts
424 2527 534 2576 aetatem
558 2518 644 2575 refert
664 2519 874 2592 acquisitionem
898 2519 952 2576 loci
1005 2518 1113 2591 agimm
1126 2519 1160 2575 dc
1174 2519 1311 2592 aliquibus
1333 2521 1449 2589 Sanctis,
1464 2520 1498 2577 de
1513 2521 1614 2594 quibus
1637 2522 1698 2593 ipsi,
1713 2524 1755 2579 rel
1774 2539 1809 2580 ex

152 2613 306 2671 suburbani
330 2613 364 2671 de
386 2613 506 2670 calvello
527 2613 603 2681 dicti,
624 2628 707 2684 quem
729 2612 850 2670 eremitae
874 2612 952 2684 pauci
1005 2613 1116 2684 aottqoo
1129 2628 1190 2679 usu,
1204 2610 1244 2669 vel
1258 2629 1290 2671 ex
1310 2615 1454 2671 recentiori
1470 2614 1696 2688 congregationis
1720 2631 1807 2674 sacrae

149 2715 220 2764 banc
231 2705 406 2774 babitabant;
422 2715 450 2763 et
470 2707 517 2763 ubi
532 2705 667 2764 aediflcata
687 2705 821 2778 paulatim
835 2704 952 2763 abbatia
1005 2706 1122 2774 indulto,
1142 2707 1271 2764 Olllcium
1292 2708 1408 2764 recitant
1421 2716 1553 2781 tanquam
1566 2709 1601 2765 de
1620 2725 1683 2777 suo,
1696 2709 1806 2782 quaudo

151 2800 295 2874 predicta,
311 2816 383 2857 anuo
402 2800 519 2872 denique
535 2805 614 2857 1496.
630 2799 699 2856 intra
714 2799 851 2856 civitatem
865 2807 952 2857 trans·
1006 2799 1101 2855 titulus
1126 2800 1178 2856 iste
1192 2800 1272 2856 nobis
1297 2801 1389 2856 minus
1405 2809 1497 2858 certus
1521 2802 1735 2875 exploratusque
1753 2811 1805 2860 est„

149 2896 207 2952 lata
215 2903 269 2964 est,
279 2893 401 2951 reductis
411 2894 508 2951 eodem
522 2893 661 2950 Eremitis.
675 2893 848 2950 Cumautem
870 2893 953 2966 hujus
1005 2892 1142 2962 Quoniam
1155 2907 1220 2949 vero
1234 2908 1287 2947 non
1304 2902 1346 2948 est
1358 2893 1393 2950 ab
1407 2894 1537 2951 omnibus
1551 2895 1684 2966 speranda
1701 2911 1732 2951 ea
1742 2911 1805 2953 mo·

149 2988 203 3046 loci
218 2987 348 3044 meminit
356 2987 488 3058 Didacus,
496 3003 550 3044 non
562 2987 727 3044 obliviscitur
737 2994 868 3042 annotare
878 2985 951 3058 quod
1005 2984 1109 3042 doratio
1137 3000 1190 3057 qua
1215 2985 1460 3042 vallumbrosanus
1482 2988 1577 3043 Patres
1602 2987 1662 3045 lucc
1686 2989 1806 3047 lecturus

151 3105 166 3131 ι
181 3081 361 3140 Suana-sih
375 3081 461 3154 patria
474 3079 574 3138 lamusi
588 3080 717 3137 monachi
729 3079 909 3137 Hildebrandi
920 3101 948 3136 :o
968 3078 1178 3147 Cconlidimus,
1206 3079 1351 3136 conveniet
1378 3087 1410 3135 ut
1438 3079 1501 3137 talis
1522 3080 1680 3157 omissionis
1708 3096 1806 3145 causas

147 3175 226 3233 addit
232 3183 260 3232 et
272 3174 447 3232 traditionem
463 3174 616 3232 incolarum
629 3177 707 3253 esse(
720 3189 786 3231 nam
800 3174 949 3246 scripturas
1001 3171 1121 3229 subinde
1133 3173 1314 3243 reticeamus,
1327 3189 1417 3246 nequa
1432 3172 1467 3230 ad
1488 3190 1534 3231 eas
1547 3174 1723 3248 proterendas
1734 3174 1805 3232 inri-

147 3268 201 3326 sub
222 3285 326 3326 annum
343 3273 422 3326 1550.
443 3267 570 3325 incendio
585 3267 655 3325 dicit
667 3267 791 3340 periisse)
807 3271 881 3339 quod
899 3282 948 3324 sua
1001 3276 1044 3323 tos
1058 3267 1123 3323 velit
1135 3267 1390 3340 cogerequisquam
1403 3286 1409 3317 :
1421 3283 1468 3336 nc,
1481 3277 1573 3339 postea
1588 3283 1671 3340 quam
1686 3284 1804 3342 easprc-
1882 3288 1894 3303 ·

147 3362 397 3435 praesentialocum
408 3360 553 3434 aliquanda
570 3360 697 3435 dignatus
711 3360 812 3432 sitipse
822 3362 850 3416 S.
862 3362 949 3417 Joau·
1001 3360 1158 3427 tulerimus,
1173 3375 1235 3416 sero
1249 3360 1381 3431 paeniteat
1398 3360 1617 3431 importunitatis
1636 3363 1709 3429 male
1738 3378 1805 3420 con·

148 3472 198 3514 nes
214 3473 222 3512 :
236 3463 263 3512 et
277 3455 422 3514 credemus
437 3454 472 3512 de
487 3453 636 3513 lundatcre
652 3453 840 3511 Hildebrando
854 3454 891 3510 nil
904 3452 947 3511 di-

145 3559 261 3607 cturum
272 3548 366 3618 luisse,
378 3547 452 3606 sivel
462 3551 571 3606 eminus
583 3548 722 3622 quidpiam
739 3547 948 3606 subollecisseti

1001 3453 1092 3522 sultae,
1116 3452 1235 3524 velitque
1265 3468 1329 3509 eam
1352 3453 1535 3525 quaestionem
1569 3470 1713 3527 nunquam
1738 3470 1799 3512 mo

1000 3555 1058 3603 tam
1070 3554 1167 3603 contra
1175 3560 1227 3602 nos
1238 3545 1331 3602 luisse.
1342 3548 1437 3604 Unum
1448 3544 1614 3613 addiderim,
1626 3546 1712 3618 quod,
1726 3547 1801 3605 bisce

185 3646 229 3702 tt.
252 3643 412 3703 Universim
439 3658 514 3712 vem,
551 3647 626 3716 quod
657 3642 691 3699 ad
710 3641 874 3715 Gregorium
896 3642 946 3697 l‘a·
998 3640 1054 3712 jam
1068 3638 1103 3695 ad
1113 3640 1227 3711 praalum
1239 3639 1392 3709 postulatis,
1403 3639 1510 3695 venerit
1523 3639 1637 3710 epistola
1652 3640 1802 3698 uomuis-

149 3753 214 3810 pam
239 3740 301 3794 vll.
322 3736 557 3794 vallumbrosanis
581 3735 686 3794 Sanctis
707 3732 944 3791 adnumerandum

147 3831 256 3898 attinet,
267 3829 397 3901 prelams
411 3830 530 3888 Didacus
541 3829 587 3886 lib.
597 3835 624 3886 9.
636 3845 697 3902 pag.
712 3832 775 3886 ²93.
789 3827 868 3884 aliam
883 3842 947 3883 cau·

150 3940 212 3980 mm
229 3941 284 3982 non
297 3925 418 3998 assignat
430 3940 516 3997 quam
530 3947 543 3972 a
566 3922 690 3996 obsequii
715 3930 743 3978 et
760 3920 944 3995 gratitudinis,

150 4018 214 4092 quia
227 4020 256 4076 S.
281 4021 420 4076 loannem
445 4016 627 4075 Gualbertum
652 4015 831 4081 canonizavit,
845 4023 873 4070 ct
888 4013 944 4086 pri·

147 4127 226 4168 mum
243 4111 340 4170 ordini
360 4111 533 4169 cardinalem
546 4107 624 4166 dedit
638 4111 667 4165 S.
682 4111 795 4165 Petrum
810 4111 923 4181 lgneum
938 4124 945 4162 ε

148 4206 247 4264 mdem
262 4206 341 4279 pians
356 4205 443 4262 mado
457 4220 512 4277 qua
525 4203 601 4262 Ordo
614 4201 860 4258 Vallumbrusanus
881 4217 945 4258 con·

148 4308 240 4357 serrat
259 4299 424 4356 honoratam
447 4298 610 4355 memoriam
638 4296 756 4352 Victoris
770 4297 849 4368 Papae
863 4297 899 4363 ll,
911 4294 946 4350 si·

148 4393 246 4451 milam
260 4393 379 4466 siquam
402 4393 501 4450 retinet
519 4393 807 4456 beatorumsucrum;
825 4403 882 4444 non
896 4403 946 4461 pru

1001 3734 1053 3790 cidi
1064 3734 1147 3790 Poltri
1160 3732 1393 3801 vallumbrosani,
1408 3733 1500 3790 nescia
1512 3733 1577 3805 quid
1594 3748 1672 3790 novae
1700 3735 1799 3805 proba·

1000 3827 1081 3884 tionis
1093 3827 1234 3899 pollicens,
1248 3827 1322 3900 quod
1337 3826 1453 3883 libenter
1467 3827 1494 3883 in
1506 3826 1662 3899 appendice
1671 3834 1733 3899 post
1744 3831 1800 3887 Tu·

1000 3936 1077 3977 mum
1090 3926 1106 3976 7
1120 3920 1209 3978 danda
1223 3919 1390 3992 expendam,
1405 3928 1434 3976 ct
1450 3927 1584 3992 quatenus
1604 3929 1701 3993 potero
1716 3922 1800 3979 etium

999 4029 1098 4088 sequar
1122 4034 1129 4070 ι
1160 4013 1276 4086 proinde
1295 4013 1367 4070 dicta
1392 4013 1527 4070 hactenus
1551 4013 1720 4085 accipiantur
1733 4015 1800 4072 citra

999 4107 1185 4181 praejudicium
1218 4107 1373 4175 sententiat,
1408 4105 1557 4178 aliquanda
1593 4106 1663 4163 torte
1701 4107 1799 4167 melius
1894 4102 1900 4109 ’

998 4217 1081 4274 quam
1101 4215 1273 4272 nuncusque
1286 4200 1322 4256 sit
1334 4199 1449 4270 lactum,
1468 4199 1692 4272 comprobandae.

999 4310 1015 4375 §
1038 4311 1071 4365 V.
1097 4309 1216 4364 Stemma
1237 4309 1331 4364 Sancti
1357 4308 1571 4377 qmeulopicum
1591 4307 1702 4377 ejusque
1725 4307 1799 4363 ordi·
1859 4279 1885 4317 '⁴

1263 4380 1336 4434 nutis
1358 4380 1536 4450 Episcopatu.

146 4488 222 4545 cultu
251 4485 411 4555 sanctitatis,
432 4484 480 4543 sed
509 4500 575 4558 pro.
588 4483 721 4556 obsequio
754 4470 983 4557 gratitudinis3D
1033 4481 1231 4562 85.Superiuri
1244 4480 1420 4553 Peragrapbu
1441 4495 1515 4554 saepe
1538 4480 1607 4536 mibi
1627 4489 1798 4540 memoratus

145 4589 290 4655 propterea
302 4579 377 4654 quod
399 4579 505 4653 primus
518 4578 561 4634 ille
575 4576 657 4634 luerit
671 4576 718 4649 qui
730 4576 838 4633 numter
851 4583 943 4632 natam

144 4675 392 4750 congregationem
411 4672 574 4746 apostolicis
588 4670 736 4744 Privilegiis
749 4668 941 4727 communivit.

143 4768 199 4827 sert
213 4769 282 4826 lanc
299 4769 383 4841 piam,
396 4767 484 4839 inquit
496 4766 552 4832 ille,
567 4764 748 4823 etbonestam
766 4762 942 4821 consuetudi·

142 4879 208 4920 nem
232 4877 288 4919 non
300 4861 366 4919 satis
378 4861 517 4934 cognitam
546 4859 679 4916 babentes
690 4855 944 4914 extrancommali·

141 4956 202 5028 qui,
219 4955 285 5012 vitio
302 4955 382 5013 nobis
395 4952 599 5011 inconsiderate
613 4959 737 5017 renuam
762 4950 942 5007 attribuentes

140 5050 233 5122 ipsam
245 5048 384 5107 desiderio
402 5046 554 5106 immodice
580 5044 701 5118 augendi
715 5059 862 5101 nnmerum
878 5044 941 5100 illu-

139 5143 241 5201 strium
260 5142 332 5215 apud
356 5157 408 5199 nos
428 5156 620 5216 personarum.
647 5163 660 5189 ι
690 5141 763 5194 Bene
784 5139 820 5195 sit
833 5136 942 5194 animae

140 5237 298 5311 scriptoris,
312 5234 497 5293 candidissimi
511 5233 593 5290 simul
617 5241 646 5290 et
665 5231 867 5299 discretissimi3
893 5229 941 5303 qui

142 5330 209 5387 citra
230 5329 418 5406 prejudicium
435 5328 570 5399 veritatis,
586 5327 668 5384 scirit
681 5335 803 5384 mentem
818 5324 941 5394 Ordinis,

143 5423 310 5498 (lugarium
325 5431 353 5482 at
366 5423 510 5481 Victorem
529 5421 777 5494 appellanturque,
797 5418 838 5476 sic
852 5417 938 5491 expli·

139 5533 214 5589 aare,
222 5526 254 5576 ut
264 5532 326 5576 mm
334 5533 385 5577 nec
393 5516 510 5575 ulterius
520 5514 629 5572 extendi
640 5529 688 5588 per
699 5513 881 5588 ignorantiam
894 5527 940 5586 pa-

137 5604 234 5680 tia'tur,
250 5625 302 5668 nes
312 5610 370 5670 ati'n
379 5610 578 5685 obligationem
589 5607 704 5666 inducat
718 5606 939 5663 vallumbrosani

136 5704 257 5764 Ordinis
269 5702 380 5763 titulum
396 5701 566 5763 aunbuendt
580 5702 611 5758 iis
622 5717 700 5775 quus,
714 5701 778 5775 quia
798 5708 939 5758 consuetae

132 5792 499 5871 nomanatissimus
513 5810 572 5854 non
583 5794 666 5856 luisse
674 5794 820 5856 adstrictos
832 5794 935 5863 sciunt,

997 4574 1188 4631 Reverendiss.
1202 4573 1295 4631 Abbas
1307 4574 1471 4642 Petraccius,
1486 4572 1522 4630 de
1533 4589 1584 4630 suu
1597 4574 1701 4631 Ordine
1715 4575 1796 4632 simul
1843 4648 1856 4657 .
1883 4635 1886 4639 ,

996 4684 1028 4725 ac
1040 4671 1069 4725 S.
1084 4668 1219 4740 Gregorio
1230 4683 1286 4723 oon
1300 4669 1389 4725 solum
1401 4667 1499 4724 mereri
1512 4666 1583 4723 bene
1595 4668 1710 4738 studuit,
1722 4668 1796 4739 quud

994 4762 1126 4833 explicato
1137 4762 1197 4834 jam
1209 4777 1289 4818 sensu
1303 4761 1395 4834 ipsum
1407 4761 1473 4818 lruic
1486 4760 1640 4818 innexuerit
1657 4778 1706 4835 per
1717 4760 1796 4820 addi-

995 4856 1083 4911 tiones
1095 4854 1178 4911 lactas
1191 4856 1225 4911 ad
1238 4859 1373 4912 Romanae
1387 4855 1518 4911 Ecclesia
1539 4855 1683 4928 Martyral.
1699 4863 1726 4911 et
1737 4871 1796 4913 susc

994 4950 1156 5023 Congregat.
1168 4949 1290 5005 Breviar.
1306 4948 1417 5005 lavante
1431 4948 1481 5004 sibi
1496 4949 1526 5004 in
1547 4947 1588 5004 bis
1603 4949 1746 5016 omnibus,
1766 4956 1796 5007 at
1891 4978 1899 4987 -

994 5041 1167 5099 difficultates
1199 5057 1313 5115 magnas
1348 5058 1477 5114 superare
1512 5041 1627 5099 iaciente
1654 5041 1792 5099 Cardinali
1846 5088 1856 5107 .

995 5138 1080 5204 Bona,
1097 5136 1175 5209 cajus
1191 5132 1295 5209 jndicio
1320 5151 1379 5192 rem
1399 5116 1578 5193 commise'rat
1591 5151 1667 5192 sacra
1678 5135 1794 5192 Rituum

993 5231 1189 5303 Congregati03
1211 5229 1459 5288 sedomnesetiam
1481 5229 1579 5302 ingenii
1601 5238 1683 5303 atque
1710 5228 1794 5286 studii

993 5323 1036 5380 sui
1052 5339 1150 5381 nervos
1169 5323 1298 5392 intendit,
1312 5333 1342 5380 ut
1354 5330 1524 5392 sanctorum,
1540 5323 1617 5381 nous
1636 5321 1744 5380 Officiis
1758 5321 1795 5379 ad

992 5418 1076 5491 ipsius
1086 5417 1245 5474 instantiam
1260 5417 1438 5484 donatomm,
1466 5432 1555 5490 genus
1573 5432 1660 5489 quam
1678 5415 1794 5473 clarissi-
1916 5424 1919 5429 ’

992 5527 1072 5568 mum
1091 5510 1176 5569 luisse
1195 5511 1369 5580 ostenderet,
1387 5512 1516 5584 ipsosque
1529 5510 1601 5567 inter
1617 5525 1647 5567 se
1662 5525 1719 5568 non
1735 5507 1793 5581 spi·

991 5605 1082 5663 rituali
1095 5605 1180 5679 magis
1197 5604 1321 5677 proiectu
1336 5603 1448 5674 similes,
1473 5620 1557 5677 quam
1583 5604 1709 5676 prosapia
1731 5616 1792 5658 aar·

991 5698 1046 5756 nali
1076 5698 1250 5773 conjunctos.
1287 5701 1429 5757 Scrutmus
1448 5714 1514 5772 ergo
1551 5694 1672 5753 latebras
1700 5693 1793 5753 arabi·

991 5794 1111 5862 riorum,
1129 5801 1250 5851 stemma
1270 5790 1433 5852 eorumdem
1461 5787 1668 5864 genealogicum
1692 5788 1768 5847 texu'

1244 5956 1271 6005 ἢ
