3870 6164
10 224 22 236 ‘
77 232 145 292 titt
422 278 426 290 .
529 227 791 288 statuunt-
808 228 1018 289 mutuatum
1038 231 1270 289 teutbaldus.
1656 234 1723 290 latu

74 364 213 425 nostrum,
235 363 265 412 et
290 353 519 415 inmeditatione
542 363 636 414 nostra
669 357 772 414 exarsit
802 356 876 430 ignis
889 361 916 426 Α
929 372 969 414 cae
1008 357 1129 430 pecunia
1159 355 1304 413 fraudator
1337 354 1369 413 in
1399 352 1523 423 mmmm
1552 356 1722 429 produceris.

76 451 161 518 (Psoi.
172 452 321 519 xxxviii).
928 453 1042 519 (rtfnttb.
1054 453 1139 524 xxv.)
1152 453 1242 522 Quare
1255 464 1313 506 non
1327 448 1462 523 judicium
1474 457 1502 506 et
1516 450 1644 523 laqueum
1660 467 1725 524 pro·

110 543 355 617 Loqrimurigitut
368 551 397 601 et
414 544 578 612 clamamus,
602 544 750 617 vulpesque
772 558 871 617 parru-
925 546 1208 612 diteristimnisti,ne
1230 543 1348 600 similem
1369 551 1482 602 reatum
1491 543 1589 601 similis
1603 545 1719 602 vindicta

75 640 126 705 las,
148 652 211 709 quse
241 638 338 695 vineas
357 637 471 694 Domini
496 637 688 696 demoliuntur
711 637 801 706 (dont.
821 643 875 708 ιι),
925 644 1103 713 sequeretur?
1120 639 1279 696 Praesident
1293 638 1483 711 perspiritum
1494 647 1621 696 sanctum
1644 642 1721 712 Apo-

73 739 207 804 quantum
222 744 380 804 possumus,
396 747 533 801 arcemus,
548 733 680 790 timentes
698 731 872 805 prophetiam
926 734 1013 790 stolus
1026 742 1054 790 te
1068 734 1165 807 tuique
1179 733 1283 791 similes
1296 732 1440 790 haereticos
1454 733 1483 790 in
1497 731 1618 790 Ecclesia
1631 748 1724 790 smer-

76 825 151 881 illam
165 824 390 897 exprobrantem:
403 828 465 884 Non
481 827 642 883 ascendistis
652 843 686 881 cs
701 827 828 894 odacro,
841 840 874 882 ne
927 842 1017 896 suros,
1032 827 1201 900 quibnnum
1214 828 1330 897 malum,
1348 827 1455 885 maium
1468 827 1573 885 bonum
1586 826 1722 896 dicerent,

75 922 235 991 opposuistis
257 935 366 975 morum
386 920 526 991 pr’odoruo
539 922 632 990 iunci,
659 926 691 976 ut
712 923 822 976 staretis
844 922 872 974 in
928 921 974 994 qui
999 920 1126 977 tenebras
1149 921 1251 990 iucem,
1278 928 1305 976 et
1329 920 1421 977 lucem
1441 921 1570 978 tenebras
1592 927 1727 993 ponerent

71 1015 169 1084 prelio
184 1013 268 1068 indie
284 1015 393 1070 Domitii
405 1014 511 1084 (Ezecb.
526 1018 606 1080 xru).
619 1013 751 1082 Audiam,
764 1029 819 1069 non
832 1022 873 1082 tu,
927 1018 1003 1081 (lsai.
1018 1020 1056 1084 t),
1071 1014 1118 1088 qui
1142 1014 1176 1071 dc
1189 1015 1332 1072 sententiis
1349 1015 1471 1072 rerimtis
1494 1015 1667 1072 occasionem
1683 1014 1723 1070 in·

74 1107 120 1179 qui
135 1106 541 1179 auresphabes,et1nonaudis;
556 1106 604 1180 qui
628 1107 721 1164 oculos
736 1107 831 1174 habes,
845 1114 874 1163 et
927 1108 1044 1166 ducendi
1058 1108 1159 1165 erroris
1179 1116 1331 1181 captarent,
1346 1124 1411 1165 urm
1432 1109 1630 1181 promisisset:
1665 1111 1726 1166 Noc

75 1215 131 1256 non
144 1199 220 1258 rides
231 1201 319 1259 tPsoi.
336 1204 442 1269 castris
457 1201 503 1273 qui
524 1200 627 1269 lumen,
642 1201 718 1274 quod
733 1201 762 1257 ln
779 1208 807 1257 ts
820 1207 873 1270 cet,
928 1208 967 1259 est
979 1205 1108 1274 potestas,
1121 1204 1175 1259 nist
1195 1207 1289 1270 obeo,
1302 1211 1335 1259 ut
1347 1202 1538 1274 conjecturam
1549 1201 1659 1274 reprobi
1685 1202 1727 1257 in-

74 1293 203 1352 tenebras
221 1294 310 1352 fecisti
324 1297 398 1364 (buc.
414 1295 473 1368 xa);
489 1296 613 1366 audiant,
636 1296 759 1369 inquam,
775 1311 874 1381 ompes
927 1297 1052 1354 tellectus
1066 1305 1229 1370 amputaret,
1239 1313 1300 1368 quo
1314 1301 1404 1352 nutem
1417 1300 1491 1360 sunt,
1520 1296 1610 1369 inquit
1633 1311 1651 1350 o
1672 1298 1725 1352 lico

75 1388 182 1446 cordati
205 1389 251 1462 qui
262 1402 342 1446 aures
360 1388 487 1446 audiendi
513 1388 625 1458 habent,
648 1403 732 1461 qnam
753 1388 808 1445 alte
826 1395 875 1444 aut
928 1391 1055 1447 ordinato
1074 1395 1147 1447 sunt.
1163 1392 1205 1448 Da
1230 1390 1316 1463 igitur
1332 1397 1495 1462 potestatem
1521 1388 1673 1446 ordinatam
1698 1397 1725 1445 et

76 1498 134 1540 nou
155 1482 293 1556 inteiligas
306 1491 355 1540 aut
366 1482 520 1556 intelligere
533 1483 690 1540 dissimules
702 1498 792 1556 neque
807 1483 875 1554 quid
927 1500 983 1541 non
1005 1485 1170 1553 resistimus,
1196 1483 1252 1541 imo
1272 1483 1402 1541 dabimus
1424 1483 1616 1540 iilicomauus.

76 1577 207 1648 loquaris,
232 1591 323 1649 neque
336 1576 371 1634 de
385 1577 485 1649 quibus
505 1575 629 1634 affirmes
642 1580 664 1642 (l
690 1580 757 1633 Tim.
773 1581 804 1643 ι).
829 1575 874 1632 Ad
963 1579 1051 1636 Miror
1079 1585 1182 1647 autem,
1211 1578 1233 1635 si
1257 1578 1326 1637 inte
1347 1577 1388 1634 rel
1411 1584 1490 1650 gutta
1510 1575 1651 1650 sanguinis
1674 1584 1725 1646 est,

75 1670 271 1742 subjectionem
297 1670 402 1728 domiui
417 1669 556 1738 lieinrici,
576 1686 661 1744 quem
675 1670 871 1743 imperatorem
928 1673 1001 1745 quod
1016 1688 1073 1730 non
1087 1671 1225 1730 erubescis
1243 1671 1388 1729 dominum
1415 1670 1567 1729 ilenricum
1581 1685 1675 1744 regem
1687 1668 1728 1736 di·

76 1763 182 1833 dicunt,
192 1779 243 1821 nos
255 1764 363 1835 invitas,
381 1763 452 1821 etin
467 1773 600 1837 quantum
614 1765 766 1839 intelligere
780 1764 875 1834 datur,
898 1746 1050 1839 liberaret
1066 1767 1191 1825 ordinem
1202 1765 1314 1823 habere.
1328 1771 1371 1824 An
1388 1764 1457 1822 ordo
1482 1765 1531 1821 tibi
1558 1762 1667 1820 ridetur
1680 1763 1728 1837 jus

76 1865 108 1913 ut
128 1857 282 1930 peremnia
294 1857 397 1915 subditi
417 1859 516 1928 simus,
529 1859 608 1932 quasi
623 1859 774 1932 apostolico
788 1875 873 1932 argu·
929 1861 995 1918 dare
1009 1860 1114 1929 sceleri,
1129 1859 1169 1917 fas
1182 1859 1313 1933 nefasque
1325 1860 1419 1917 divina
1432 1867 1460 1915 et
1473 1858 1595 1916 humana
1607 1855 1727 1914 coufun-

78 1958 173 2009 ffl⁰¹¹1⁰
190 1952 383 2009 necessitatem
397 1950 527 2025 lmiffilit,
543 1953 637 2011 dictus
651 1971 658 2011 τ
674 1956 765 2010 Omnis
781 1956 875 2008 areima
929 1959 1009 2016 dere?
1020 1961 1064 2014 An
1078 1956 1146 2015 ordo
1165 1956 1273 2014 videtur
1286 1956 1338 2013 tibi
1353 1956 1380 2012 in
1392 1970 1493 2028 corpus
1510 1969 1591 2012 suum
1604 1967 1726 2027 peccare,

80 2047 258 2117 potestatibus
273 2047 457 2117 superiora-'bos
478 2046 590 2104 subdito
607 2050 643 2103 sit
648 2066 656 2119 ;
673 2065 726 2105 uon
744 2053 783 2104 est
805 2050 876 2103 caim
928 2051 1055 2109 videlicet
1070 2051 1152 2125 (proh
1163 2050 1267 2125 pudori
1282 2066 1332 2123 pro
1341 2049 1444 2118 nefasti
1456 2064 1573 2107 uxorem
1589 2047 1728 2120 propriam

29 2176 33 2183 -
78 2141 279 2211 potestastis
297 2156 315 2194 o
330 2142 392 2195 Deo.
410 2141 464 2207 Qui
474 2155 537 2210 erpo
548 2145 680 2212 potestati
693 2144 805 2204 resistit,
826 2143 876 2196 lici
928 2147 1030 2204 scelere
1044 2145 1173 2202 omuibus
1185 2145 1293 2202 saeculis
1302 2144 1399 2200 mundi
1414 2142 1550 2211 inaudito,
1561 2142 1676 2215 lupanar
1689 2138 1703 2197 f
1718 2170 1729 2181 -

81 2234 247 2288 ordinationi
259 2235 361 2289 resim
371 2237 456 2299 (Rom.
472 2239 553 2299 xrrr).
572 2237 660 2304 Quam
672 2235 799 2305 Apostoli
813 2251 875 2290 sen·
929 2242 1009 2295 cere?
1029 2243 1072 2295 An
1092 2237 1160 2294 ordo
1188 2237 1236 2293 tibi
1260 2237 1377 2307 videtur,
1393 2253 1459 2293 eum
1484 2236 1623 2292 Dominus
1654 2234 1729 2292 dicat

79 2325 196 2381 tentiam
215 2333 243 2382 tc
254 2324 327 2381 male
338 2323 502 2398 intelligere,
519 2325 597 2397 pejus
609 2326 783 2397 interpretari
804 2324 873 2381 dici·
928 2332 1196 2401 DesmditeJniduom
1209 2332 1287 2397 (Issi.
1304 2332 1337 2398 1),
1355 2327 1449 2386 viduas
1464 2328 1555 2401 judicii
1568 2327 1728 2400 aequitatem

81 2433 153 2475 mus.
168 2417 196 2475 Si
208 2417 282 2475 enim
295 2418 388 2475 omnis
402 2425 525 2491 potestas
538 2434 553 2474 a
566 2422 627 2475 Deo
641 2427 693 2485 est,
710 2428 741 2476 ut
751 2425 783 2475 tu
796 2419 876 2474 intel·
928 2423 1098 2497 postulantes
1129 2422 1248 2479 nefanda
1279 2423 1517 2478 contaminatione
1545 2421 1728 2493 prostituere?

80 2512 155 2584 ligis,
168 2510 234 2583 quid
259 2519 300 2569 est
321 2511 396 2583 quod
408 2511 443 2569 de
458 2511 624 2584 quibusdam
650 2511 716 2568 dicit
735 2511 877 2569 Dominus
930 2519 998 2572 Haec
1009 2516 1056 2588 qui
1073 2514 1212 2582 ordinata,
1228 2515 1277 2587 qui
1292 2529 1356 2571 sana
1369 2513 1479 2581 dixerit,
1492 2513 1566 2570 hunc
1580 2512 1667 2572 insani
1681 2529 1728 2569 cu·

80 2621 129 2676 per
142 2605 322 2678 prophetam:
337 2608 395 2677 ipsi
407 2611 588 2677 regnaverunt
616 2610 643 2662 et
664 2621 718 2662 non
754 2621 789 2661 en
818 2620 875 2671 aner
930 2608 994 2682 pitis
1008 2623 1065 2665 csse
1078 2607 1409 2679 insanusjuretorsstes.
1424 2607 1522 2679 Usque
1536 2605 1570 2661 ad
1593 2605 1653 2662 baec
1673 2606 1730 2662 nri·
1811 2644 1818 2657 ,

76 2698 215 2769 Ptt‘tlttftt
226 2700 399 2764 mattarum,
418 2705 445 2757 ef
462 2716 518 2756 tion
538 2701 646 2772 totntvt'
663 2714 704 2778 tot
724 2700 782 2756 Ote-
796 2702 875 2764 V11¹)·
930 2701 1045 2761 serrima
1066 2710 1192 2773 tempora
1211 2707 1308 2773 natura
1321 2706 1458 2755 secretum
1474 2698 1591 2765 amarit,
1604 2697 1652 2755 scd
1673 2706 1730 2755 tra·

79 2793 106 2848 Si
126 2793 216 2850 omnis
238 2800 360 2865 potestas
375 2809 391 2850 a
405 2796 466 2852 Den
480 2802 532 2864 est,
547 2802 579 2850 ut
600 2801 632 2851 tu
655 2792 793 2865 intelligis,
810 2791 877 2864 quid
930 2798 1004 2856 ditus
1021 2796 1050 2853 in
1065 2795 1214 2868 reprobum
1230 2807 1342 2850 sensum
1364 2808 1414 2849 rex
1435 2799 1534 2861 vester,
1558 2798 1666 2848 naturae
1686 2791 1729 2846 in-

79 2893 122 2943 est
135 2886 209 2960 quod
222 2887 259 2944 ait
271 2888 431 2945 Dominus:
457 2890 489 2945 Si
506 2889 595 2944 oculus
619 2893 682 2943 tuos
707 2886 876 2943 smndoltsot
931 2892 1073 2948 voluerum
1084 2888 1195 2958 deterit,
1207 2886 1255 2961 qui
1266 2901 1379 2944 omnem
1394 2884 1529 2958 pudorem
1543 2884 1621 2958 ponit
1630 2883 1659 2939 in
1668 2899 1731 2969 pro

80 2985 115 3044 tc,
135 2996 195 3037 cruc
215 2997 274 3038 eum
294 2986 320 3038 et
337 2982 441 3053 projice
459 2983 507 3037 ebs
532 2987 576 3039 tc?
598 2983 707 3052 (Matri.
733 2985 776 3047 u.)
802 2979 875 3050 Quid
933 2986 1037 3059 patulo.

79 3074 151 3130 euim
172 3081 215 3131 cst
236 3083 364 3148 potestas,
384 3075 437 3131 uisi
471 3075 585 3131 oculus?
610 3078 689 3132 Certe
708 3075 877 3147 Augustinus
966 3081 1007 3138 Ut
1027 3086 1123 3136 antem
1136 3077 1182 3134 illa
1198 3090 1261 3150 quae
1281 3073 1470 3133 sinenumero
1485 3079 1730 3143 nuntiassemus,

79 3167 108 3223 in
117 3167 288 3240 expositione
302 3169 468 3242 Apostolicae
482 3169 624 3227 sententiaa
639 3189 646 3224 :
661 3170 758 3225 Omnis
780 3171 875 3223 animo
931 3172 1057 3230 videlicet
1070 3172 1308 3229 concremationes
1331 3167 1526 3234 ecclesiarum,
1546 3165 1729 3240 depraedatio·
1791 3152 1794 3161 ¹

77 3263 258 3333 potestatibus
279 3264 484 3319 sublimioribus
504 3264 615 3320 subdite
629 3266 666 3319 sit
684 3265 768 3332 (Rom.
786 3267 873 3332 xuni.
931 3282 990 3336 nes,
1003 3264 1165 3335 homicidia,
1186 3262 1323 3331 incendia,
1338 3261 1524 3321 truncationes
1550 3269 1576 3318 ct
1590 3259 1632 3316 his
1651 3259 1731 3318 simt-

82 3378 94 3404 u
118 3355 200 3429 Qu⁰d
230 3355 253 3411 fi
277 3364 411 3429 polemi,
436 3356 537 3428 iuquit,
562 3355 664 3427 aliquid
681 3356 778 3428 iubeat
800 3352 876 3427 quod
929 3361 976 3429 lia,
992 3374 1054 3432 quae
1073 3359 1117 3415 ille
1130 3364 1231 3431 potest,
1243 3372 1306 3426 nos,
1320 3369 1483 3414 enumerare
1497 3369 1553 3410 uon
1567 3368 1729 3426 possumus,

79 3457 176 3505 contra
190 3452 280 3506 Deum
288 3449 341 3517 sit,
355 3449 399 3506 hic
410 3438 558 3507 contemne
568 3456 742 3522 potestatem,
754 3447 876 3504 timendo
929 3470 960 3510 ea
981 3470 1044 3526 quas
1059 3452 1181 3508 maxime
1202 3450 1352 3508 Ecclesiam
1367 3449 1419 3506 Dei
1436 3456 1559 3522 parant,
1573 3447 1729 3521 loquamur.

14 3559 16 3563 ⁴
79 3550 253 3615 potestatem.
272 3566 284 3593 ι
301 3543 435 3616 Nunquid
455 3542 585 3615 iniquitas
606 3542 680 3615 apud
703 3542 878 3600 Dominum?
929 3546 1002 3605 Audi
1013 3561 1078 3620 ergo
1089 3560 1163 3615 vera,
1178 3560 1234 3601 uon
1252 3543 1354 3601 fucata.
1370 3539 1444 3600 Audi
1453 3541 1544 3611 fortia,
1558 3557 1615 3598 non
1628 3541 1724 3598 faceta.

80 3635 211 3710 Nunquid
223 3636 350 3695 Christus
362 3636 463 3710 peccati
477 3637 605 3693 minister
616 3638 675 3693 cst?
691 3635 784 3692 Absit?
801 3634 874 3706 Quid
929 3640 1027 3699 Omnis
1048 3641 1095 3712 qui
1121 3638 1268 3713 dignitates
1291 3636 1448 3710 spirituales
1472 3634 1565 3692 vendit
1588 3629 1732 3692 haereticus

81 3746 147 3803 ergo
156 3731 304 3789 dicemus?
318 3731 450 3802 Nuuqnid
458 3731 493 3788 ab
507 3729 755 3803 Apostolodiversa
766 3738 877 3787 senten·
928 3743 981 3792 est.
992 3734 1131 3791 Dominus
1141 3739 1235 3789 autem
1249 3731 1395 3800 Bennisoa,
1413 3745 1498 3804 quem
1512 3743 1608 3802 regern
1620 3728 1728 3796 dicunt,

79 3824 121 3881 tia
131 3825 282 3898 prophetia
295 3825 454 3897 evulgatur?
469 3825 660 3898 Augustinus:
679 3849 692 3875 ι
708 3826 822 3882 Minime
832 3823 877 3882 dt·
929 3829 1104 3902 episcopatus
1120 3834 1148 3883 et
1162 3824 1288 3882 abbatias
1301 3823 1411 3889 vendin
1426 3823 1528 3880 etenim
1539 3822 1731 3880 constantien·

81 3932 175 3975 versas
193 3919 274 3977 tibias
293 3918 371 3976 infiat
384 3916 496 3991 spiritus
519 3934 601 3976 uuus.
625 3943 638 3970 ι
665 3922 760 3993 ltaque
778 3918 877 3977 audia-
929 3937 997 3992 sem,
1023 3920 1290 3993 babenbergensem,
1310 3917 1560 3990 Mogontiuensem,
1583 3923 1610 3972 et
1634 3916 1726 3988 plures
1799 3932 1804 3936 ·

80 4026 145 4069 mus
156 4012 592 4084 Apostolumconcordantem,et
605 4014 877 4086 seipsumexponeu·
929 4017 1007 4084 alios,
1030 4030 1079 4087 pro
1098 4012 1228 4086 pecunia;
1250 4012 1491 4084 Ratispouensem,
1513 4011 1729 4082 Augustensem,

82 4112 150 4172 tem,
165 4111 193 4162 et
213 4104 356 4163 inimicum
368 4108 542 4180 ultoremque
563 4123 645 4164 suum
671 4107 877 4176 destruentem,
929 4109 1187 4182 strasburgensem,
1205 4120 1254 4179 pro
1275 4104 1381 4178 gladi03
1401 4102 1543 4161 abbatiam
1567 4101 1731 4159 Fuideusem
1778 4130 1781 4137 ·

81 4199 140 4256 Non
152 4203 201 4263 cst,
217 4199 316 4271 iuquit,
328 4204 448 4272 potestas
458 4203 514 4256 nisi
531 4204 624 4257 olleo.
640 4200 715 4273 Quid
729 4200 854 4274 sequitur
869 4214 876 4254 :
931 4220 980 4276 pro
1001 4202 1153 4268 adulteri03
1168 4199 1417 4257 monasteriensem
1431 4197 1618 4268 episcopatum
1646 4193 1731 4267 (quod

84 4294 138 4361 Qui
157 4308 231 4363 erpo,
246 4295 349 4365 inquis,
364 4297 495 4366 potestati
506 4296 623 4360 resistit,
641 4303 669 4352 et
689 4294 805 4368 reliqua.
821 4293 878 4350 Ab·
931 4295 1021 4352 dicere
1032 4302 1060 4352 et
1077 4293 1172 4351 audire
1187 4290 1265 4348 nefas
1278 4290 1328 4361 est)
1340 4288 1567 4362 prnSodomitiea
1578 4285 1730 4344 immundi·

80 4386 134 4442 sit?
145 4388 208 4442 Non
222 4386 274 4443 hoc
288 4389 429 4461 sequitur;
442 4388 490 4445 sed
505 4388 572 4460 quid
584 4389 731 4460 sequitur?
746 4391 811 4458 Qua
823 4405 878 4445 oo·
932 4390 971 4447 tia
983 4387 1111 4446 vendidit.
1135 4389 1221 4458 Quae,
1241 4384 1263 4442 si
1283 4382 1459 4456 impudenter
1482 4396 1583 4454 negare
1603 4379 1732 4449 uolueris,
1841 4432 1853 4447 ,

82 4484 233 4548 temones,
243 4481 370 4537 ordinato
384 4486 457 4545 sunt,
471 4496 572 4555 nempe
587 4481 1002 4562 bocest,quodquae·1)tcste
1016 4484 1096 4552 ooelo,
1111 4489 1180 4539 teste
1204 4486 1289 4548 terra,
1309 4492 1404 4534 omnes
1425 4475 1510 4533 etiam
1528 4490 1544 4530 a
1568 4473 1650 4531 furno
1673 4473 1733 4532 red·
1800 4528 1807 4535 .

81 4573 178 4629 rimus.
193 4573 218 4629 0
231 4572 321 4648 lingua
333 4574 477 4642 dolosa,o
502 4590 552 4632 cor
577 4576 737 4634 machinans
755 4577 876 4635 malunt
936 4587 1034 4636 euntes
1051 4575 1127 4634 scioli
1141 4573 1326 4632 concludent:
1341 4575 1415 4643 Ergo
1439 4567 1570 4626 dominus
1595 4568 1732 4625 Heuricus

80 4667 200 4738 Spiritus
221 4667 334 4737 radent,
347 4676 376 4725 et
389 4684 446 4725 non
457 4667 565 4725 rediens
585 4671 671 4735 (Psoi.
688 4678 806 4738 nxxvr).
825 4673 882 4729 Cur
936 4671 1084 4731 haereticus
1096 4678 1148 4726 est.
1163 4671 1218 4726 Pro
1232 4666 1331 4741 quibus
1344 4662 1467 4721 nefandis
1480 4660 1557 4719 malis
1571 4661 1606 4719 ab
1620 4670 1730 4735 aposto·

82 4761 214 4817 mentitus
234 4776 264 4817 ss
285 4762 398 4835 Spiritui
418 4765 532 4819 sancto?
554 4761 627 4829 (Act.
652 4769 711 4829 111.)
730 4766 837 4837 Arguat
855 4772 882 4821 te
936 4765 988 4823 lica
1000 4764 1065 4823 sede
1075 4761 1338 4831 excommunicatus,
1350 4772 1400 4816 nac
1411 4771 1538 4832 reguum,
1552 4771 1603 4814 nec
1612 4764 1732 4830 potesta·

81 4852 246 4911 conscientia
269 4863 328 4912 tua.
354 4858 419 4914 Ecce
441 4859 515 4927 fcqit
537 4859 637 4929 impius
662 4860 767 4914 nemine
791 4873 881 4929 perse·
935 4867 991 4916 tem
1004 4859 1126 4931 aliquam
1140 4870 1295 4929 supernos,
1314 4853 1379 4926 quia
1396 4850 1531 4909 Catholici
1551 4866 1657 4918 snmus,
1681 4864 1729 4921 po·

82 4953 180 5018 querite
191 4951 279 5016 (Pron
292 4952 417 5022 uxvrtr).
436 4952 501 5020 Cur,
515 4959 546 5007 ut
560 4951 700 5025 deciperes
711 4951 882 5024 supprimere
936 4953 1001 5010 terit
1021 4952 1156 5009 obtinere.
1172 4951 1255 5018 Sane,
1269 4947 1332 5022 quia
1345 4945 1463 5004 fratrum
1474 4958 1526 5004 nos
1538 4945 1609 5003 odiis
1622 4942 1729 5014 fatigas,

82 5039 228 5099 sommum
241 5042 371 5102 volubti?
385 5044 441 5101 cnr
457 5045 621 5115 medullam,
643 5060 693 5102 cur
715 5046 808 5103 anima
828 5046 880 5102 bu·
936 5046 1058 5119 intellige
1066 5044 1135 5103 nulli
1149 5059 1202 5101 nos
1217 5043 1314 5101 odium
1323 5040 1358 5099 de
1371 5038 1560 5107 inaffectione,
1569 5035 1620 5094 ted
1629 5034 1664 5092 de
1676 5035 1731 5106 pie

78 5134 128 5206 ius
140 5136 283 5194 sententia
295 5137 402 5194 furatus
415 5141 463 5195 es?
482 5141 563 5210 Nam,
574 5139 598 5197 si
608 5139 668 5199 haec
679 5140 763 5198 verba
776 5140 810 5197 dc
825 5154 883 5197 mo-
936 5148 994 5198 tate
1003 5138 1155 5198 intendere.
1167 5136 1248 5194 Absit
1255 5145 1286 5194 ut
1293 5135 1432 5194 dicamus:
1443 5133 1580 5192 ilenricus
1594 5128 1664 5183 inter
1677 5127 1731 5185 fra--

82 5227 129 5285 dio
144 5230 286 5289 sententias
306 5231 464 5304 apostolica
483 5233 626 5306 tollantur,
652 5240 748 5291 contra
766 5233 821 5292 sibi
840 5233 882 5290 in·
937 5243 994 5292 tres
1007 5243 1055 5293 aut
1067 5232 1238 5291 &tisianus
1249 5237 1397 5304 reputetur,
1412 5229 1470 5302 qui,
1485 5225 1565 5282 toties
1579 5221 1729 5293 corripien-

84 5324 252 5382 conreniens
265 5333 293 5382 et
302 5326 438 5383 exanimis
445 5326 557 5400 jacebit.
936 5337 995 5386 tem
1004 5327 1156 5386 Ecclesiam
1172 5340 1229 5384 nou
1241 5323 1366 5392 audieus,
1378 5323 1448 5380 sicut
1465 5315 1589 5376 ethnicus
1600 5321 1628 5370 et
1642 5314 1731 5388 publi·

120 5418 255 5491 impletur
276 5434 369 5477 sermo
382 5419 500 5488 divinus,
522 5422 576 5489 Qui
586 5428 673 5494 porat
683 5424 810 5495 prosimu
835 5436 883 5479 suo
938 5437 1023 5480 cauus
1057 5420 1175 5479 habetur
1195 5419 1304 5488 (lfottb.
1320 5419 1423 5482 xrrrr).
1449 5410 1533 5481 Cuius
1563 5408 1661 5469 odium
1683 5426 1732 5485 pro

85 5511 204 5577 soccum,
218 5512 319 5569 incidet
330 5515 361 5570 in
372 5529 432 5570 eom
446 5516 536 5582 (Proo.
552 5519 650 5580 xxvi).
665 5517 745 5574 Certe
764 5532 816 5573 nec
827 5516 883 5573 cul·
938 5531 1038 5590 magna
1047 5513 1180 5573 sacrificio
1197 5517 1260 5571 Deo
1279 5510 1434 5576 offerimus,
1450 5504 1646 5562 dicentescum
1656 5505 1731 5562 Psal-

85 5620 151 5677 pam
168 5604 245 5672 furti,
266 5620 320 5663 nec
331 5621 445 5678 poenam
458 5607 576 5666 evadere
591 5609 704 5681 poteris.
727 5609 800 5681 Quid
814 5608 883 5667 infe·
939 5611 1022 5668 mista
1044 5613 1168 5682 zilenus,
1181 5607 1357 5683 scinderunt
1378 5607 1416 5667 te,
1432 5603 1552 5665 bosniae,
1564 5601 1683 5665 oderam,
1708 5604 1733 5656 et

85 5697 135 5764 lix,
154 5697 221 5770 quid
234 5698 327 5755 Judici
346 5707 552 5770 contutatum
574 5703 689 5761 asertis
703 5703 884 5778 negotiatori·
939 5721 1021 5778 super
1037 5707 1158 5762 inimicos
1173 5711 1232 5762 tuos
1245 5696 1430 5755 tabescebam?
1441 5695 1563 5774 Perfecto
1591 5695 1650 5751 odio
1672 5697 1732 5752 octe·

86 5789 138 5847 bus
161 5789 608 5869 tunumrcquiretresponsurus
621 5812 661 5869 es,
685 5796 731 5871 qui
754 5797 886 5856 Domini·
940 5814 1000 5856 rom
1010 5799 1073 5857 iilos
1082 5804 1108 5856 et
1117 5797 1224 5855 inimici
1237 5792 1377 5859 facilium
1386 5784 1733 5856 mihiiPtssl·0¹t¹V1¹tlt
