3870 6164
171 268 315 325 aestuo.
336 266 368 324 ll.
388 296 423 311 -·
440 266 781 325 Willlill'll.ANTlePAE
799 266 969 327 EPlSTObAE
988 270 1029 327 ΕΤ
1048 268 1248 329 Putvttsum.
1482 272 1534 331 838

116 394 250 449 commem
267 400 435 462 reverentes,
450 393 596 466 legatosot
609 393 683 449 litte·
696 395 724 461 Α
737 394 932 453 nummulariis
941 393 1086 466 jubemu.
1097 394 1217 465 idcirco,
1233 395 1345 465 ιιιιιοι,
1361 395 1534 455 bortordile-

116 485 233 545 caudire
252 486 408 545 neeridere
426 486 581 546 uoluerunt.
602 486 685 545 Unde
739 489 862 551 ctionem
877 497 1013 557 rabam,-
1024 489 1147 547 obtestor
1158 500 1185 547 et
1198 499 1354 559 monoo,ut
1365 489 1536 564 quadebetis

116 579 144 637 tis
157 578 338 652 perdurantes
356 596 389 638 οι
403 580 518 639 latebris
527 597 596 653 quas
624 596 684 637 ser-
741 590 768 638 et
781 585 905 655 potestis,
928 582 1114 641 subicitudine
1125 583 1254 657 vigiletis,
1266 584 1304 641 sd
1327 584 1536 659 investigandos

116 673 236 742 ucolunt,
250 674 285 732 ad
303 673 481 746 decipiendos
491 674 628 741 incautos,
644 675 684 730 rel
740 675 895 747 haereticos,
911 676 1183 735 etinimieossanctae
1193 679 1243 737 θοι
1251 678 1390 749 Ecclesiae,
1400 678 1536 737 ctasauis

116 814 119 824 .
145 768 226 826 sibila
247 768 388 838 emittunt,
416 776 547 826 acuentes
576 768 686 839 linguas
741 770 928 828 mentibusne
942 772 1028 843 postis
1040 771 1192 833 ιιιιιιιιιιιιι
1205 771 1370 846 divulgetur,
1389 772 1535 831 semritate

116 869 207 934 pentes
228 878 364 919 venenum
389 861 519 936 aspidum
540 862 593 919 sub
606 861 687 919 labiis
740 879 794 936 qua
809 864 985 938 potestispro
1003 864 1285 938 viribuserstirpctis,
1311 865 1444 940 quoniam
1463 866 1535 923 sicut

116 964 206 1013 uautae
218 956 303 1029 igitur
324 956 442 1015 humaui
459 956 599 1029 sanguinis
612 953 686 1013 eilu-
740 956 852 1015 babebit
867 975 883 1015 a
897 961 959 1015 Deo
971 956 1063 1033 digno
1076 958 1310 1023 ‚remunerationis
1320 958 1475 1032 praemium,
1486 959 1536 1032 qui

116 1063 132 1104 o
148 1057 178 1107 et
190 1051 341 1107 Teutonico
363 1066 448 1123 regno
464 1049 609 1109 occasiom
620 1063 688 1121 prae
740 1049 897 1122 diligentius
912 1034 988 1125 ‹fsod
1013 1051 1051 1111 ud
1072 1052 1190 1111 salutem
1212 1052 1370 1111 commissas
1383 1052 1436 1111 sibi
1451 1050 1537 1125 plebis

115 1157 157 1199 rm
180 1142 260 1201 lactu
285 1145 350 1212 siut,
373 1152 485 1218 quantae
508 1143 687 1201 ecelesiamm
740 1144 875 1217 proficiet,
886 1145 1137 1216 lueritexsecutusa
1156 1146 1194 1204 its
1209 1154 1273 1205 ante
1286 1145 1405 1203 tribunal
1421 1145 1536 1203 Domini

116 1238 210 1309 quanti
225 1237 411 1295 viduarumct
432 1236 624 1310 orphanorum
638 1252 687 1309 ge·
740 1238 776 1295 de
789 1246 867 1297 reatu
885 1239 1059 1314 negligentiae
1083 1256 1114 1297 se
1137 1255 1195 1297 non
1212 1241 1314 1313 poterit
1328 1254 1458 1297 excusare
1475 1236 1535 1311 qni·

116 1344 155 1387 no
180 1340 291 1403 quantae
323 1332 441 1387 universi
465 1330 587 1388 Romani
609 1330 685 1401 regni
740 1347 850 1405 cunque
863 1332 974 1407 plebem
990 1348 1072 1391 suam
1081 1342 1179 1391 contra
1194 1341 1253 1391 tam
1272 1332 1412 1407 santlega
1425 1346 1536 1405 persua-

116 1423 255 1493 ,lucidius
274 1441 308 1483 ex
332 1440 430 1482 eorum
456 1423 621 1498 gemitibus,
637 1425 686 1495 qui
739 1425 826 1483 sionis
839 1426 1250 1486 auctoresnolueriteustodire.

116 1532 201 1591 quam
215 1526 309 1575 nostra
323 1519 456 1575 relatione
477 1516 684 1589 comprobatur.
1109 1532 1172 1587 vu,

116 1611 259 1669 aitsancto
282 1613 438 1681 conventui,
453 1621 483 1667 ut
505 1611 533 1667 in
546 1610 683 1669 Simonia-
814 1629 989 1698 ppgppeqppm
1010 1629 1141 1685 mmm,
1155 1629 1199 1683 ΠΙ
1214 1642 1265 1697 pm
1282 1627 1446 1698 ,mmmm

116 1705 173 1762 iam
195 1706 247 1762 θοι
271 1706 408 1763 latronum
426 1706 587 1777 speluncam
610 1704 685 1761 lece-
973 1700 1063 1757 beotii
1089 1701 1164 1757 Petri
1183 1701 1321 1755 Patavini.

115 1799 331 1857 rimadrersioue
354 1799 555 1871 inveheremus,
572 1805 601 1856 ct
613 1766 725 1856 redi·B
1035 1796 1126 1859 (luno
1149 1794 1241 1861 lost.)

117 1893 162 1950 ius
180 1892 317 1951 haereseos
334 1894 417 1949 toties
439 1910 455 1950 n
477 1892 578 1949 sanctis
602 1893 687 1948 Patri·
880 1889 1024 1957 [Obsitum
1032 1886 1273 1951 Huicimmo,
1282 1900 1309 1957 p.
1318 1888 1395 1953 tub]

116 2004 122 2043 ι
155 1986 248 2059 gladio
270 1986 342 2043 beuti
362 1987 434 2043 Petri
469 1993 684 2058 amputaremus.
773 1993 916 2049 Cisseus
926 1990 1080 2063 episcopus,
1088 2006 1186 2047 servus
1194 2005 1337 2047 servorum
1346 1986 1410 2056 θοι,
1418 1988 1537 2047 dilectis·

116 2095 161 2137 ιιιι
190 2082 305 2137 Patrum
332 2089 493 2137 sanctorum
520 2079 686 2138 documenta
739 2085 855 2142 simoin
868 2084 980 2142 cbristo
994 2084 1057 2141 illico
1066 2086 1265 2152 Tuscanica,
1280 2082 1442 2141 monasterii
1458 2082 1536 2140 Beati

116 2174 187 2231 olica
199 2174 360 2231 auctoritate
371 2173 687 2278 praecipimusutnnllus
740 2178 837 2235 Petri
830 2194 859 2235 ιιι
872 2177 1006 2237 Paduana
1017 2177 1125 2236 civitate
1146 2178 1192 2235 siti
1203 2176 1362 2282 abbatisse,
1376 2185 1404 2233 ιι
1415 2175 1469 2233 θοι
1487 2192 1537 2280 au-

149 2362 310 2419 commercii
343 2362 536 2419 conventione.
555 2362 585 2417 Si
611 2376 686 2427 vero,
739 2365 974 2422 antecedentibus'
968 2382 996 2422 ιιι
1017 2374 1189 2439 perpetuum.

116 2455 241 2513 rcrimeu
253 2455 280 2511 ιιι
295 2456 388 2527 aliquo
401 2455 529 2527 deinceps
547 2462 685 2527 repertum
774 2462 816 2515 hs
827 2458 1049 2518 consideratione
1076 2459 1221 2532 pastoralis
1242 2474 1328 2527 curae,
1346 2473 1433 2531 quem
1453 2422 1539 2515 οιιιιι·

116 2548 205 2607 inator
227 2548 337 2621 propria
358 2550 571 2621 inperpetuum
596 2554 687 2605 cureat
739 2552 900 2608 nistratione
928 2552 1001 2610 sedis
1028 2554 1187 2624 apostolice
1209 2554 1341 2625 gerimus,
1373 2551 1418 2609 eui
1455 2550 1540 2609 nullis

116 2641 231 2699 dinatus
250 2658 282 2699 ex
297 2658 328 2698 ca
345 2657 407 2714 quae
428 2640 687 2714 percommercium
741 2645 857 2716 propriis
876 2645 982 2701 meritis
1008 2644 1058 2702 sed
1072 2644 1179 2725 divinae.
1188 2644 1373 2718 providentiae
1394 2644 1540 2715 dispensa·

116 2735 193 2793 liciat
226 2735 411 2792 ordinatione.
442 2737 588 2801 Praeterea,
611 2731 688 2805 quod
741 2738 816 2794 tiorre
842 2721 1031 2809 presidemus,
1046 2734 1171 2796 omriium
1185 2753 1248 2811 quae
1261 2752 1459 2811 usquequaque
1472 2743 1538 2793 sunt

116 2829 290 2887 mittendum
316 2845 371 2885 uun
399 2827 453 2884 ierit
474 2829 538 2899 quie
561 2842 689 2883 murmur
742 2830 925 2887 sulcaturum
950 2831 1090 2901 provectui
1115 2846 1167 2887 nos
1189 2830 1318 2888 convenit
1332 2829 1485 2903 invigilare,
1507 2842 1539 2884 ae

117 2938 131 2980 s
152 2923 379 2980 incontinentiam
404 2920 566 2978 clericomm
583 2920 689 2992 passim
736 2924 818 2997 J'ustis
831 2923 952 2981 ildellum
971 2923 1202 2996 postulationibus
1222 2923 1361 2997 equitatis
1394 2935 1538 2981 assensum

116 3024 195 3084 atur,
211 3016 277 3072 rutile
288 3014 377 3072 visum
397 3014 460 3082 luit,
480 3021 511 3070 ut
525 3029 557 3070 ca
572 3029 626 3086 qua
640 3012 689 3069 de·
741 3014 874 3086 praebere,
892 3014 1027 3087 bonisque
1039 3028 1072 3070 ac
1093 3012 1227 3087 religiosis
1245 3011 1384 3084 inemptis,
1403 3019 1434 3069 ut
1446 3010 1482 3069 de
1493 3011 1539 3068 die

116 3149 124 3178 ,
145 3110 288 3166 ministros
301 3108 397 3165 altaris
409 3105 561 3165 seecundum
584 3113 687 3163 statuta
743 3105 771 3161 in
790 3106 862 3164 diem
886 3114 1107 3181 augmententur,
1126 3115 1154 3164 et
1177 3106 1212 3163 ad
1236 3103 1435 3178 perfectionem
1454 3118 1540 3176 usque

116 3218 147 3271 e,
165 3210 246 3274 atque
266 3202 434 3259 munditiam
458 3201 602 3268 castitatis,
628 3159 725 3255 sineC
743 3200 937 3273 perducantur,
961 3200 1049 3258 nouri
1061 3199 1165 3258 favoris
1186 3207 1345 3271 uosuaeque
1365 3195 1541 3256 auctoritatis

116 3295 196 3365 stolo,
210 3296 389 3369 plaeercDeo
402 3310 461 3352 uon
475 3300 602 3367 possunt,
616 3292 686 3349 irre·
742 3292 1067 3367 suliragiumimpertiri,
1089 3301 1226 3367 quatenus
1239 3307 1365 3367 persone
1391 3290 1540 3349 Dmdica-

122 3389 262 3447 eustodire
276 3389 487 3455 commoneatis,
503 3394 638 3462 quatenus
653 3384 688 3440 de
744 3398 779 3445 ιιι
801 3395 830 3447 et
855 3387 948 3445 divino
980 3388 1056 3446 cultu
1077 3396 1209 3460 perpetuo
1227 3386 1291 3460 jure
1311 3385 1485 3459 mancipate,
1503 3382 1539 3441 ab

116 3481 212 3540 umab
226 3481 324 3555 bisqui
335 3480 484 3548 lorissunt,
495 3480 599 3537 bonum
609 3479 687 3535 testi-
742 3480 818 3538 omni
844 3480 1021 3538 saecularium
1043 3479 1231 3553 inquietudine
1250 3488 1366 3537 remotae
1385 3486 1413 3537 et
1432 3477 1541 3536 cortens

116 3578 181 3644 nus,
203 3584 231 3633 et
243 3575 443 3632 murmurantis
460 3574 554 3647 populi
568 3571 687 3628 insolen-
743 3573 928 3631 mundielibus
952 3573 1157 3647 impedimentis
1175 3572 1319 3647 expeditae,
1357 3587 1426 3644 pure
1450 3578 1479 3629 et
1497 3570 1542 3629 iu-

125 3666 244 3726 laciatis.
265 3669 302 3723 ιιι
318 3683 381 3725 vcro
400 3667 447 3739 qui
470 3667 570 3723 missas
591 3680 687 3738 pccca-
743 3677 817 3726 tcnta
855 3666 1109 3727 mente-creatoris
1140 3667 1185 3723 sui
1206 3666 1334 3725 laudibus
1346 3665 1476 3723 insistere
1501 3672 1541 3721 te·

116 3770 178 3821 tum
192 3769 337 3835 respuunt,
359 3769 387 3817 et
400 3761 449 3833 qui
462 3760 502 3817 eis
514 3767 578 3816 ante
590 3759 689 3832 judicii
744 3771 869 3819 ocantur.
890 3760 982 3829 Unde,
1001 3758 1149 3819 reverenda
1164 3759 1221 3817 lilia
1235 3758 1399 3831 Theophila,
1411 3757 1541 3831 quonism

119 3871 147 3913 m
170 3854 308 3928 opinionis
332 3869 390 3911 suu
413 3852 604 3927 prejudicium
620 3851 689 3909 inle-
744 3853 913 3913 sanctimima
931 3853 1042 3912 deuotio
1056 3861 1116 3924 tus,
1139 3852 1275 3927 religiosis
1294 3852 1420 3911 moribus
1438 3848 1542 3909 sullra-

116 3949 176 4007 ione
197 3957 300 4007 sauctae
314 3947 443 4005 Ecclesia
458 3945 589 4020 usquead
599 3961 692 4003 emen·
743 3958 819 4022 gata,
832 3947 976 4006 humiliter
988 3947 1067 4021 petiit
1076 3955 1109 4005 ut
1117 3945 1282 4021 praedictum
1302 3945 1381 4005 Beati
1392 3945 1470 4003 Petri
1483 3959 1543 4001 mo

116 4050 207 4101 entur.
223 4040 439 4114 conjunctiones
454 4047 548 4096 auteur
569 4053 690 4096 consen·
745 4042 896 4099 nestorium
918 4041 1005 4099 nocui
1025 4040 1156 4114 privilegii
1170 4040 1334 4098 auctoritate
1356 4040 1543 4109 firmaremus,

116 4137 134 4193 ri
146 4135 303 4209 prohibete,
319 4134 451 4206 quoniam
466 4132 525 4201 lios,
550 4131 690 4189 etdivinae
745 4144 879 4207 quatenns
904 4136 1035 4192 omnibus
1063 4134 1163 4193 futuris
1195 4134 1368 4209 temporibus
1401 4138 1540 4190 moneste—

116 4230 198 4287 ibent
212 4231 294 4302 leges.
322 4227 487 4286 consideret
497 4241 572 4293 vcro,
591 4223 692 4281 fratres
746 4230 819 4286 rium
843 4227 1006 4286 ancillarum
1023 4226 1075 4285 Dei
1089 4227 1230 4296 existeret,
1243 4236 1274 4285 ut
1297 4223 1542 4285 videlieetseucti·

116 4332 187 4381 cetra
206 4321 342 4379 excellens
364 4318 522 4393 prudentia,
543 4333 628 4391 quam
646 4317 691 4373 bo·
747 4321 891 4389 moniales,
921 4320 1062 4377 nullorum
1080 4319 1184 4393 absque
1211 4320 1287 4377 omni
1312 4318 1544 4385 contradictione,

116 4425 169 4472 tere
181 4416 209 4471 in
227 4414 426 4488 dispensatione
441 4413 519 4469 uobis
535 4410 650 4479 credita,
663 4418 691 4467 et
745 4415 796 4472 sub
810 4413 945 4487 regimine
955 4412 1104 4471 abbatissae
1117 4412 1262 4487 degerent;
1272 4413 1385 4471 devotas
1393 4411 1542 4486 petitiones

116 4519 191 4583 atque
205 4508 350 4576 haereticis,
365 4517 393 4565 οι
412 4507 521 4565 aemrrlis
531 4505 631 4564 (luisci
644 4521 688 4562 rc·
702 4526 731 4593 1)
746 4521 805 4568 tiras
831 4524 879 4581 per
911 4507 1099 4563 iuramentum
1128 4505 1353 4565 honorandorum
1372 4504 1543 4563 contratrum

116 4619 245 4677 nquama
263 4602 387 4659 veritatis
402 4602 510 4657 tramite
532 4598 688 4668 declinare,
743 4610 902 4661 nostrorum
922 4600 1044 4671 Milonis,
1065 4600 1169 4659 seilicet
1199 4598 1326 4673 eiusdem
1344 4598 1461 4657 ιιιιιιιιι
1475 4597 1546 4671 epis·

116 4711 137 4755 ιι
162 4704 189 4753 et
204 4696 327 4754 Salvator
353 4696 491 4764 omnium,
512 4694 590 4767 cuijus
606 4694 689 4750 iidem
743 4697 854 4769 cupiet
881 4693 996 4751 Robcrti
1008 4692 1153 4751 Ferentini
1165 4692 1295 4767 episcopi,
1310 4707 1417 4751 necnon
1424 4692 1545 4751 ιιιιιιιι-

116 4789 256 4862 pronubis
268 4789 407 4847 morinen
426 4786 573 4857 dubitarit,
593 4793 690 4859 etpro·
743 4788 806 4847 simi
833 4787 882 4843 lilii
902 4786 991 4843 nostri
1016 4788 1090 4843 Petri
1111 4786 1234 4844 Paduani
1266 4785 1460 4855 archidiaconi,
1480 4802 1543 4861 gra·

116 4884 161 4941 ine
173 4882 302 4953 redemit,
316 4881 400 4938 tidem
423 4883 455 4937 B.
480 4880 555 4937 Petri
566 4895 624 4937 uon
641 4878 689 4935 de·
743 4889 835 4939 tantur
852 4879 1028 4953 erumpimus,
1051 4887 1079 4937 et
1097 4880 1154 4937 tuis
1177 4879 1314 4954 religiosis
1335 4878 1407 4937 rotis
1427 4878 1544 4937 libenter

116 4976 185 5044 risit,
211 4974 490 5033 etconflrmareeum
515 4973 691 5031 iratreseuos
744 4976 900 5032 corruimus.
927 4974 1103 5046 Quapropter
1135 4972 1284 5046 apostolica
1321 4972 1496 5041 auctoritate,
1515 4978 1544 5028 et

116 5069 153 5128 od
167 5069 331 5143 apostolicos
344 5067 487 5141 pontilices
499 5082 569 5124 meae
589 5065 691 5139 exigui·
746 5067 829 5142 barjus
842 5066 929 5125 nocui
944 5066 1081 5141 privilegii
1095 5065 1301 5138 constitutione,
1323 5066 1504 5125 concedimus
1516 5072 1545 5121 et

116 5179 200 5220 sores
237 5162 405 5221 confidenter
441 5176 550 5233 semper
583 5159 690 5230 seciam,
745 5161 942 5220 confirmamus
969 5169 1001 5219 ut
1021 5161 1149 5219 omnibus
1165 5161 1294 5235 deinceps
1319 5158 1418 5219 tauns
1439 5167 1544 5233 tempo

116 5256 219 5327 tritum,
233 5271 352 5329 quorum
362 5262 390 5311 et
397 5254 604 5327 pusillanimitas
617 5268 689 5321 mee,
745 5254 821 5313 ribus
841 5252 1043 5311 monasterium
1070 5253 1138 5312 illud
1161 5254 1327 5327 praedictum
1347 5250 1543 5311 sancumonia·

120 5348 236 5407 minium
258 5364 308 5423 pro
322 5356 461 5421 suscepto,
481 5356 577 5405 tamen
598 5346 692 5405 divina
746 5347 816 5406 lium
827 5346 1030 5405 monasterinm
1053 5346 1200 5417 habeatur,
1225 5363 1278 5405 nec
1296 5345 1351 5403 ulla
1366 5343 1545 5417 sitdeineeps

116 5443 263 5502 ebutium
289 5442 451 5516 pedissequa
472 5441 546 5513 cupit
568 5439 691 5497 existere.
746 5455 845 5514 magna
859 5454 996 5513 paruaque
1008 5455 1124 5513 persona
1145 5456 1209 5514 quau
1223 5440 1276 5497 boc
1289 5440 1426 5497 ullatenus
1443 5436 1546 5497 audeat

119 5537 209 5609 nobis,
224 5538 273 5613 qui
294 5536 377 5610 buius
392 5533 537 5593 ministerii
550 5548 691 5590 ouossus·
747 5532 903 5591 immutare.
932 5530 1137 5595 confirmamus
1157 5548 1268 5608 quoque
1286 5531 1378 5591 eidem
1403 5537 1544 5591 monaste·

116 5629 226 5689 ritatem
245 5629 306 5688 ildei
320 5628 356 5687 ad
379 5627 462 5701 bujru
475 5625 692 5685 destructionem
747 5627 799 5695 rio,
815 5624 919 5699 tibique
936 5634 966 5684 et
987 5629 1118 5704 omnibus
1135 5628 1187 5685 tibi
1200 5625 1361 5703 regulariter
1374 5624 1545 5685 sumedeuti·

116 5737 172 5782 urs
186 5723 396 5797 neglexerimus.
420 5722 470 5779 Vre
492 5720 545 5777 erit
566 5719 647 5776 nobis
669 5719 693 5775 si
747 5718 799 5777 bus
825 5718 860 5776 ad
881 5735 964 5777 usum
979 5721 1232 5781 sancumoniattum
1252 5718 1321 5777 inibi
1343 5721 1405 5779 Deo
1424 5715 1545 5777 ιιιιιιιι-

116 5817 175 5877 ιιιιι
206 5817 439 5893 oppresserimus,
464 5828 551 5891 quum
580 5827 693 5887 erogare
748 5812 818 5871 ιιιιιιι
841 5812 938 5874 omnia
956 5827 1020 5887 quo
1041 5811 1231 5885 habenturin
1251 5809 1348 5871 cbsrts
1385 5804 1546 5871 ιοιιιιιοιιι
