3884 6158
89 238 136 293 rel
522 232 782 293 promuntunum
804 264 840 278 -
859 234 902 294 llll
921 236 1054 295 orosto
1072 237 1100 295 S.
1120 237 1293 296 unuuonll.
1502 228 1505 241 ¹
1687 244 1740 297 262

91 378 104 412 ι
120 358 189 417 celle
214 356 251 415 dc
263 348 384 432 l'ligliee,
407 357 548 432 utnqnees
561 357 631 416 dans
644 361 683 416 les
704 358 929 432 pernicieusesA
979 363 1020 419 La
1031 361 1160 419 nouvelle
1172 360 1206 419 de
1217 360 1321 420 cebrel
1328 363 1418 420 arrive
1433 359 1585 422 bicnldten
1595 365 1699 422 France
1712 373 1741 420 et

89 476 102 501 ι
121 451 507 526 entreprisesdeceslaiques,
516 459 636 529 etayant
645 452 794 526 presented
804 461 885 511 notre
939 470 976 511 ne
989 453 1069 513 tarda
1084 471 1133 529 pas
1144 453 1159 510 l
1171 455 1274 513 exciter
1285 456 1312 514 la
1325 454 1421 513 lureur
1433 455 1482 514 dee
1493 455 1608 530 suppdts
1619 456 1658 514 du
1666 456 1740 530 galli·

90 568 102 594 ι
121 545 208 619 rspril
229 554 307 603 toute
325 546 351 602 la
369 546 442 603 snite
460 544 496 603 de
517 553 608 603 tontes
629 553 658 603 et
680 546 817 605 ehaeones
836 545 885 605 des
939 549 1070 607 canismc.
1085 551 1125 606 Le
1134 550 1284 620 parlement
1297 547 1331 606 de
1350 548 1428 608 Paris
1449 550 1552 618 rendit,
1567 566 1603 609 en
1617 549 1683 609 dete
1701 549 1738 607 dn

89 662 102 689 ι
120 638 219 697 choses
235 639 283 712 qui
306 654 337 697 se
357 647 422 696 sont
438 638 642 711 pareres....;..;
663 638 701 697 du
728 640 831 699 eonseil
849 639 885 697 de
939 646 973 701 2³
984 641 1084 699 levrier
1097 642 1311 710 17³⁰,unarrlt
1321 652 1415 700 contre
1424 644 1450 701 la
1461 643 1642 717 publication,
1650 642 1740 702 disni-

89 758 103 784 ι
122 732 258 807 plusieurs
274 730 310 791 de
327 747 379 790 nos
398 732 555 791 venerablee
575 732 662 792 ireres
681 733 720 791 les
736 734 885 792 cardinenx
939 734 1036 794 lintion
1056 743 1084 792 et
1105 736 1251 793 execution
1264 735 1299 793 dc
1325 753 1356 794 cc
1369 735 1441 807 brel,
1467 737 1538 795 ainsi
1553 751 1606 809 qne
1618 737 1653 794 dc
1667 753 1739 795 ceux

89 850 102 876 ι
121 826 296 886 delesainte
308 818 400 900 Egllee
410 826 546 896 romeine,
562 843 611 901 per
626 827 885 902 l’enrorlrleposro-
939 830 985 902 qni
1009 830 1121 887 avaient
1144 830 1188 886 ete
1209 828 1301 887 lances
1324 839 1421 888 contre
1450 832 1489 888 les
1513 829 1638 903 evenes.
1660 832 1738 889 cette

88 943 101 971 ι
121 920 204 994 lique,
218 919 253 977 de
268 921 295 977 le
310 929 408 978 teneor
422 919 471 978 des
487 920 639 993 presentes,
655 938 725 979 nous
742 921 884 980 declarons
938 940 1006 980 cour
1023 923 1145 981 exbalait
1164 939 1213 980 son
1228 922 1403 997 indignation
1420 923 1516 996 parle
1541 924 1683 982 ministere
1703 923 1738 982 dc

88 1037 100 1064 ι
119 1013 543 1083 lesldits,arrlts,rlsolntions,
554 1013 882 1087 decressordonnances,
939 1033 991 1073 son
1012 994 1098 1074 fidel?
1107 1032 1223 1090 ergene,
1242 1014 1353 1075 Gilbert
1366 1015 1401 1075 de
1414 1017 1536 1084 Volsins,
1558 1018 1606 1090 qui
1625 1016 1737 1090 s'erpri·

86 1134 98 1155 ·
119 1108 296 1182 promulgue's
316 1123 366 1181 par
385 1106 426 1165 les
444 1107 605 1180 magistrats
624 1107 717 1166 mlmc
730 1108 883 1182 supremes,
938 1110 1009 1168 mail
1020 1110 1093 1168 ainsi
1107 1109 1180 1169 dens
1194 1110 1219 1167 le
1239 1107 1326 1167 debut
1336 1108 1371 1167 de
1384 1125 1436 1168 son
1449 1110 1624 1183 requisitoire
1639 1129 1647 1167 ε

88 1228 99 1252 ι
118 1210 147 1259 et
158 1210 223 1260 tous
236 1200 357 1259 elliciers
371 1217 408 1259 ou
423 1201 566 1259 ministres
580 1202 709 1260 sleullers
718 1202 753 1260 de
767 1203 884 1277 quelque
973 1228 986 1254 e
1008 1203 1096 1277 Aprds
1120 1203 1214 1262 l'arrlt
1232 1203 1356 1262 solennel
1373 1218 1428 1278 quc
1453 1204 1479 1261 la
1493 1218 1562 1261 cour
1578 1203 1682 1273 rendit,
1702 1221 1737 1263 au

88 1316 102 1347 ι
122 1297 264 1368 puissance
278 1296 370 1369 leique
390 1310 444 1370 que
458 1311 490 1353 cs
511 1295 576 1364 scit,
587 1304 683 1352 contre
703 1296 885 1354 notresusdit
939 1322 952 1348 v
974 1297 1046 1355 mois
1066 1297 1102 1355 de
1113 1298 1207 1372 juillet
1227 1296 1350 1367 dernier,
1370 1314 1417 1354 sur
1444 1313 1496 1355 nos
1513 1297 1701 1367 conclusione,
1721 1297 1737 1357 l

87 1389 213 1447 «decret
248 1387 419 1446 d'ertension
448 1389 482 1446 de
518 1388 618 1448 l'oldce
649 1388 684 1447 de
706 1389 779 1447 saint
810 1389 884 1450 Gre-
940 1392 1168 1450 ·r'occasionde
1183 1390 1280 1450 l’oilioe
1293 1391 1539 1465 deuregoirevn,
1554 1406 1627 1449 nous
1641 1392 1739 1449 arione

87 1507 100 1533 ι
117 1483 195 1554 goire
209 1484 330 1553 Vll.....,
347 1482 421 1549 nuls,
439 1482 530 1553 rains,
545 1482 684 1554 invalides,
698 1482 883 1557 depenvuel
939 1509 951 1536 a
972 1485 1026 1543 lieu
1042 1484 1077 1542 de
1094 1486 1184 1543 croire
1213 1502 1266 1557 que
1284 1500 1356 1543 nous
1372 1484 1518 1543 n'aurions
1543 1484 1606 1558 plus
1628 1483 1738 1543 d'antre

86 1575 274 1650 «perpetntl
293 1575 328 1633 de
349 1583 429 1634 toute
456 1575 547 1646 lorce,
568 1577 596 1633 ni
617 1577 719 1646 valeur,
742 1578 812 1635 ainsi
829 1594 884 1652 que
939 1602 952 1629 ι
972 1579 1066 1638 devoir
1086 1579 1102 1636 d
1122 1579 1237 1652 remplir
1257 1595 1305 1637 sur
1320 1586 1364 1636 cet
1385 1578 1470 1651 objet,
1495 1585 1524 1636 et
1545 1593 1600 1651 que
1620 1577 1647 1636 la
1669 1594 1737 1635 coru
1826 1613 1829 1620 ,

83 1677 209 1727 etentes
235 1669 277 1727 les
299 1668 398 1727 choses
421 1669 469 1743 qui
491 1685 526 1727 en
548 1677 612 1727 sont
635 1670 737 1728 suivics
762 1687 799 1729 ou
824 1673 882 1728 sui·
939 1672 1238 1731 «dellomenousen
1252 1672 1386 1730 luisserait
1400 1671 1626 1729 insensiblement
1639 1670 1737 1744 perdre

82 1786 94 1811 ι
115 1762 239 1833 rraieut3
896 1744 952 1817 Bu
973 1767 998 1823 le
1010 1767 1156 1825 memoire.

113 1881 127 1907 ι
148 1858 184 1913 lte
198 1856 234 1915 de
247 1857 324 1932 plus,
337 1872 410 1932 pour
423 1855 486 1931 plus
499 1855 603 1932 grande
618 1856 762 1927 curescet
772 1875 808 1916 en
822 1867 883 1918 lant
974 1884 987 1912 ι
1007 1862 1157 1919 blaisnous
1166 1860 1388 1929 reconnaissons,
1399 1857 1736 1929 evecdooleur,combion

81 1972 94 2003 ι
110 1950 273 2026 qnebesoin
286 1958 340 2019 est,
359 1966 411 2024 par
424 1951 463 2008 les
483 1951 634 2024 presentes,
660 1968 731 2011 nous
748 1952 789 2010 lcs
805 1953 884 2011 revo-
939 1979 952 2005 e
973 1971 1025 2013 nos
1043 1955 1207 2030 esperances
1229 1962 1280 2013 ont
1299 1955 1342 2012 etl
1362 1954 1513 2028 trompces,
1534 1952 1588 2012 bin
1602 1969 1654 2011 rue
1670 1954 1737 2011 d’un

79 2069 92 2095 ι
111 2060 213 2119 qnons,
235 2060 360 2113 cessem,
381 2044 505 2113 irritnns,
528 2046 663 2104 annulons
683 2054 713 2103 et
730 2047 884 2104 ebolissons
939 2073 952 2101 ι
972 2048 1036 2107 bref
1046 2049 1081 2108 de
1093 2052 1195 2116 Rome,
1210 2064 1263 2122 que
1279 2065 1349 2106 noris
1365 2064 1452 2106 avons
1472 2056 1551 2105 entre
1568 2047 1609 2105 les
1632 2047 1735 2113 meins,

81 2163 94 2189 a
112 2138 307 2214 dperpetuite,
319 2140 360 2196 les
378 2139 488 2211 privant
498 2139 533 2199 de
545 2148 623 2198 toute
637 2138 714 2198 force
725 2149 755 2198 et
766 2139 844 2210 eliel,
856 2149 884 2198 ct
940 2147 997 2201 eet
1015 2145 1083 2202 drot
1102 2147 1213 2217 oopeol
1232 2143 1295 2200 dire
1314 2143 1383 2215 qu’r'l
1400 2142 1494 2199 reduit
1507 2158 1540 2198 eo
1557 2143 1688 2213 prolique
1708 2140 1736 2196 lo

81 2257 94 2283 ι
111 2234 229 2292 reulons
249 2232 329 2307 qu’ils
347 2233 437 2290 soient
459 2233 589 2308 bjemais
609 2242 692 2291 tenus
711 2251 783 2310 pour
800 2236 882 2293 revo-
938 2255 953 2291 e
970 2237 1094 2295 doctrlrre
1107 2238 1245 2309 repondere
1253 2237 1322 2297 dares
1330 2238 1428 2310 l'osllcc
1439 2236 1474 2293 dc
1485 2236 1619 2306 Grlqoire
1631 2236 1737 2298 Vll,sn

81 2328 191 2403 ‘lube
213 2327 316 2398 mill,
336 2326 438 2395 Ῐῐήῑὲδ,
462 2327 589 2395 θῡῠῦῐὲῦ,
613 2327 758 2398 inrelides,
783 2327 882 2404 abelis,
939 2355 951 2382 ι
972 2339 1094 2401 cassant,
1120 2347 1169 2404 par
1197 2331 1337 2388 l'autoritl
1365 2330 1535 2404 pontificale,
1562 2337 1627 2385 tons
1651 2327 1734 2394 edite,

81 2444 94 2470 ι
112 2429 142 2481 et
167 2421 261 2495 prives
281 2422 469 2483 entidrement
491 2419 527 2478 de
555 2429 632 2478 toute
655 2419 730 2480 loros
752 2430 781 2479 et
803 2421 881 2492 ellel,
937 2449 951 2477 ι
973 2423 1289 2496 amleordennances,
1304 2432 1332 2481 el
1346 2432 1440 2483 autres
1455 2431 1533 2483 actes
1546 2421 1658 2480 emano
1672 2419 1688 2477 l
1703 2433 1735 2477 ce
1822 2410 1825 2415 ’

80 2536 94 2565 ι
111 2524 165 2573 etc.
184 2520 270 2585 (³2⁶).
294 2539 308 2566 ι
938 2543 952 2570 ι
971 2516 1432 2594 sujetdespnissaneesslculieree,
1443 2515 1537 2575 meme
1548 2513 1734 2574 muremines.

109 2722 184 2797 (82⁵)
203 2724 368 2784 Bmediclue
384 2739 467 2798 popo
480 2724 554 2787 alil,
575 2722 616 2779 od
633 2727 795 2795 perpetuom
811 2726 853 2780 rei
935 2724 1066 2791 invalida,
1087 2725 1168 2784 irrita
1189 2732 1218 2782 et
1235 2723 1269 2783 de
1285 2723 1360 2782 lacto
1378 2732 1557 2798 presumpta,
1578 2723 1736 2798 nulliusque

400 2798 570 2853 menoclem.
936 2813 1050 2870 prorsus
1062 2797 1171 2855 roboris
1186 2805 1214 2852 et
1226 2796 1363 2853 momenti
1380 2813 1450 2862 esse,
1470 2804 1499 2851 et
1514 2805 1646 2867 perpetuo
1661 2793 1734 2862 lore,

111 2865 342 2926 mundaum
359 2876 470 2924 nostres
486 2865 643 2945 pervenerit
657 2864 807 2922 nonnullos
822 2880 882 2924 ma·
936 2869 1085 2941 apostolica
1116 2867 1282 2926 auctoritato
1309 2875 1407 2925 tenore
1437 2868 1614 2941 presentium
1641 2864 1734 2922 decla-

97 2938 104 2949 '
144 2946 220 3005 aurs,
235 2940 288 2996 seu'
300 2936 432 2996 oldciules
446 2946 475 2995 et
487 2936 631 2996 ministros
644 2938 798 3004 seculares,
819 2938 882 3010 qui-
937 2955 1042 2999 ramus.

148 3024 198 3068 arn
213 3009 323 3080 edictis,
344 3008 472 3075 decretis,
492 3008 751 3074 senatusconsultis,
776 3024 882 3082 prece-
971 3010 1198 3069 iltnibilominus
1207 3007 1242 3067 ad
1254 3008 1391 3083 majorem
1398 3008 1547 3077 caumlam,
1557 3017 1585 3065 et
1598 3018 1735 3081 quatenns

78 3082 142 3154 ptis,
157 3081 312 3144 mandatis,
324 3079 416 3139 antid
429 3095 527 3153 genus,
542 3079 635 3138 aliisve
646 3095 815 3163 quocunqne
829 3097 881 3139 no·
936 3099 1006 3157 opus
1020 3083 1066 3151 sit,
1085 3083 1131 3139 ille
1145 3082 1251 3149 omnia,
1273 3090 1302 3138 et
1317 3080 1424 3151 singule
1440 3080 1539 3138 barum
1554 3080 1624 3138 serie
1637 3076 1735 3138 itidem

76 3154 150 3211 mine
168 3153 338 3225 nuncuperis
354 3150 589 3215 ordinationibus,
609 3167 655 3209 seu
678 3152 881 3224 provisionibus
897 3132 920 3198 C
936 3163 1069 3230 perpetuo
1086 3169 1258 3221 revocamus,
1273 3166 1426 3220 cassamus,
1445 3151 1600 3218 irritemus,
1615 3150 1735 3210 annule-

78 3224 213 3282 edversus
225 3224 370 3282 decretum
385 3222 556 3282 extensionis
570 3222 606 3281 ad
619 3223 764 3280 universos
778 3222 880 3281 Christi
934 3242 1009 3290 mres,
1024 3234 1052 3283 et
1064 3225 1217 3291 abolemus,
1233 3224 1390 3296 viribusque
1405 3230 1434 3278 el
1452 3220 1553 3280 ellectu
1567 3224 1688 3295 penitus,
1707 3231 1735 3281 el

78 3295 185 3362 fideles,
200 3295 249 3368 qui
275 3294 310 3352 ad
324 3296 408 3353 boras
421 3294 568 3352 canonicas
588 3300 726 3359 tenentur,
741 3293 826 3352 oflicii
848 3296 879 3352 S.
934 3297 1051 3355 omnino
1059 3311 1217 3360 vacuamus,
1228 3312 1261 3351 ac
1270 3312 1319 3365 pro
1333 3293 1480 3362 revocatis,
1492 3293 1619 3362 cassatis,
1636 3294 1736 3356 irritis

77 3366 208 3436 Gregorii
222 3381 302 3439 pepe
316 3367 381 3435 vll,
416 3367 469 3425 ned
482 3366 558 3436 prius
575 3380 609 3422 ex
628 3364 742 3423 indultis
762 3365 806 3423 iel.
822 3381 878 3424 rec.
934 3368 1026 3434 nullis,
1048 3366 1188 3434 invalidis,
1211 3373 1239 3421 et
1264 3365 1384 3430 ebolitis,
1408 3365 1566 3438 viribusque
1581 3373 1609 3423 el
1635 3366 1735 3427 ellectu

77 3437 153 3495 Perrli
170 3440 207 3500 V,
224 3437 376 3495 clementis
422 3480 430 3504 ,
452 3435 599 3496 Alexandri
614 3438 690 3503 Vlll,
704 3444 733 3493 et
754 3438 881 3496 Clemen·
934 3440 1055 3511 penitus,
1072 3445 1100 3495 et
1113 3437 1230 3495 omnino
1244 3437 1339 3494 vacuis
1350 3451 1459 3519 semper
1472 3436 1568 3495 baberi
1584 3437 1734 3497 volumus.-

80 3510 180 3577 lisxl‚
195 3511 393 3568 Romanorum
404 3508 568 3579 pontificum
581 3508 814 3580 predecessorum
827 3524 880 3565 no·
935 3510 1029 3595 sicque
1048 3517 1077 3566 et
1094 3523 1152 3566 non
1174 3507 1254 3565 aliter
1273 3507 1303 3563 in
1323 3522 1474 3578 premrssrs
1493 3523 1540 3579 per
1557 3523 1736 3585 quoscunque
1792 3514 1795 3519 ’
1876 3506 1879 3513 '

77 3588 214 3648 suorum,
236 3580 267 3636 in
285 3580 481 3707 pluribnsjam
495 3578 645 3637 Christiani
660 3579 736 3636 orbis
750 3580 881 3638 Ecclesiis
931 3582 1040 3655 jndices
1066 3579 1223 3637 ordinarios
1250 3586 1278 3634 et
1301 3578 1451 3643 delegatos,
1478 3579 1563 3636 etiam
1588 3595 1735 3641 causarum

112 3652 184 3709 ssim
196 3651 283 3708 recita
304 3660 375 3719 atur,
390 3659 473 3725 utque
495 3650 604 3724 publice
616 3658 646 3708 et
661 3651 823 3708 solemniter
834 3665 880 3708 ce·
935 3652 1028 3725 palatii
1040 3650 1185 3725 apostolici
1194 3649 1343 3713 auditores.
1358 3663 1391 3706 ac
1403 3651 1432 3706 S.
1447 3652 1482 3706 ll.
1500 3653 1529 3706 E.
1545 3648 1668 3722 prefate
1679 3669 1736 3710 cer·
1787 3688 1796 3711 ι

122 3723 410 3790 mbatnr,ellobisad
418 3721 578 3794 sugendum
587 3723 693 3779 cultum
704 3725 732 3782 S.
745 3724 881 3794 protilos
936 3724 1053 3790 dineles,
1078 3723 1164 3780 ctiam
1183 3721 1217 3778 dc
1238 3721 1322 3778 latere
1341 3719 1458 3793 legatos,
1477 3721 1578 3777 aliosve
1598 3725 1736 3794 quoslibet

79 3800 105 3851 rl
120 3793 303 3867 eversoris,
319 3795 366 3865 qui
382 3795 411 3853 in
425 3793 511 3851 exstir
568 3793 612 3851 dis
625 3793 766 3851 erroribus
791 3795 881 3852 eccle·
953 3810 1096 3867 uacunque
1111 3791 1327 3864 preeminentia,
1343 3798 1371 3848 et
1389 3799 1527 3863 potestate
1542 3790 1738 3867 iungenteset

80 3865 192 3923 siastira
206 3865 354 3938 discipline
367 3866 501 3922 restitncn
522 3881 551 3929 a,
568 3871 596 3920 et
610 3834 805 3930 instauranda,
821 3880 881 3922 cor·
948 3875 1095 3935 unctores,
1121 3864 1229 3921 sublata
1253 3863 1308 3930 eis,
1332 3870 1361 3918 et
1383 3878 1482 3920 eorum
1504 3863 1617 3921 cuilibet
1639 3867 1736 3939 quavis

80 3938 225 4010 nuptisque
237 3935 364 3995 moribus
374 3935 559 3995 reformandis
576 3943 686 3992 strenue
699 3952 732 3993 ac
744 3933 882 3995 indefesse
935 3938 1017 3996 aliter
1020 3935 1165 4011 judicandi
1175 3942 1204 3991 et
1217 3932 1417 4006 interpretandi
1431 3932 1564 3992 facultate
1573 3942 1601 3992 et
1615 3938 1736 3995 auctori·

77 4007 240 4074 elebonrit,
250 4008 397 4066 norisnme
406 4009 524 4075 editum,
536 4007 739 4065 insurrexisse:
935 4017 1003 4075 tete,
1009 4007 1127 4082 judicari
1138 4015 1168 4064 et
1176 4004 1286 4063 deliniri
1297 4004 1413 4075 debere;
1426 4022 1460 4064 ae
1468 4006 1580 4064 irritum
1592 4048 1600 4072 ,
1613 4016 1642 4065 et
1653 4009 1736 4067 inane

114 4079 191 4137 ilinc
213 4087 266 4149 eet,
290 4080 364 4154 quod
379 4095 430 4137 nos
443 4096 476 4137 er
494 4078 594 4160 debito.
611 4078 759 4161 pastoralis
781 4078 881 4149 oflicii,
935 4081 1053 4138 sisecus
1075 4094 1159 4152 super
1180 4077 1225 4134 lris
1245 4095 1262 4135 a
1284 4092 1425 4151 quoquam
1447 4079 1543 4160 queris
1567 4081 1735 4139 anctoritate

78 4150 155 4279 arnoll
176 4150 329 4209 humilitati
362 4159 478 4219 nostre,
503 4150 612 4207 meritus
635 4149 699 4206 lrcet
722 4156 751 4207 et
777 4151 881 4208 viribus
936 4152 1067 4220 scienter,
1083 4151 1124 4206 vel
1149 4149 1310 4223 ignoranter
1323 4149 1473 4232 contigerit
1487 4151 1629 4219 attentari,
1644 4152 1737 4209 decer·

127 4237 162 4295 ge
175 4220 286 4294 imperi,
307 4223 449 4280 commisit
472 4221 566 4279 divina
585 4221 720 4295 dignatio,
743 4230 881 4292 nostram,
935 4222 1093 4293 nimus„in
1112 4221 1284 4278 eontrarium
1298 4219 1463 4277 iacientibus
1485 4219 1736 4281 nonobstantibus

78 4301 108 4349 et
119 4293 338 4352 ecclen'aslicam
354 4293 581 4351 anctoritateme
600 4292 763 4366 perniciosis
784 4292 882 4365 hujus-
935 4295 1156 4368 quibuscunque.

79 4364 160 4422 modi
168 4364 304 4423 laieorum
313 4364 459 4423 meatibus
471 4365 598 4440 illesam,
610 4372 639 4421 et
650 4362 786 4422 illibatam
795 4364 879 4432 tueri,
972 4368 1013 4424 Ut
1026 4373 1119 4422 autern
1135 4364 1240 4421 eedem
1258 4371 1420 4435 presentes
1426 4363 1525 4420 littere
1547 4363 1585 4420 ad
1605 4365 1734 4423 onmium

78 4440 109 4493 et
120 4450 285 4493 muserrare
299 4437 431 4505 volentes,
450 4451 501 4491 nec
514 4450 572 4493 non
586 4435 725 4502 omnium,
740 4445 768 4492 el
781 4434 880 4509 singu·
934 4436 1064 4495 notitiem
1078 4432 1188 4493 facilius
1205 4432 1363 4501 devenient,
1378 4450 1431 4491 nec
1468 4434 1597 4506 uisqnam
1623 4435 1734 4493 illarum

76 4505 185 4576 lorum,
204 4521 269 4579 que
294 4507 325 4565 in
351 4506 516 4580 premissis,
537 4522 586 4563 seu
611 4522 709 4563 eorum
733 4493 919 4564 occasioneD
935 4507 1124 4636 ignorantiam
1148 4508 1200 4564 alle
1219 4521 1267 4564 are
1293 4504 1392 4577 possit,
1418 4520 1557 4588 voumus,
1579 4521 1611 4561 ac
1634 4506 1735 4588 pariter

77 4578 179 4650 queris
191 4578 287 4645 modo,
301 4587 375 4648 ectu,
391 4587 420 4636 ct
432 4591 509 4645 gesta
528 4576 649 4644 luerunt,
664 4578 772 4648 seriem,
792 4578 880 4636 aliave
955 4578 1124 4647 corruimus,
1146 4586 1178 4634 nl
1199 4579 1209 4634 i
1223 4582 1255 4634 le
1280 4575 1315 4632 ed
1342 4576 1436 4632 valvas
1461 4575 1582 4634 basilice
1604 4577 1736 4650 principis

75 4651 348 4723 meurnqneetlan
358 4650 530 4724 specilcam,
542 4646 752 4707 ctindividuem
764 4649 879 4708 mentio
933 4651 1135 4723 apostolorum,
1151 4665 1184 4706 ac
1206 4645 1378 4729 cancellarie
1397 4647 1566 4719 apostolieae,
1592 4648 1736 4721 curieqne

77 4735 158 4787 mm,
175 4729 203 4778 et
214 4720 421 4792 expressionem
440 4719 620 4795 requirentia,
632 4720 815 4793 presentibus
829 4735 879 4793 pro
952 4720 1066 4779 euerelis
1080 4723 1108 4777 in
1120 4728 1215 4777 monte
1228 4721 1375 4789 citatorio,
1388 4726 1415 4773 et
1428 4719 1457 4774 in
1469 4718 1525 4775 scie
1536 4721 1632 4791 &moi
1647 4721 1736 4779 Flore

105 4800 215 4923 ‘lael
228 4788 396 4923 ’ῒέἒᾱωέἕέ
408 4791 879 4922 laertssrrrrr‘lllll
932 4789 1737 4934 rl‘lltllll”llll.rlllllll,lllill,lllll

76 4903 256 5001 meconem,
274 4880 361 4995 εἳ.
376 4880 412 4994 Ep
434 4935 619 4996 cardinalium
632 4935 762 5001 consilio,
776 4935 879 5013 edicta,
933 4881 1136 5008 relingnantur,
1160 4903 1189 4990 el
1202 4933 1243 4992 sic
1264 4931 1410 5004 publieale
1428 4949 1540 5003 omnes,
1556 4943 1585 4992 el
1612 4934 1737 5008 singulos

76 5004 205 5075 deceta,
231 5006 481 5077 senatusconsulta,
505 5015 652 5080 precepta,
681 5005 826 5072 mandute,
852 5014 880 5063 et
934 5006 1008 5135 qnod
1028 5013 1202 5064 concernunt
1223 5002 1336 5076 perinde
1349 5002 1481 5073 alliciant,
1499 5021 1531 5061 ee
1544 5005 1567 5059 si
1591 5006 1737 5078 unicuique

75 5079 191 5162 qrmsris
200 5077 270 5135 alies
281 5094 448 5152 quocumque
459 5078 572 5135 nomine
581 5086 756 5148 nuncupatas
767 5078 879 5135 ordina·
933 5078 1043 5134 ilerum
1066 5076 1244 5151 personaliter
1258 5073 1406 5133 notilieulae
1425 5084 1453 5131 et
1463 5076 1601 5134 intimate
1613 5076 1736 5134 luissent.

75 5156 183 5215 bores,
197 5149 256 5206 sire
276 5151 450 5222 provisiones
463 5165 512 5222 per
529 5149 720 5224 magistrante,
735 5148 818 5206 etiem
833 5165 879 5205 su-
972 5152 1066 5222 lltque
1083 5149 1207 5221 ipsarum
1221 5146 1399 5220 presentium
1419 5147 1573 5205 litterarum
1594 5155 1737 5205 transum-

77 5234 205 5294 premos,
226 5237 275 5279 scu
296 5220 431 5280 cilicieles
455 5229 484 5278 et
501 5221 646 5279 ministros
665 5218 811 5278 securiores
832 5227 881 5276 aut
935 5220 1000 5291 ptis,
1015 5235 1065 5276 seu
1089 5218 1230 5293 exemplis,
1252 5217 1335 5275 etiem
1349 5217 1492 5290 impressis
1514 5235 1598 5276 manu
1621 5219 1736 5292 alicrrjus
1767 5254 1772 5261 ·

75 5292 147 5349 uias
159 5309 177 5349 a
190 5307 357 5366 qtmcrrnqne
371 5292 462 5350 laicali
477 5299 622 5364 potestate,
637 5292 750 5363 ejusque
765 5292 880 5348 nomine
934 5291 1036 5348 notarii
1046 5291 1149 5374 publici
1170 5289 1340 5362 subscriptis,
1363 5300 1390 5347 et
1401 5289 1489 5363 sigillo
1503 5304 1626 5373 persone
1648 5289 1675 5346 in
1689 5307 1737 5348 cc·

76 5360 213 5423 clivom
234 5364 377 5423 domenum
404 5363 574 5420 extensionis
598 5361 683 5420 ollieii
704 5361 829 5434 ejusdem
850 5363 878 5418 S.
934 5363 1086 5420 clesiastrca
1100 5360 1399 5431 dignitateconslitutae
1412 5361 1538 5428 munitis,
1550 5359 1646 5418 eadem
1659 5378 1738 5432 pror·

77 5433 881 5509 Gregoriipepelliperllos,sicutpremittitur,editum
935 5450 983 5491 sus
1008 5434 1077 5490 lides
1092 5443 1148 5489 tarn
1171 5434 1199 5489 in
1216 5431 1333 5505 judicio,
1350 5448 1433 5504 quam
1448 5440 1524 5488 extra
1540 5431 1621 5498 illud,
1634 5433 1681 5489 ubi
1704 5449 1739 5491 uc

78 5504 346 5580 quomodocumque,
359 5515 388 5565 et
407 5506 566 5578 ubieunque
580 5505 755 5579 promulgata
769 5513 797 5561 et
822 5521 881 5577 pro
934 5505 1059 5562 locorum
1074 5506 1216 5567 lrabealnr,
1243 5519 1304 5586 .¹!ae
1324 5503 1427 5560 eisdem
1447 5503 1630 5577 presentibus
1653 5450 1739 5563 lrabe-

78 5576 246 5651 mulgoude,
259 5594 294 5637 ac
311 5577 416 5650 qurerie
429 5578 484 5636 alia
497 5576 526 5633 in
540 5577 702 5649 premissis,
722 5593 770 5634 seu
782 5592 881 5634 eorum
935 5584 1025 5643 retur,
1035 5575 1062 5649 pi
1080 5575 1175 5634 forent
1188 5520 1325 5643 exharllae,
1341 5576 1381 5631 rel
1395 5583 1523 5632 ostense.
1590 5622 1594 5629 .

78 5648 226 5707 cendone
247 5646 456 5722 quomodolibet
481 5655 559 5713 acia,
582 5657 658 5720 gestu
685 5657 713 5705 et
735 5648 880 5714 ordinata,
971 5651 1077 5705 Datum
1091 5646 1273 5718 Romaeapud
1288 5648 1316 5702 S.
1334 5649 1455 5712 Petrum,
1469 5647 1520 5702 sub
1534 5646 1637 5703 ennulo
1652 5646 1740 5717 pisce·
1852 5718 1855 5723 Ι

79 5736 148 5779 uun
160 5718 337 5779 omnibusel
356 5720 475 5793 singulis
496 5719 562 5778 inde
582 5719 695 5790 secutis,
716 5719 883 5792 etquendo·
935 5720 1016 5785 toris,
1029 5719 1076 5777 die
1093 5726 1126 5777 re
1139 5718 1270 5777 Decemb.
1293 5717 1551 5791 illepontillcsms
1564 5715 1651 5774 nostri
1664 5731 1738 5773 anno

79 5786 196 5867 usuque
205 5791 353 5861 ambulo,
366 5791 478 5866 poninus
491 5800 521 5849 et
539 5791 657 5849 ommno
674 5791 760 5857 nuella,
773 5790 881 5858 inania,
936 5800 1024 5849 sexto.
