3870 6164
445 266 605 325 mrum.
625 266 1200 334 ttt.·-tt01ttltttth'ttuttuuotttttts.
1370 222 1379 241 ”
1548 274 1656 341 'root

122 396 179 447 etsrr
203 396 261 447 mm
283 397 388 450 temere
400 391 698 463 anathematizmdum,
714 393 841 467 quod,A
893 398 969 471 Quid
982 400 1165 474 pluralvere,
1179 401 1204 459 ti
1219 400 1405 474 Paphnutius,
1415 402 1656 480 uttmpsregrtno

121 485 144 541 l.
158 485 330 557 Augustinus
348 485 378 542 lo
391 501 443 545 sno
463 489 590 560 Speculo,
617 489 756 560 quidquid
772 492 801 545 iu
854 492 994 553 intellectu
1027 494 1168 553 arbitraris
1201 496 1244 552 rel
1280 496 1407 554 ultroneo
1442 500 1654 572 argumentaris,

130 579 279 649 scnpturs‘s
293 581 387 650 alequa
408 582 487 637 modo
509 584 648 653 probabile
680 583 798 647 uidetur,
854 588 985 646 omuibus
1004 589 1191 648 sacerdotibus
1204 589 1345 648 licentiam
1357 590 1479 648 nubendi
1492 595 1656 665 generaliter

121 687 160 729 rus
175 672 209 728 eb
232 673 323 744 ulique
342 675 424 742 focile
444 677 650 747 prejudicatum
665 677 802 735 Haeohu·
854 681 1027 751 concederet,
1052 699 1110 743 non
1135 683 1174 741 lta
1203 684 1375 758 singulariter
1400 694 1429 742 et
1453 684 1594 745 evidenter
1621 688 1656 747 de

812 845 816 851 Ι
853 784 917 833 aute
938 778 1173 837 oomeeratiouem
1198 779 1337 853 usurpatis
1359 794 1440 853 agere
1458 779 1591 839 studeret.
1610 780 1655 841 sd

121 875 142 931 ‚o
156 859 179 917 si
200 875 256 918 nou
270 876 384 919 omnem
396 861 481 932 diem,
495 862 546 920 sed
557 862 631 921 diem
640 865 715 922 iuter
726 862 803 922 diem
855 870 909 928 hoe
927 870 1057 940 etiamsi
1077 872 1105 928 iu
1118 872 1212 945 aliquo
1224 887 1299 930 sante
1312 872 1448 931 doctrinm
1460 874 1598 932 adversari
1611 877 1655 933 ln·

120 953 286 1011 anathemati
313 955 455 1029 subjacere
483 956 589 1015 debeo?
616 957 700 1016 absit!
728 959 803 1031 quod
854 965 983 1036 spiceret,
1003 965 1160 1023 nullatenus
1185 965 1212 1023 id
1237 967 1328 1036 ipsum
1354 975 1437 1040 eaput
1467 968 1655 1040 Cassiodorus,

120 1063 208 1105 umus
222 1047 348 1106 Medicus
364 1065 456 1123 neque
470 1059 628 1122 peccatores
640 1052 804 1126 meusaeJ'us
855 1058 898 1115 sir
920 1057 991 1116 divae
1017 1059 1171 1128 memoriae,
1195 1075 1357 1132 magumque
1385 1056 1643 1120 conversationise
1763 1044 1768 1061 ’

120 1143 243 1208 ,(Μαιιὴ.
272 1148 325 1208 rx),
341 1159 392 1200 nee
418 1144 598 1216 peccatricem
621 1162 638 1202 a
658 1153 733 1205 tactu
753 1161 803 1219 po-
856 1152 1017 1226 prudentiss,
1026 1159 1085 1211 tam
1097 1151 1220 1210 olhciose
1231 1152 1266 1210 de
1278 1154 1553 1213 Graeeoinlatiuum
1564 1164 1657 1215 hans·

120 1235 228 1306 param
250 1236 322 1307 (um.
345 1242 409 1303 vul·
433 1239 494 1311 ipso
507 1240 593 1296 enam
619 1254 684 1297 oum
699 1241 802 1312 prmat-
856 1246 928 1304 tarra
950 1246 1098 1304 laboraret.
1125 1250 1255 1315 Putasne,
1280 1247 1302 1303 st
1329 1247 1427 1322 atiqms
1451 1250 1559 1307 menica
1586 1258 1656 1322 arte,

123 1328 296 1386 blieauorum
314 1329 467 1388 suliaciem
479 1331 633 1389 desiderare
648 1334 801 1404 conspexit,
856 1348 888 1398 ut
912 1348 943 1398 tu
963 1339 1049 1410 dicis,
1070 1356 1149 1398 suam
1169 1340 1297 1398 haeresim
1319 1341 1372 1396 sub
1396 1357 1512 1414 persona
1525 1342 1656 1415 Paphuoii

120 1438 175 1479 ram
189 1424 232 1479 sui
254 1425 411 1496 praeseutia,
426 1426 484 1483 imo
496 1426 582 1482 etiam
603 1426 643 1484 sui
658 1426 801 1484 cohabita·
856 1443 948 1509 tegere
966 1433 1090 1503 auderet,
1114 1433 1304 1503 Cassiodorus,
1321 1444 1382 1492 tam
1396 1436 1522 1510 egregius
1535 1436 1588 1506 vir,
1603 1437 1657 1495 sibi

119 1515 265 1574 ’fraudavit
279 1518 353 1589 (huo.
367 1523 444 1586 ¹1¹).
457 1517 511 1577 Sed
524 1527 566 1586 ili.
579 1519 675 1589 iridi),
687 1522 804 1593 opponis
856 1526 1044 1586 uenatumdo
1061 1526 1152 1586 latmo
1170 1532 1297 1586 curaret?
1316 1531 1381 1587 Nou
1404 1545 1478 1598 rere,
1494 1530 1561 1603 quia
1575 1546 1658 1589 omne

119 1609 254 1667 inituim·
278 1616 326 1679 At,
348 1626 426 1684 ¹080,
450 1612 525 1669 unde
539 1613 636 1671 erodat
657 1613 712 1670 illio
725 1630 802 1671 oom-
856 1638 938 1680 suum
959 1637 1029 1694 opus
1048 1623 1104 1679 late
1128 1637 1176 1695 per
1190 1623 1325 1680 Ecclesiae
1344 1621 1451 1681 redolet
1464 1625 1655 1684 authenticum

119 1704 261 1761 lliiffl⁰i¹¹⁸
275 1705 302 1760 5¹1
316 1714 440 1761 mentem
454 1706 604 1763 cecidisse?
618 1705 743 1765 Pr⁰s0010
754 1709 800 1765 Fi·
855 1724 883 1774 et
896 1714 1049 1775 laudabile:
1063 1732 1128 1774 eum
1149 1717 1237 1774 multa
1258 1717 1368 1792 scripta,
1385 1726 1426 1789 ut,
1442 1718 1471 1775 iu
1486 1718 1590 1788 Veteri,
1603 1723 1658 1777 To-

119 1797 196 1864 ssiilii.
209 1798 257 1871 qui
270 1797 306 1855 de
320 1798 391 1856 ⁰oe¹⁰
410 1798 561 1871 deseendit,
575 1799 691 1858 Zochaeo
702 1801 744 1859 sui
756 1818 802 1859 οῦ·
819 1809 843 1873 Β
859 1809 911 1867 biae
924 1818 1046 1881 auctore,
1060 1819 1088 1868 et
1100 1811 1130 1867 iu
1142 1813 1233 1881 Novo,
1247 1819 1280 1869 nt
1291 1812 1471 1885 Apoealypsis
1484 1813 1657 1881 translatore,

118 1891 282 1963 lillifflilfflie
312 1892 499 1949 flioeffliffllem
523 1893 629 1951 arbitrii
657 1895 801 1967 virtualit-
856 1904 977 1961 carentia
990 1904 1168 1975 recipiamus,
1193 1921 1243 1963 cur
1265 1921 1323 1964 nou
1345 1905 1419 1963 istud
1434 1906 1520 1979 magis
1538 1915 1657 1981 utroque

118 2000 156 2041 rm
173 2001 257 2054 nunc,
278 1985 329 2042 uisi
352 1986 397 2042 ille
411 1986 505 2042 omnia
520 1986 631 2044 trahens
644 1987 678 2045 ad
702 2004 732 2045 se
756 2005 802 2046 oe·
856 1997 1003 2071 probatum
1015 1997 1185 2071 dirigamus?

118 2094 158 2136 um
180 2079 275 2152 gratiae
298 2088 366 2136 nutu
380 2095 432 2136 uos
455 2079 572 2136 miseros
590 2080 692 2151 trahat,
707 2083 801 2153 procul
891 2093 980 2162 Super
1002 2091 1062 2149 haea
1086 2092 1181 2161 etlam,
1206 2108 1272 2149 euru
1296 2092 1389 2165 ipsum
1414 2103 1542 2152 nostrum
1556 2096 1656 2170 Paugj.

118 2173 198 2229 nostri
221 2187 297 2245 papa
315 2173 464 2230 auotoritas
478 2174 597 2242 vacillat,
612 2178 723 2247 Agnum
737 2192 801 2233 cum
856 2185 929 2241 rium
955 2187 1047 2256 fferre,
1073 2184 1282 2259 panegyricum]
1307 2186 1519 2260 Hieronymum,
1547 2194 1657 2246 tautum

118 2265 171 2324 osci
192 2268 258 2333 (rm.
284 2272 328 2332 τι)
352 2265 501 2324 commem
541 2269 656 2326 dextero
686 2269 803 2326 smetst.
856 2279 1085 2354 momontum
1099 2279 1198 2354 tegam,
1214 2279 1547 2354 altenigenaearmtbmat
1560 2283 1657 2355 mgnu-

117 2386 120 2409 ἲ
137 2374 274 2433 quemque
289 2361 396 2432 ptomm
417 2363 504 2434 magis
529 2360 638 2418 dmi
652 2377 702 2434 pro
726 2362 803 2419 infli-
855 2371 908 2428 hus
927 2376 1103 2445 (Dest.xx1),
1118 2373 1147 2432 id
1161 2382 1213 2442 est,
1226 2373 1375 2447 superfluis
1392 2383 1422 2432 et
1440 2390 1516 2433 sante
1536 2373 1600 2433 lldei
1613 2391 1657 2433 re·

117 2469 164 2523 ¹10·
178 2470 263 2527 quam
288 2453 317 2510 5¹¹
331 2454 390 2510 1⁸⁶⁵
412 2453 802 2528 fflillidiibuiffllliiiiffl·
855 2468 1040 2540 pugnantibus
1062 2468 1212 2542 Scripturas
1240 2468 1319 2539 loeis,
1338 2469 1404 2541 ipsis
1418 2468 1582 2542 apocryphis
1606 2469 1659 2527 ali·

117 2547 364 2621 llliiwliussllffl
375 2547 485 2605 duwe·
501 2551 541 2605 Ei
560 2565 615 2622 quo
630 2556 724 2622 silim
741 2565 802 2607 ⁰⁸⁸⁰
855 2561 965 2632 quaudo
986 2561 1146 2619 renuntiare
1165 2560 1239 2619 nolle
1258 2577 1317 2619 non
1336 2562 1481 2636 ignorem;
1501 2578 1556 2635 qua
1568 2561 1659 2621 lroute

116 2650 158 2712 ut,
170 2642 242 2699 nulii
254 2643 381 2715 llii⁰ffll¹1
391 2652 450 2699 tim
462 2658 543 2717 sidio
557 2651 667 2716 lomim
685 2643 802 2717 initim-
856 2653 1020 2727 pradictum
1036 2663 1120 2728 caput
1130 2664 1190 2713 tam
1211 2654 1403 2713 authenticum
1418 2655 1560 2728 probabile
1579 2672 1660 2728 super

119 2736 229 2794 mnibus
242 2736 344 2793 divinis
357 2737 462 2809 legibus
476 2737 644 2809 postpositis,
657 2753 709 2809 pro
721 2737 801 2794 libitu
856 2751 988 2804 ammonet
997 2739 1141 2819 topazium
1155 2751 1238 2819 (Psoi.
1250 2752 1371 2817 osmrt),
1382 2748 1411 2804 in
1422 2748 1659 2822 ististemponbus

116 2832 576 2903 omnqmmteeampmemmt.
592 2831 803 2904 ¹111l·¹l)⁸051·
856 2840 1025 2908 delectabile,
1043 2841 1121 2897 nihili
1137 2841 1239 2900 habere
1251 2845 1466 2914 praesumerem?
1481 2842 1657 2911 hullatenum
1706 2841 1711 2849 '

116 2940 177 2997 iil)a
191 2940 247 2981 ⁰⁰¹¹
261 2933 370 2997 propter
383 2925 610 2981 lssfflflfissellliiffl
626 2939 739 2997 poenam
752 2940 803 2981 ⁰¹·
856 2935 919 3008 quin
933 2943 1006 2992 esset
1024 2943 1119 2992 contra
1134 2934 1174 2991 las
1197 2941 1225 2991 et
1234 2933 1291 3007 jus.
1307 2936 1339 2991 lu
1361 2948 1395 2991 eo
1409 2942 1505 2991 autem
1519 2933 1548 2991 id
1569 2934 1658 3008 ipsum

116 3018 136 3074 'li
149 3017 252 3087 intulit,
264 3033 353 3090 neque
363 3018 593 3077 ⁰⁰¹1¹ffl¹¹⁰10¹¹⁸ffl
607 3019 701 3092 populi
714 3018 804 3075 ibitu-
856 3028 891 3086 de
904 3028 1049 3103 episcopis,
1072 3028 1146 3101 quod
1167 3036 1196 3085 et
1210 3026 1245 3084 de
1262 3027 1325 3084 aliis
1347 3025 1491 3085 ordinibus
1514 3026 1573 3101 ngi,·
1586 3027 1660 3085 unde

123 3119 232 3168 uatum
246 3111 358 3183 majoris
378 3111 482 3169 ordinis
497 3113 701 3185 promotionem
712 3112 802 3170 disto-
856 3131 885 3182 m
900 3122 938 3179 ita
953 3122 1113 3180 summatim
1121 3121 1266 3180 mouture
1283 3120 1392 3195 videris,
1408 3121 1487 3195 quast
1500 3121 1527 3179 m
1541 3120 1595 3179 hoa
1608 3119 1660 3178 sub

116 3220 168 3262 tam
195 3203 312 3262 discrete
337 3221 453 3278 quamve
488 3207 721 3276 mesericordia,
737 3207 806 3264 inter
819 3194 842 3258 C
857 3232 936 3290 aequa
947 3216 1105 3274 conditione
1120 3216 1224 3288 positos
1240 3230 1299 3273 esse
1310 3231 1367 3272 nou
1379 3215 1499 3273 mireris.
1512 3216 1585 3273 Nam
1599 3216 1659 3289 epi-

115 3300 150 3357 tia
173 3310 201 3357 et
224 3298 319 3357 futura
344 3300 483 3371 medians,
499 3303 630 3360 dominus
644 3319 725 3377 papa,
743 3311 803 3360 tum
858 3326 959 3383 soopus
971 3325 1036 3367 oum
1048 3309 1214 3382 presbyteris
1227 3309 1347 3366 chrisma
1368 3317 1523 3384 consecrat,
1544 3309 1659 3383 preshy-

125 3403 186 3451 tum
222 3393 315 3450 latinis
347 3394 443 3450 litteris
466 3395 677 3467 eruditissimus,
693 3398 751 3454 Leo
770 3397 805 3454 de
857 3410 900 3462 ter
913 3419 980 3460 eum
999 3402 1136 3476 episcopis
1154 3418 1254 3475 corpus
1265 3402 1380 3459 Domini
1392 3402 1511 3475 conficit,
1525 3401 1659 3461 diaconus

115 3488 150 3544 rei
162 3488 285 3560 negotio,
308 3495 378 3559 egat,
395 3498 441 3544 tua
455 3489 600 3546 euriositas
614 3490 715 3562 absque
729 3490 804 3547 omui
857 3512 939 3570 super
951 3495 1037 3554 altare
1059 3495 1213 3554 ministeria
1225 3494 1345 3565 ordinat,
1361 3495 1483 3569 ipsisque
1498 3496 1574 3570 prior
1593 3496 1659 3554 cali·

115 3598 131 3637 o
148 3582 314 3639 memoriam
335 3582 458 3639 redueat.
473 3581 547 3653 Quid
561 3598 630 3655 opus
644 3591 686 3640 est
698 3583 804 3641 verbis?
857 3605 919 3646 cem
933 3587 1057 3663 porrigit,
1072 3576 1152 3662 mque
1171 3588 1370 3646 communicat.
1395 3587 1466 3661 Quid
1482 3588 1660 3663 Paphuueius

137 3675 217 3733 dolor
242 3685 338 3732 nostro
352 3675 466 3732 similis.
857 3683 888 3740 in
901 3683 942 3740 eis
963 3699 1020 3740 noo
1032 3681 1142 3741 invenio
1156 3683 1314 3740 discernere
1328 3682 1428 3740 valeat.
1590 3678 1596 3689 “

117 3788 145 3829 m
156 3781 194 3843 te,
207 3773 247 3829 mi
260 3772 356 3839 irater,
372 3781 469 3829 notare
484 3773 652 3845 Gregorium
663 3780 745 3847 atque
758 3774 803 3830 Si·
893 3779 949 3832 lsta
963 3774 1055 3833 omnia
1068 3791 1125 3832 uon
1149 3775 1199 3832 tibi
1219 3773 1269 3832 sed
1283 3775 1364 3832 alicui
1386 3773 1521 3832 internato
1535 3773 1586 3831 sali
1600 3780 1661 3847 tam

126 3866 326 3940 aliquantulum
349 3865 377 3922 iu
398 3866 447 3923 ista
471 3883 510 3936 re,
534 3868 576 3923 uti
598 3867 668 3924 mibi
685 3867 804 3934 videtur,
857 3869 1021 3927 enucleatim
1032 3868 1133 3927 debent
1145 3868 1288 3926 inculcari.
1304 3867 1412 3925 Sufficit
1426 3867 1460 3925 de
1470 3867 1533 3925 hoc.
1546 3868 1571 3926 0
1584 3882 1661 3925 mere

114 3959 288 4017 edissenare.
312 3960 521 4019 Promotiooem
536 3976 610 4027 vero,
635 3976 718 4034 quam
738 3960 803 4018 Siri-
857 3962 1031 4035 Neptunilo
1051 3965 1144 4020 sacra!
1162 3961 1236 4019 Proh
1248 3962 1350 4042 scelus-l
1374 3976 1419 4019 me
1439 3969 1497 4019 tam
1510 3959 1660 4019 luelemen·

114 4054 186 4111 uitus
199 4054 229 4111 in
251 4051 377 4112 futurum
390 4062 506 4122 resecat,
521 4054 672 4127 Gregorius
683 4055 803 4113 diaconi·
857 4064 899 4112 ter
921 4056 950 4113 iu
973 4071 1005 4113 os
1029 4055 1166 4129 increpari
1173 4074 1181 4124 3
1204 4056 1319 4128 iusuper
1341 4055 1370 4112 iu
1385 4055 1530 4129 pistrinum
1545 4054 1659 4123 retrudi,

113 4157 191 4220 npter
211 4148 312 4221 prioris
326 4149 414 4222 cnlpae
437 4149 588 4216 maculam,
611 4148 633 4204 si
656 4149 754 4204 vellent
775 4149 804 4204 io
857 4150 931 4221 quod
944 4165 979 4207 ue
992 4148 1089 4207 iuuem
1101 4150 1259 4224 tibimetipsi
1274 4150 1310 4206 ad
1323 4165 1435 4207 erucem
1450 4147 1661 4221 portares,lldo-

116 4244 184 4299 dum
198 4243 348 4307 continere,
368 4259 424 4299 uon
448 4241 576 4314 denegat.
603 4241 718 4299 Slrieius
739 4257 804 4299 vero
858 4243 919 4300 liter
931 4244 1096 4317 praemonui.
1110 4245 1242 4314 Quamvis
1256 4244 1328 4316 apud
1339 4246 1431 4300 Deum
1447 4259 1503 4299 uon
1518 4243 1555 4299 sit
1566 4256 1661 4316 perso·

113 4351 151 4407 os,
172 4351 241 4408 quos
263 4337 313 4393 nisi
336 4336 478 4409 proposito
499 4336 674 4408 meutispost
695 4343 805 4408 tempus
858 4353 959 4394 uamm
978 4338 1110 4409 acceptio,
1137 4338 1247 4409 iusuper
1277 4335 1418 4409 originalis
1441 4336 1470 4392 iu
1500 4336 1661 4408 baptismate

113 4430 208 4488 itatem
220 4429 346 4502 compelli
361 4447 419 4488 nou
434 4431 463 4486 in
477 4429 731 4502 tantumprobavit,
743 4445 804 4487 eos·
858 4430 965 4504 peceati
984 4431 1063 4503 meua
1082 4429 1219 4498 remissio,
1244 4428 1373 4502 quodque
1395 4445 1442 4485 me
1463 4429 1566 4486 mutire
1585 4428 1662 4485 ueiss

114 4524 260 4582 timorum
275 4524 413 4593 sentis,in
426 4533 551 4597 tempore
571 4524 598 4580 iu
610 4524 731 4597 idipsum
743 4540 805 4598 pro·
859 4512 910 4594 est,
925 4525 954 4582 in
973 4521 1070 4582 scr'obe
1087 4534 1148 4582 tum
1166 4523 1278 4593 iuiodio,
1298 4537 1472 4595 nequaquam
1492 4522 1551 4579 sinc
1571 4521 1661 4595 legiti-

112 4628 167 4677 tute
179 4618 305 4675 ordinem
316 4633 427 4690 cogens,
439 4619 474 4674 ab
488 4619 636 4692 episcopis,
649 4619 701 4675 uisi
715 4619 805 4675 couti·
861 4621 915 4676 mis
926 4619 1030 4692 nuptiis
1043 4635 1076 4676 ex
1088 4618 1163 4675 omui
1176 4627 1251 4691 parte
1265 4617 1383 4690 legitima
1401 4616 1526 4688 procedit
1536 4631 1662 4690 procren-
1703 4634 1711 4651 ¹

112 4758 114 4771 .
143 4711 298 4785 pmmoveri
322 4711 470 4785 prohibuit
511 4711 615 4769 ideireo
642 4728 713 4785 pene
739 4712 806 4769 nibil
860 4715 910 4771 tio.
932 4713 1059 4784 Qualiter
1069 4722 1163 4770 autem
1177 4711 1230 4768 hoc
1254 4710 1302 4780 sit,
1317 4709 1363 4767 fae
1381 4709 1536 4782 perieulum
1562 4709 1597 4767 de
1621 4718 1660 4766 te·

116 4807 181 4880 quin
206 4807 266 4880 eJ'us
293 4814 320 4863 et
342 4806 495 4879 Paplmueii
518 4805 654 4862 sententia
669 4806 698 4862 iu
720 4821 807 4862 uuum
861 4807 988 4880 metipso,
1007 4806 1083 4880 quod
1107 4804 1264 4878 hujusmodi
1286 4811 1401 4877 propter
1421 4819 1500 4861 meos
1519 4818 1662 4862 consacer-

112 4909 141 4957 tt.
155 4905 211 4959 lste
225 4901 259 4957 de
272 4899 427 4957 inordinate
441 4907 504 4972 post
516 4897 643 4956 ordinem
654 4898 808 4972 prohibitis,
861 4900 940 4957 dotes
958 4899 1161 4958 dissimulatum
1185 4897 1218 4955 iri
1232 4896 1369 4957 desidere.
1391 4897 1447 4957 Sed
1468 4906 1570 4969 autem,
1585 4913 1621 4955 ne
1634 4907 1662 4955 te

112 5010 171 5064 em,
193 4995 229 5052 de
243 5003 307 5052 aute
321 4994 554 5052 consecrationem
578 4993 636 5065 agit
657 4993 805 5067 usurpatis.
860 4993 1021 5053 defraudare
1041 4992 1134 5051 ridear
1155 5008 1188 5051 ex
1209 5000 1283 5063 toto,
1307 5008 1371 5050 care
1385 5009 1421 5050 ne
1436 4994 1534 5051 saltem
1546 4992 1662 5066 capiaris

122 5089 334 5157 commaticum
348 5088 395 5146 ille
406 5103 482 5156 vero,
493 5096 525 5145 ut
538 5088 578 5144 ita
586 5088 687 5157 dicam,
701 5088 736 5145 de
747 5103 809 5145 cou-
861 5089 888 5146 in
910 5100 986 5148 uno.
999 5085 1139 5163 Quidquid
1156 5087 1231 5146 euim
1244 5086 1373 5146 convenit
1387 5087 1468 5161 parti,
1483 5086 1611 5145 convenit
1634 5095 1662 5144 et

112 5184 186 5240 ioue.
197 5186 254 5241 ileo
266 5191 377 5256 propter
387 5181 441 5240 hoe
453 5192 551 5239 neuter
561 5197 669 5249 eorum,
685 5181 726 5238 uti
737 5181 807 5238 mihi
860 5182 922 5240 toti.

111 5294 127 5346 ·,
141 5278 270 5351 ineliquo
284 5277 423 5334 canonicis
444 5275 563 5334 decretis
588 5275 717 5334 reluctari
731 5275 809 5333 vide·
897 5275 1003 5335 Dehoc
1023 5275 1097 5351 qnod
1117 5273 1186 5335 mihi
1198 5274 1360 5351 mteripsisti
1381 5291 1457 5334 meas
1476 5272 1662 5331 littarasmsle

111 5371 161 5430 rod
180 5371 227 5431 nbi
241 5372 366 5429 noudum
392 5370 543 5444 perlegam
566 5370 685 5444 cognitio
704 5369 806 5442 peeoatl
860 5378 982 5428 tornatas
998 5370 1237 5441 esse,retieersm,
1251 5371 1275 5428 si
1289 5386 1347 5428 nou
1360 5384 1453 5427 eoram
1466 5366 1660 5439 melseomps-

111 5474 173 5537 rtur,
198 5467 290 5541 potius
303 5464 428 5525 suasoria
442 5464 594 5522 admonitio
613 5480 699 5539 quam
716 5465 808 5537 legalis
859 5463 961 5533 triotis,
979 5465 1074 5523 nescio
1088 5480 1143 5538 qua
1156 5481 1248 5531 eausa,
1264 5481 1309 5523 me
1328 5473 1386 5522 mm
1399 5460 1519 5534 turpiter
1542 5459 1663 5520 dehotm

110 5561 325 5630 iocssrceamr,
347 5569 396 5618 aut
421 5559 449 5616 in
470 5567 596 5632 tempore
618 5558 751 5632 injustum
765 5558 806 5614 in·
859 5557 925 5615 stari
951 5572 1026 5633 aegre
1045 5558 1181 5616 tulissem.
1211 5560 1273 5629 Qua
1286 5558 1321 5615 de
1336 5572 1377 5625 re,
1399 5556 1462 5612 lieet
1476 5555 1564 5630 magis
1577 5553 1663 5630 ipsius

110 5661 167 5720 tar,
184 5663 233 5712 sut
252 5653 342 5711 sihoc
358 5653 431 5711 male
449 5653 604 5727 negligitur,
619 5652 808 5709 circumvolu·
859 5667 955 5709 seosus
974 5650 1121 5711 intentioni
1140 5668 1225 5726 quam
1250 5648 1415 5723 pompaticae
1434 5649 1579 5723 positionis
1599 5664 1663 5724 pro·

110 5745 342 5805 tliuteamioibus'
363 5745 492 5806 funiculis
511 5746 645 5820 propheta
657 5757 739 5821 puteo
758 5762 807 5805 er·
859 5746 967 5820 prietati
986 5745 1097 5814 inillis,
1118 5745 1355 5819 quemadmodum
1375 5742 1406 5801 iu
1429 5743 1499 5812 istis,
1513 5743 1662 5813 inhiarem,

110 5842 235 5911 utilior.
248 5843 395 5911 xxxvto).
859 5839 1194 5901 tamensiunirersaliter
1210 5851 1267 5896 nen
1279 5834 1526 5915 reprehensam
1542 5837 1667 5910 pertica·
1755 5914 1759 5921 Ι
