3870 6164
139 277 208 333 itas
360 243 364 249 ’
455 240 461 249 ’
640 272 685 326 ao
704 270 818 326 onena
838 269 867 325 s.
885 267 1044 344 assoonp
1063 266 1281 324 annnsnrcss
1734 262 1790 321 rur

138 399 301 467 immobilis,
312 407 340 454 et
351 411 485 468 nusquam
498 394 592 451 favore
602 395 644 452 rei
658 396 756 468 pratia,
771 403 877 452 terrore
891 393 933 451 vel
948 398 976 462 Α
989 393 1047 466 eJns
1059 392 1253 450 adhuccereus
1266 399 1293 449 et
1306 389 1433 448 indocilis
1445 387 1629 447 formaretur
1643 384 1682 443 ad
1695 386 1788 456 ambit

28 492 31 497 '
100 486 936 550 ⁸muuereiuilectiturastatucanonicaerectitudiuis.ilui—
989 488 1109 545 dicentcs
1129 495 1158 543 et
1176 485 1309 543 docentes
1332 484 1434 544 solium
1458 480 1543 557 regni
1558 480 1624 555 cjus
1646 480 1790 540 nullatenu

141 588 175 643 tis
190 588 282 657 itaque
300 583 403 640 nuntiis
418 581 556 639 hincinde
570 583 660 639 missis
675 591 702 639 et
717 582 850 651 remissis,
864 581 937 637 mul·
990 597 1069 655 posse
1085 580 1209 650 stabiliri,
1227 581 1277 639 nisi
1289 579 1413 638 firmetur
1425 577 1538 651 jnstitia
1559 583 1591 633 ct
1603 574 1791 636 observatione

140 680 175 735 tis
193 694 304 751 quoqne
325 677 422 734 diebus
438 677 504 733 huic
517 676 664 734 audientias
680 676 827 749 delegatis,
846 684 874 732 et
887 691 935 732 co·
990 677 1184 734 mandatorum
1198 677 1259 734 Dei.

137 773 261 845 gnitores
274 772 497 846 [cognitionibus]
519 787 611 828 causae
635 771 766 844 principis
785 777 937 842 occupante
1025 773 1155 829 Summus
1179 779 1274 828 antem
1297 770 1344 827 iiie
1369 768 1556 826 dominorum
1580 767 1732 835 Dominus,
1753 772 1791 841 qui

139 875 275 941 precepto
290 881 345 923 non
355 866 484 940 impletis,
499 881 562 922 eum
574 864 696 921 Ecclesia
707 862 936 931 constantiensis,
989 865 1225 938 omnipotentatui
1240 864 1410 932 dominatur,
1424 862 1461 921 iia
1481 859 1662 935 temperavit
1675 862 1792 920 animm

140 976 190 1017 suo
212 959 320 1017 uiduata
336 967 459 1031 pastore,
475 959 533 1031 jam
556 957 613 1016 iere
639 957 748 1014 biennio
775 955 936 1013 sacerdotali
990 961 1128 1034 principis,
1140 960 1177 1016 ita
1191 960 1331 1030 mitigavit
1341 972 1404 1015 enm
1419 956 1453 1014 ad
1469 957 1559 1013 verba
1575 963 1692 1013 sanctae
1707 957 1793 1014 ethor-

141 1062 247 1112 careret
269 1053 472 1122 benedictione,
491 1053 621 1120 tandem,
635 1051 812 1107 miseratione
835 1048 936 1123 divina,
989 1054 1100 1111 tationis
1114 1062 1146 1109 ut
1159 1054 1233 1110 nulla
1255 1051 1368 1126 juvenili
1389 1058 1553 1108 moreretur
1574 1049 1741 1119 acerbitate,
1760 1061 1792 1117 st,

141 1149 267 1220 potestati
280 1146 498 1221 praepondemvit
511 1146 670 1212 auctoritas,
685 1154 713 1201 et
726 1144 829 1201 Christi
846 1159 936 1200 sacer·
990 1149 1064 1221 quod
1087 1149 1115 1205 in
1130 1146 1310 1221 potestatibus
1331 1145 1441 1205 difficile
1454 1153 1515 1214 est,
1540 1144 1626 1201 nulla
1647 1145 1793 1202 sacerdotes

44 1292 49 1302 .
140 1241 251 1299 dotibus
261 1241 354 1300 divina
367 1241 499 1313 aspiravit
511 1239 646 1296 voluntas.
658 1238 740 1296 Unde
754 1242 852 1294 eo'rnm
863 1252 937 1293 com·
991 1244 1118 1299 insolenti
1133 1241 1441 1314 laederetrcspousionet
1455 1239 1593 1296 multum
1607 1247 1792 1297 tamenscer·

141 1337 220 1393 muni
241 1351 354 1392 assensu
375 1333 514 1407 synodaiis
528 1332 635 1391 concilii
657 1340 732 1388 certa
759 1331 937 1404 legitimaque
990 1352 1100 1405 crasans,
1116 1338 1144 1393 in
1163 1337 1216 1393 hoc
1230 1351 1288 1393 suta
1299 1336 1441 1408 potestatis
1454 1334 1535 1392 dono
1550 1333 1668 1390 nnllam
1688 1349 1792 1392 sessu

140 1429 199 1487 dies
221 1428 410 1496 denuntiatur,
424 1436 452 1484 ot
469 1427 693 1500 coepiscoporum
719 1424 883 1483 unanimitas
903 1423 937 1481 ad
990 1433 1078 1488 ruisse
1088 1431 1273 1497 venalitatem,
1286 1429 1390 1486 nullam
1408 1444 1496 1502 srrper
1509 1427 1566 1484 hae
1581 1442 1617 1485 re
1630 1443 1698 1485 cum
1708 1427 1793 1485 aeden

141 1522 285 1579 concilium
296 1522 444 1591 inritatnrt
460 1537 578 1593 quornm
597 1520 652 1590 aiii,
668 1528 698 1576 ut
710 1518 863 1592 oportebat,
879 1519 937 1574 sinc
991 1526 1090 1583 cirola
1110 1540 1140 1582 ss
1160 1526 1294 1598 pepigisse
1314 1523 1546 1581 conventionem.
1564 1523 1598 1580 Si
1623 1521 1693 1596 quid
1713 1531 1794 1579 anim

142 1616 271 1674 dilatione
295 1614 459 1685 adfueruntt
483 1615 530 1672 alii
555 1631 629 1683 vero,
655 1615 702 1686 qui
717 1622 790 1670 certa
804 1612 838 1670 de
854 1627 937 1695 causa
992 1636 1057 1677 enni
1071 1619 1228 1676 demereris
1247 1627 1276 1675 et
1294 1616 1479 1674 familiaribus
1502 1617 1580 1685 stris,
1597 1624 1794 1690 prepternpsn

34 1736 40 1745 ·
141 1710 236 1768 admsc
252 1726 308 1767 non
327 1717 465 1782 poterant,
492 1709 624 1765 canonice
645 1708 766 1763 excusati
792 1705 938 1778 subparem
993 1713 1206 1783 intercessionis,
1222 1714 1282 1784 ipso
1299 1713 1453 1785 ignorante,
1473 1712 1639 1784 pepigerit.
1660 1726 1793 1769 murnum

141 1805 315 1877 praesentiam
326 1804 426 1860 vicario
443 1803 577 1876 legatione
591 1803 794 1874 sultliieverunl·
955 1805 980 1871 B
994 1824 1052 1866 esse
1063 1807 1251 1878 accusarem!
1261 1821 1401 1864 excusare.
1412 1807 1550 1879 Hoeipse
1563 1803 1684 1862 viderit.
1698 1805 1793 1863 uetu-

178 1900 271 1956 Ptimo
293 1897 377 1972 igitur
399 1897 507 1956 aoncilii
523 1897 584 1966 die,
608 1912 691 1970 quem
713 1903 817 1952 sancia)
841 1895 938 1951 hlatiae
991 1914 1126 1961 stravere
1140 1918 1295 1976 sua‚qunm
1309 1902 1347 1958 illi
1362 1910 1479 1974 propter
1495 1901 1656 1973 antiquam
1670 1901 1793 1973 inptaepu·

141 1992 274 2050 dormitio
293 2001 360 2049 ilinc
373 1991 586 2049 ceiebei'i'imttln
605 1989 763 2057 exhibebat,
780 1989 937 2060 ctimspiii·
992 1997 1081 2054 situm
1103 1996 1320 2054 benevolentiam
1335 1996 1429 2068 gratia)
1454 2011 1520 2053 gua
1534 1995 1655 2053 donum
1679 1994 1790 2068 pumtii,

81 2092 88 2101 '
143 2085 225 2144 tualis
244 2088 327 2143 curiae
341 2094 492 2155 senatores,
508 2084 698 2157 patrocinante
712 2083 815 2156 Spiritu
829 2090 937 2150 saneto,
993 2107 1104 2149 emnem
1130 2091 1251 2150 traritite
1263 2091 1353 2148 labere
1376 2090 1446 2148 diris
1474 2104 1508 2146 se
1527 2098 1679 2160 exstitere,
1696 2087 1789 2161 stret

142 2179 212 2237 intra
224 2181 329 2253 rugiam
345 2180 457 2251 tlajoris
469 2179 608 2245 Eoeitsiae,
621 2186 682 2233 aitte
696 2176 831 2233 cancellos
844 2175 940 2232 ditari!
991 2186 1049 2259 ipse
1062 2185 1221 2258 simplicitet·
1239 2184 1304 2241 fecit
1317 2185 1340 2240 si
1357 2184 1401 2241 illo
1418 2199 1537 2242 veneno
1554 2184 1679 2257 aiiwjm
1695 2182 1789 2240 miili!

143 2274 353 2346 immittitis
375 2272 519 2345 swithini,
547 2271 622 2345 qu⁰d
650 2271 677 2326 5¹¹
699 2269 824 2327 ⁰fi0⁰l³¹i
845 2267 940 2325 absside
993 2279 1156 2352 corruperit,
1167 2293 1197 2335 se
1215 2277 1251 2335 ob
1265 2277 1294 2334 id
1308 2278 1408 2336 divine
1422 2279 1555 2350 iustitias
1569 2279 1651 2335 nolle
1664 2279 1789 2335 emutire.

144 2366 302 2423 confectum
314 2374 367 2433 elli,
377 2364 571 2422 convenissent
579 2365 608 2420 in
623 2379 722 2431 liuilni,
734 2364 837 2434 primo,
847 2370 878 2418 tlt
891 2377 940 2433 pai·
1026 2375 1086 2429 Hac
1103 2380 1196 2430 autem
1212 2372 1313 2430 salubri
1327 2371 1580 2430 sppmoeinafiom
1601 2387 1670 2430 cum
1688 2370 1790 2430 m

143 2467 211 2528 orat,
227 2467 329 2515 sancte
341 2465 369 2514 et
386 2457 534 2514 individuae
547 2456 673 2513 'trinitati
690 2454 796 2513 debitas
816 2454 941 2511 referunt
994 2467 1069 2524 tibur
1081 2464 1259 2535 habitetur,
1272 2466 1791 2525 etsttttttntomittum‚pt1ptcen

144 2552 292 2625 gratiarum
304 2551 436 2618 actiones,
452 2558 480 2606 et
493 2566 543 2622 pro
562 2549 693 2606 incolumi
708 2549 794 2605 totius
809 2549 940 2605 Ecclesiae
993 2560 1152 2617 statuentis
1164 2559 1322 2632 designatus
1341 2561 1555 2617 intromittitur
1579 2560 1617 2617 td
1635 2559 1790 2618 tentatum,

145 2645 431 2717 statnsupplicesDeo
443 2642 564 2700 oiierunt
575 2659 683 2716 prensat
698 2642 870 2715 deindepost
881 2658 942 2698 mu·
994 2654 1103 2711 ,tntum
1126 2653 1207 2711 etjam
1231 2669 1281 2726 pto
1304 2653 1411 2711 smper,
1434 2655 1682 2712 eonttanttem
1704 2654 1792 2717 ciffi,

147 2747 222 2796 tuam
243 2736 362 2795 fratrum
375 2738 578 2802 salutationem,
599 2745 627 2793 et
639 2736 762 2793 debitam
775 2736 881 2794 sfflnm
900 2751 943 2792 re-
995 2749 1167 2820 ptttttttnttt
1187 2763 1235 2821 pet·
1255 2748 1361 2821 ttgattt
1374 2755 1407 2804 ut
1428 2756 1462 2804 tt
1485 2749 1544 2821 ppei
1560 2756 1735 2806 „temtus
1753 2746 1791 2802 tt.

144 2834 341 2905 cognitionem,
353 2833 432 2905 juxta
448 2832 635 2889 authenticam
652 2839 773 2903 paternae
787 2829 943 2888 traditionis
995 2839 1079 2898 mitti,
1094 2844 1173 2898 Tune
1192 2855 1258 2898 rere
1273 2841 1377 2897 vitlem
1389 2839 1546 2898 letissima
1561 2850 1668 2900 stuttg
1685 2841 1794 2899 &risit

144 2928 296 3002 synodum,
317 2925 466 2985 confertum
484 2925 520 2982 ad
539 2925 654 2982 inuicem
666 2923 702 2981 de
716 2925 831 2981 ueritate
845 2923 942 2980 catho—
996 2935 1134 3008 ganniret
1148 2949 1210 2991 rere
1220 2933 1316 2991 mnndi
1331 2934 1498 2992 eonvenisse
1512 2934 1681 3006 luminaris,
1697 2932 1791 3007 qnando

144 3022 204 3080 lica
216 3021 290 3089 ildei,
308 3020 472 3078 damnantes
485 3020 627 3077 Simonem
645 3028 674 3076 et
687 3034 784 3076 omnes
796 3017 942 3076 baercsiar-
995 3029 1223 3102 eirenrninlgebat
1244 3029 1344 3086 nobilis
1362 3044 1469 3085 eoronn
1492 3045 1651 3088 sacrorum
1671 3029 1794 3095 ordinum,

43 3198 46 3203 Ι
144 3115 211 3173 chas
220 3130 285 3172 cum
294 3113 470 3186 dogmatibus
483 3113 541 3170 suis
553 3120 582 3169 et
593 3112 760 3184 sequacibus
773 3113 839 3182 suis,
855 3127 941 3185 panca
996 3125 1065 3181 visis
1085 3133 1223 3196 gemmata
1244 3121 1377 3194 lapidibus
1395 3122 1504 3179 Christi
1528 3124 1722 3192 sacerdotnm,
1735 3122 1796 3177 sciti

145 3225 195 3282 1)Γο
207 3218 333 3281 timim
348 3216 466 3265 illiciam
480 3207 515 3264 di
530 3207 661 3280 qualium
678 3206 803 3263 insiafliss
817 3207 939 3279 ”timii
995 3217 1147 3292 fulgoribus
1159 3217 1318 3274 micantium
1327 3225 1481 3273 astronom.
1490 3219 1584 3275 Tunc
1595 3214 1795 3275 canduerrrbaut

145 3318 177 3360 ae
185 3304 225 3361 sic
234 3303 359 3368 demum,
373 3310 484 3375 propter
495 3300 656 3358 celebranda
665 3308 749 3357 tantre
759 3299 943 3358 solemnitatis
996 3293 1791 3386 gloriamDti‚etrernnnr'ernetaltatrlies‹lieiffsntnrnrt

145 3398 247 3465 oldaia,
272 3397 384 3454 solvunt
397 3395 556 3464 concilium,
580 3394 701 3452 crastino
724 3394 860 3473 maturius
882 3394 943 3452 red·
995 3405 1108 3479 quinne
1125 3404 1253 3463 steriles
1273 3402 1410 3462 marranti
1431 3406 1617 3462 sententiani
1631 3404 1739 3478 jnstit'ae
1755 3415 1793 3456 er·

147 3492 211 3549 ituri
224 3491 251 3547 in
261 3490 390 3563 idipsum·
996 3500 1134 3573 ponebat,
1148 3507 1176 3556 et
1189 3508 1315 3556 sanctam
1329 3497 1482 3554 &eleuant
1502 3499 1640 3557 salutaris
1653 3511 1743 3554 comm
1753 3493 1794 3549 do

181 3583 442 3651 reiteraverunt,
458 3591 533 3640 certa
547 3583 654 3640 concilii
668 3582 749 3650 nora,
762 3597 827 3639 eum
841 3583 942 3640 iurum
997 3589 1792 3665 etrruauuruuu.sunevuauecuonrssuperuuueuu

146 3679 284 3748 apostolici
299 3676 455 3734 sacerdotes
468 3677 498 3733 in
511 3692 599 3734 unum
612 3677 813 3744 convenissent,
828 3685 857 3734 et
875 3691 944 3748 prae-
997 3687 1169 3744 ambrosium
1182 3688 1316 3759 liquorem
1328 3684 1415 3742 saneti
1429 3684 1574 3758 Spiritus,
1592 3695 1620 3743 et
1637 3685 1703 3759 iusti
1722 3682 1792 3752 inite

147 3771 238 3827 missis
264 3775 323 3826 Deo
338 3769 462 3827 laudibus
486 3779 514 3826 et
538 3770 673 3843 precibus,
696 3778 723 3828 et
744 3769 857 3828 salutari
880 3770 944 3828 sede
998 3782 1150 3839 nnntsient
1167 3780 1298 3854 splendor
1318 3779 1490 3836 firmamenti
1512 3786 1603 3849 (Dan.
1626 3773 1790 3851 uniuersis

147 3862 334 3920 consedissent
351 3867 454 3932 (1460),
478 3864 551 3936 qnod
573 3864 674 3937 cuique
693 3864 827 3921 sacerdoti
843 3865 872 3921 in
894 3880 944 3923 sua
998 3875 1155 3932 secerdotes
1181 3874 1294 3931 Domini
1314 3873 1396 3930 verba
1418 3874 1591 3945 sapientias,
1618 3874 1692 3929 velut
1715 3869 1786 3926 nube

148 3956 262 4014 dioecesi
284 3955 358 4012 venit
372 3956 399 4010 in
413 3955 539 4022 dubium,
563 3957 716 4013 rationabili
732 3958 876 4028 disciplina
895 3957 945 4016 de·
1000 3969 1137 4041 plrrelrent,
1153 3975 1182 4025 et
1195 3967 1277 4025 eorda
1291 3967 1460 4024 audientium
1476 3967 1562 4024 velut
1582 3974 1687 4024 terram
1709 3960 1785 4020 lucd-

148 4050 250 4107 dncunt
264 4048 299 4106 ad
314 4048 451 4119 medinm,
464 4057 501 4117 et,
515 4057 597 4121 prout
608 4064 652 4104 res
667 4050 829 4121 postulabat,
845 4067 945 4108 nnum-
999 4061 1084 4120 ierntn
1099 4062 1134 4119 etl
1144 4061 1357 4136 germinandum
1371 4058 1575 4118 infundebant

147 4145 277 4221 qnodque
291 4152 439 4201 hastatum
452 4151 500 4201 aut
516 4144 693 4202 terminatum
707 4151 748 4201 est
762 4144 887 4219 synodali
903 4146 971 4245 jue}
1035 4157 1087 4213 llis
1098 4170 1162 4229 ergo
1178 4155 1216 4212 ita
1226 4153 1366 4228 dispositis
1378 4161 1408 4210 ct
1420 4151 1516 4227 digito
1528 4153 1584 4211 Dei
1597 4144 1783 4212 ordinaotsd'}

148 4242 231 4299 dicio.
950 4238 954 4245 “
999 4250 1102 4316 tinctis,
1116 4249 1225 4322 rituque
1240 4247 1435 4318 admittuntur,
1447 4246 1614 4319 pmdiams
1633 4246 1721 4304 subet
1735 4240 1784 4297 Gt·

183 4336 252 4393 iliud
263 4351 328 4393 vero
341 4335 418 4409 qnod
431 4336 552 4392 maxime
563 4336 591 4392 in
604 4351 686 4393 carisa
696 4335 757 4406 luit,
772 4335 805 4393 de
814 4338 947 4395 Constan-
999 4344 1086 4412 relus,
1097 4351 1125 4400 et
1139 4343 1167 4399 hi
1181 4342 1227 4415 qni
1242 4340 1463 4399 accusationibus
1477 4341 1638 4413 pulsabant
1651 4349 1788 4414 personam.

150 4429 227 4486 tiensi
237 4431 374 4504 apposito,
390 4430 461 4486 inter
473 4428 574 4487 iratres
587 4429 707 4486 studiose
722 4431 884 4497 ventilatnrt
896 4428 945 4487 sed
1000 4438 1092 4493 Prinne
1105 4437 1213 4494 natione
1226 4433 1501 4508 regularispraelstus
1515 4431 1739 4493 Constantieasis
1747 4431 1790 4484 lle

149 4523 344 4581 interveniente
358 4523 487 4596 principis
498 4523 638 4591 mandato,
654 4525 681 4580 in
695 4533 856 4597 sequentem
871 4523 945 4580 diem
999 4531 1090 4587 elusim
1099 4529 1213 4603 protulit
1221 4529 1342 4586 libellum
1348 4528 1551 4596 assumtionis,
1565 4528 1600 4586 in
1614 4544 1672 4602 quo
1684 4524 1791 4583 mcum

151 4619 377 4688 procrastinatur,
392 4618 537 4691 agentibus
555 4619 730 4675 internuntiis
743 4626 774 4675 ut
793 4617 947 4675 sacerdotes
959 4574 987 4645 D
1000 4624 1197 4682 banturrnnsss
1206 4622 1305 4695 quibus
1318 4620 1446 4694 indignus
1459 4619 1632 4691 haberemur,
1646 4619 1795 4693 etinliwr

151 4710 261 4765 Domini
276 4726 292 4767 a
312 4712 475 4769 constantiae
488 4727 545 4770 sure
559 4713 649 4785 rigore
660 4711 695 4768 ad
710 4713 812 4785 regiam
824 4727 854 4768 se
866 4713 944 4769 iniie-
998 4715 1388 4788 tursacramentoapostoiicse
1397 4713 1622 4772 benedictionis.
1631 4708 1795 4787 anmlr'r

150 4811 256 4860 sterent
269 4804 453 4875 voiuntatemt
476 4806 535 4863 aliis
549 4805 714 4863 instantibus
738 4814 769 4862 ut
788 4807 945 4879 designatus
999 4827 1045 4867 ma
1060 4819 1086 4868 et
1101 4809 1226 4868 maxima
1237 4817 1306 4877 erat,
1319 4806 1395 4881 quod
1417 4807 1549 4880 exemplo
1564 4808 1696 4882 magum
1709 4805 1747 4864 sni
1765 4802 1796 4861 S'r

151 4897 194 4954 ille
204 4896 278 4954 maie
290 4909 451 4969 usurpatum
458 4908 554 4972 sponte
566 4900 716 4957 dimitteret
725 4900 868 4956 honorem.
880 4903 946 4957 Ter-
1000 4905 1089 4960 risonis
1098 4901 1228 4975 pestiferi,
1243 4917 1291 4975 per
1303 4900 1445 4974 peottniam
1456 4899 1617 4960 inruisset
1635 4900 1745 4966 sedam
1757 4909 1798 4954 er·

150 4992 186 5047 tia
206 5006 272 5048 sero
286 4990 338 5059 die,
354 4991 454 5048 Christi
467 4994 631 5059 sacerdotes,
654 4993 736 5066 hrrjus
750 4993 851 5066 negotii
865 4994 946 5067 ionga
1001 5007 1058 5055 tera
1071 4999 1174 5064 omnia,
1194 5010 1257 5070 quac
1274 4995 1312 5052 ibi
1328 4994 1503 5068 legebantur,
1520 4990 1798 5068 proclamabantur

150 5083 356 5157 exspectatione
377 5086 512 5156 suspensi,
531 5095 560 5145 et
578 5087 664 5146 libera
679 5088 799 5161 quadam
820 5087 946 5161 indigua·
1001 5090 1103 5148 lentum
1121 5089 1246 5165 ejusdem
1266 5088 1394 5146 &eleum
1410 5086 1659 5147 devastationem.
1675 5089 1724 5146 liic
1738 5085 1797 5142 hu

150 5181 234 5249 tione,
249 5181 305 5236 imo
319 5179 500 5252 zeiojustitiae
511 5183 629 5250 accensi,
643 5181 806 5239 sacerdotali
820 5191 948 5239 constan·
1002 5181 1130 5255 praelatus
1150 5188 1178 5237 et
1191 5179 1290 5237 iratres
1311 5179 1371 5251 ejus
1392 5174 1438 5249 qui
1451 5175 1581 5234 aderaut
1596 5178 1671 5237 itam
1696 5175 1799 5234 ollem!

152 5273 189 5329 tia
203 5275 355 5347 principem
366 5289 449 5332 suum
463 5273 576 5343 adeunt,
597 5291 715 5350 eumque
735 5276 770 5334 ds
787 5277 874 5333 salute
888 5277 948 5333 ani·
1001 5290 1060 5333 sure
1072 5273 1272 5332 testificationis
1284 5270 1403 5339 libellos,
1416 5269 1565 5342 inquibus
1579 5272 1702 5347 singuli,
1716 5280 1797 5328 nom

155 5383 207 5424 mre
219 5382 286 5438 snas,
303 5368 337 5425 de
352 5384 417 5440 paee
428 5367 627 5437 Ecclesiarum,
639 5369 728 5443 deque
739 5379 813 5428 statu
825 5371 883 5442 regi
897 5374 950 5440 [re-
1003 5378 1031 5427 ct
1043 5369 1169 5426 elicium
1186 5381 1270 5425 sunm
1291 5365 1478 5439 destruantur,
1501 5364 1652 5439 qtn'dqnid
1667 5358 1799 5424 sceuss

154 5460 210 5534 gui]
231 5461 368 5533 spirituaii
387 5462 531 5536 disciplina
554 5464 741 5534 conveniunt,
764 5473 950 5538 proponentes
1003 5464 1044 5521 rel
1062 5460 1231 5520 testificando
1247 5464 1455 5535 proposuerant,
1477 5468 1622 5520 mutuat
1641 5476 1676 5520 ss
1692 5456 1797 5519 eud

153 5553 178 5610 ci
191 5552 227 5610 de
238 5555 385 5627 scripturis
404 5563 433 5612 et
445 5556 530 5630 gestis
540 5557 649 5615 Veteris
660 5573 691 5614 ac
702 5559 772 5615 ilovi
782 5559 951 5617 Testamenti
973 5558 978 5579 ³
1006 5557 1187 5631 probaturos.

155 5661 275 5719 conum
296 5648 429 5707 doctrine
441 5652 570 5710 salutaris
584 5653 709 5725 exempla
730 5653 830 5725 quibu
844 5654 951 5711 animus
1041 5650 1156 5711 caroius
1168 5657 1283 5709 ccouus
1303 5646 1401 5706 nititur
1419 5646 1592 5720 turmam
1612 5640 1794 5725 pernam&i

192 5837 284 5905 (1460)
298 5835 361 5895 Vid.
377 5835 431 5893 loc.
449 5840 542 5898 mend.
