3870 6164
45 253 194 344 ¹soa

497 200 707 306 sattttleduuu
727 248 771 304 vll
790 248 864 305 OPP.
884 246 972 305 PARS
991 248 1037 304 lll.
1056 277 1091 289 -
1108 243 1266 304 coheleth
1284 244 1438 303 ΗΟΜΑΝΑ.

1739 242 1789 299 sul

142 377 272 436 abbatem
286 377 337 434 hac
350 376 447 458 iratres
463 375 541 449 argui
556 374 658 431 merito
673 388 755 456 posse
764 391 771 430 ε
786 389 871 446 seque
884 372 975 442 ad-ll
993 372 1123 430 Ecclesiae
1145 346 1262 451 utilitate
1276 379 1305 429 et
1317 370 1481 428 necessitate
1500 368 1532 426 ln
1549 365 1732 426 lateranmi
1744 382 1790 440 pa·

144 464 238 508 versus
260 456 500 531 congregationem
522 454 647 502 nostram
670 461 791 502 severius
808 461 934 502 commo·
989 467 1055 524 pago
1073 475 1221 542 ,ggfegm
1235 465 1352 540 synodo,
1372 461 1644 522 gmumsggfflggu,
1658 459 1788 533 ΜΨ

143 521 276 588 rendum,
288 536 339 575 nisi
353 535 383 576 ea
402 535 457 592 qua
479 533 587 588 semper
601 519 691 573 locum
705 519 794 586 istum
804 516 938 573 dilexerat

143 593 273 649 charitate
286 600 432 648 teneretur.
449 589 591 672 Siquidem
610 588 777 644 tolerabilius
790 604 848 644 esse
862 589 938 644 villas

989 563 1090 634 scopis,
1112 561 1257 634 episcopis,
1277 559 1423 617 abbatibus
1447 567 1474 616 et
1496 556 1633 632 religiosis
1648 559 1789 628 Deumque

143 672 171 720 et
190 664 300 721 castella
315 663 389 735 juris
412 670 501 718 nostri
523 677 550 716 rn
570 659 692 734 praedam
709 668 737 716 et
756 659 937 730 direptionem
987 655 1148 713 timentibus
1161 655 1269 713 clericis
1283 662 1310 711 et
1324 653 1479 721 monachis,
1497 651 1532 709 de
1555 648 1788 724 suprascriptiset

142 734 214 803 dari,
229 751 312 808 quam
326 741 450 790 sanetum
469 734 571 797 locum,
586 731 685 815 ubique
699 739 835 787 terrarum
847 730 937 786 lamo·

142 806 292 872 sissimum,
310 814 397 863 tantae
415 803 573 879 ignominie
588 803 739 886 subpaeere.
753 801 806 858 Sed
820 818 877 858 non
892 802 940 858 diu

142 876 235 935 divina
260 878 326 934 ultio
344 878 427 934 dilata
446 884 497 931 est.
516 877 588 932 llam
607 890 732 948 princeps
754 872 822 929 tanti
845 881 940 930 auctor

143 949 263 1018 sceleris,
286 957 432 1020 postquam
470 947 596 1003 eeuniam
612 946 677 1002 tulit
692 945 825 1012 ecclesie,
849 946 941 1000 lumen

142 1020 247 1079 amisit.
272 1020 337 1076 lnde
354 1035 417 1075 vero
466 1019 591 1090 regorius
614 1016 642 1072 in
661 1017 775 1073 concilio
789 1015 941 1087 praesidens

143 1092 294 1158 constituit,
310 1100 340 1147 ut
349 1090 373 1147 si
384 1091 445 1162 quis
456 1092 691 1146 Nortmannorum
701 1089 741 1144 vel
753 1088 942 1160 quorumlibet

142 1164 297 1229 hominum,
316 1161 428 1235 pradia,
447 1160 622 1227 monasteria,
636 1161 722 1225 villas,
737 1158 938 1231 possessiones·

144 1249 200 1307 que
217 1233 305 1290 nostri
325 1232 487 1304 monasterii
507 1230 676 1289 cassinensis
697 1231 838 1299 invaserit,
855 1239 883 1286 et
895 1245 941 1286 se-

144 1303 235 1361 eundo
246 1322 277 1361 ac
290 1305 372 1361 tertio
382 1303 541 1361 admonitus
552 1318 609 1359 non
624 1302 819 1367 emendaverit,
833 1316 940 1358 excom·

145 1375 324 1432 municationi
335 1376 484 1448 subjaceat,
494 1390 636 1448 quousque
649 1373 806 1430 satisfaciat.
822 1397 835 1422 a

183 1450 314 1516 Quoniam
330 1450 503 1503 investituras
517 1447 707 1502 scelestarum:
717 1448 757 1500 De
773 1444 826 1501 hoc
837 1457 943 1499 canone

146 1520 203 1575 Leo
216 1519 360 1583 Ostiensis,
375 1534 435 1589 cap.
446 1523 493 1587 il,
506 1518 543 1573 ita
558 1516 654 1573 scribit
670 1535 677 1572 ι
692 1540 705 1564 «ι
723 1516 859 1572 Paridem
874 1523 944 1570 tcm-

164 1605 208 1661 us,
227 1589 383 1662 supradicto
404 1604 472 1662 papa
497 1589 630 1660 Gregorio
656 1587 792 1660 synodum
812 1587 943 1652 habente,

111 1702 113 1707 .
185 1677 202 1715 o
228 1660 310 1732 hujus
336 1660 495 1717 monasterii
516 1659 748 1725 bibliothecarius,
772 1659 817 1730 qui
843 1665 939 1730 postea

143 1731 279 1789 Ostiensis
292 1732 435 1804 episcopus
448 1731 512 1796 fuit,
528 1731 671 1801 proposuit
688 1731 766 1787 litem
785 1729 820 1786 dc
839 1745 937 1785 mona·
951 1722 976 1786 B

991 751 1052 807 aliis
1080 749 1211 810 Ecclesia
1230 748 1384 807 commodis
1409 754 1541 817 tractans,
1557 745 1622 804 haec
1645 741 1788 802 decretalia

992 845 1176 920 promulgavit
1194 844 1325 916 capitula.

1196 991 1220 1045 l.
1231 989 1388 1059 Quicunque
1396 987 1522 1050 militum,
1535 990 1592 1042 etc

1031 1132 1098 1186 llaec
1107 1135 1171 1186 sunt
1181 1127 1334 1185 beatissimi
1348 1142 1427 1200 papa·
1442 1123 1586 1200 synodalia
1598 1121 1713 1180 decreta
1721 1123 1784 1195 (pag.

995 1229 1048 1281 208
1067 1223 1193 1297 eJ'usdem
1213 1221 1327 1290 chron.)
1341 1221 1465 1278 moribus
1488 1216 1664 1292 corrigendis
1682 1214 1784 1283 idonea,

995 1325 1152 1375 sanctorum
1172 1319 1285 1373 Patnrm
1308 1314 1426 1372 decretis
1440 1327 1576 1382 consona,
1596 1311 1671 1369 coelo
1685 1317 1787 1368 rorante

995 1411 1106 1480 stillata,
1121 1409 1257 1467 universis
1269 1408 1395 1466 fidelibus
1408 1404 1588 1474 inculcanda,
1601 1402 1787 1478 amplectenda

997 1515 1081 1578 atquc
1101 1503 1226 1571 tenenda,
1240 1503 1346 1576 justitia
1362 1501 1486 1559 dictante
1497 1500 1617 1573 prolata,
1633 1497 1788 1556 tortitudine

997 1598 1139 1667 roborata,
1155 1596 1301 1671 prudentia
1322 1596 1506 1670 promulgata,
1527 1593 1728 1667 temperantiae
1740 1591 1787 1648 vir·

993 1700 1051 1750 tute
1066 1691 1192 1766 praedita.
1207 1689 1261 1749 Sed
1274 1690 1395 1764 perversi
1407 1689 1475 1748 dum
1484 1689 1626 1746 incorum
1648 1701 1745 1744 norma
1756 1684 1788 1742 vi

144 1803 345 1860 sterioSanctae
359 1801 512 1875 Sophiaedc
522 1804 689 1871 Benevento,
700 1800 775 1874 quod
788 1816 874 1872 nuper
883 1802 937 1856 Be·
992 1795 1029 1844 1ae
1050 1803 1107 1844 ⁸¹¹ae
1119 1785 1297 1858 lilliffiiaie
1315 1782 1473 1854 ⁰fs⁰⁰d⁰¹¹²2
1488 1781 1549 1840 ¹¹aess
1563 1780 1673 1857 Uimi»
1688 1778 1745 1838 ΙΝ
1754 1779 1787 1838 ff*

143 1875 287 1932 neventaui
301 1891 316 1930 a
332 1873 434 1931 ditione
447 1874 535 1930 nostri
550 1873 669 1930 eoenobii
685 1872 818 1928 violenter
831 1873 938 1928 abstra-

144 1955 249 2002 xerant.
264 1948 388 2018 Cumque
406 1961 450 2001 res
464 1945 499 2001 ad
513 1944 650 2017 judicium
661 1944 779 2001 deducta
790 1952 870 2008 esset,
887 1959 937 1999 au·

144 2016 284 2074 dientibus
306 2017 437 2073 omnihus
452 2017 569 2072 recitata
587 2023 654 2071 sunt
681 2015 776 2072 omnia
797 2014 938 2086 privilegia

144 2097 250 2155 nostra,
264 2089 363 2160 quihus
382 2087 517 2159 principes
539 2085 710 2158 Romanique
721 2085 873 2212 pontifices,
884 2084 938 2140 im·

145 2167 294 2231 peratores,
305 2174 397 2232 reges,
411 2158 504 2225 duces,
521 2158 677 2229 praedictam
690 2174 720 2214 ce
732 2158 785 2212 lam
799 2156 863 2213 huic
875 2171 937 2212 rno-

145 2231 265 2287 uasterio
276 2230 393 2286 donasse
405 2230 551 2300 probatum
561 2237 612 2295 est,
626 2228 820 2301 decretumque
834 2245 851 2285 a
863 2243 940 2284 sum·

146 2316 193 2357 mo
216 2300 344 2373 pontilice
358 2300 456 2356 cellam
478 2300 554 2356 illam
579 2300 646 2356 nihil
669 2299 705 2357 ad
731 2302 941 2356 Beneventanus

146 2371 296 2444 pertinere,
310 2372 358 2429 sed
369 2372 440 2443 juris
460 2371 545 2426 nostri
562 2379 694 2444 perpetuo
713 2387 772 2427 esse
784 2371 894 2428 debere.
908 2374 941 2426 ln

146 2442 244 2500 eadem
258 2442 325 2499 item
337 2442 445 2516 synodo
459 2443 677 2510 institutumest,
692 2450 724 2498 ut
733 2443 804 2514 quia
820 2442 889 2499 laico
901 2442 940 2498 in·

146 2513 308 2571 vestituram
326 2514 454 2571 Ecclesiae
471 2514 615 2586 acciperet,
635 2514 811 2570 anathemate
826 2521 940 2587 uterque

146 2585 321 2715 pilectelreetur,
337 2595 365 2643 et
379 2585 426 2660 qui
440 2585 545 2642 scilicet
557 2585 644 2656 daret,
655 2594 684 2642 et
697 2586 746 2659 qui
760 2585 906 2659 acciperet.
926 2608 939 2636 ι

176 2671 216 2714 aec
270 2672 297 2715 o.

292 2807 424 2856 ADDITIO
443 2811 585 2855 euterpe!
605 2809 707 2855 tasse
727 2811 752 2854 S.
773 2811 799 2854 J·

147 2918 186 2975 be
208 2917 335 2986 Gregorii
364 2917 418 2972 Vll
434 2915 490 2970 zelo
511 2914 638 2970 adversus
656 2916 837 2978 simoniacos,
852 2929 942 2970 coucu-

185 2989 317 3052 biuurios,
332 2988 468 3053 etc.,lltoec
489 2985 573 3042 babet
586 2986 659 3042 idom
673 2989 749 3056 lluqo
760 2987 940 3043 Flauiniaeeu·

991 1880 1083 1950 lichia,
1093 1879 1163 1949 haec,
1175 1879 1239 1952 quia
1248 1878 1348 1952 corrigi
1359 1877 1470 1946 nolunt,
1482 1875 1632 1934 emendari
1646 1873 1784 1949 refugient,

991 1972 1310 2047 omnimodisappsllant
1320 1969 1510 2044 impossibilia.
1526 1972 1552 2027 0
1566 1977 1786 2026 mentemmen-

992 2075 1048 2125 tem
1059 2070 1065 2123 l
1078 2084 1094 2124 o
1108 2082 1236 2141 spurcam
1246 2066 1398 2139 nequitiam
1411 2067 1418 2120 l
1435 2071 1462 2122 et
1474 2063 1680 2137 nequissimam
1692 2061 1787 2136 spurei-

992 2163 1073 2219 tiam!
1095 2159 1227 2234 Nunquid
1239 2161 1263 2217 si
1279 2159 1448 2233 perditorum
1462 2173 1554 2215 mores
1571 2157 1721 2214 hominum
1733 2170 1786 2213 cor·

993 2256 1046 2327 rigi
1068 2254 1233 2329 refugientes
1251 2251 1522 2327 desipiunt,justitia
1546 2250 1690 2320 silebitur,
1711 2250 1787 2324 pietas

993 2348 1209 2416 conculcabitur,
1224 2356 1252 2406 et
1271 2347 1461 2405 ecclesiastica
1476 2344 1730 2403 animadversionis
1741 2342 1786 2417 de

994 2441 1057 2501 dius
1086 2459 1101 2500 a
1131 2441 1267 2516 sanguine
1300 2439 1481 2515 prohibetur?
1509 2441 1556 2497 lla
1584 2438 1689 2496 rectori
1712 2451 1786 2510 quem

995 2536 1166 2594 denotaverit
1185 2534 1319 2593 sententia
1336 2534 1449 2608 hujusce
1469 2531 1688 2590 maledictionis!
1710 2529 1785 2587 male·

995 2630 1085 2689 dictus
1106 2638 1149 2688 est
1168 2629 1214 2704 qul
1233 2628 1361 2702 prohibet
1375 2627 1498 2701 gladium
1513 2642 1629 2683 suumn
1652 2623 1784 2698 sanmine.

997 2724 1127 2783 Gladium
1155 2740 1171 2781 a
1198 2723 1329 2797 sanguine
1350 2721 1497 2794 prohibere
1520 2728 1565 2777 est
1586 2717 1784 2793 praedicationis

995 2813 1110 2870 verbum
1130 2828 1145 2868 a
1164 2811 1280 2869 carnalis
1298 2808 1575 2875 vltaeinteriectione
1594 2808 1725 2865 retinere.
1748 2804 1784 2863 ol

997 2906 1070 2964 hanc
1092 2907 1175 2980 igitur
1187 2921 1312 2973 causam,
1335 2904 1399 2978 quia
1414 2902 1514 2961 scilicet
1530 2911 1661 2960 sanctam
1675 2901 1726 2959 Dei
1739 2900 1783 2957 be·

995 3001 1107 3058 clesiam
1123 3007 1227 3057 castam
1242 3014 1303 3056 esse
1318 2998 1436 3065 volebat,
1458 2997 1586 3064 liberam,
1603 3003 1686 3070 atquc
1698 2994 1782 3052 cathe

183 3062 305 3130 32'5’1'09·
320 3062 372 3115 ²⁰⁷
388 3058 512 3115 ommi
525 3058 713 3116 mmmm·
998 3112 1076 3165 cam;
1090 3095 1153 3168 quia
1165 3093 1199 3150 de
1209 3093 1364 3151 sanctuario
1376 3092 1425 3149 Dei
1439 3091 1629 3148 simoniacam
1638 3099 1666 3147 et
1677 3088 1783 3162 neophp

183 3191 365 3247 Consecratus
382 3188 465 3262 igitur
488 3185 641 3259 injustitia
660 3193 687 3243 et
708 3183 853 3242 sanctitate
873 3184 944 3242 miro
960 3167 1091 3248 Ctorum
1116 3187 1256 3252 haeresim,
1280 3194 1307 3243 et
1325 3183 1429 3244 ioedam
1450 3183 1605 3242 libidinosae
1624 3181 1782 3257 contagioni

148 3283 233 3341 modo
247 3282 364 3341 assiduis
387 3280 457 3338 votis
475 3297 524 3353 pro
539 3297 568 3337 se
583 3290 609 3338 et
623 3296 706 3354 grege
722 3279 776 3337 sibi
795 3280 944 3337 commisso
998 3282 1177 3356 pollutionem
1191 3280 1298 3337 volebat
1313 3280 1459 3354 expellere,
1479 3278 1606 3335 membra
1622 3277 1723 3335 diaboli
1735 3290 1780 3334 cu·

147 3377 296 3445 excubans,
309 3384 425 3449 urgente
441 3375 586 3448 pastoralis
598 3373 682 3431 ollicii
697 3373 872 3442 necessitate,
885 3373 944 3431 dis·
997 3383 1097 3450 perunt
1118 3375 1148 3431 in
1167 3391 1231 3432 euru
1251 3374 1405 3448 insurgere,
1422 3382 1449 3430 et
1469 3371 1609 3445 usquead
1632 3371 1780 3446 sanguinet

147 3479 219 3529 torta
245 3486 439 3544 perversorum
466 3468 551 3526 eorda
576 3470 611 3526 ad
638 3467 814 3525 rectitudinis
845 3468 944 3525 lineam
997 3477 1232 3544 praesumpserunt
1246 3468 1273 3524 in
1290 3484 1355 3525 eum
1374 3482 1472 3524 manus
1489 3465 1613 3540 injicere,
1636 3474 1665 3522 et
1682 3474 1714 3523 ut
1730 3478 1779 3522 esu

148 3581 259 3623 summa
281 3565 306 3621 vi
330 3565 469 3637 corrigere
489 3563 591 3633 nitens,
613 3562 754 3620 veritatem
772 3562 824 3620 Dei
843 3562 945 3636 absque
999 3573 1088 3622 morte
1106 3564 1148 3621 vel
1163 3563 1261 3621 exsilio
1279 3560 1489 3627 confunderent,
1505 3560 1600 3618 multis
1624 3576 1690 3618 eum
1704 3556 1778 3616 mmlt

148 3673 274 3732 persone
289 3658 448 3729 acceptione
466 3656 595 3713 omnibus
615 3655 752 3729 patefecit,
767 3666 867 3714 nactus
882 3672 945 3713 om·
998 3658 1092 3717 conati
1113 3667 1178 3714 strnt
1202 3655 1330 3730 dejicere.
1345 3655 1390 3713 Sic
1411 3655 1529 3712 surrexit
1543 3653 1629 3711 inter·
1639 3656 1779 3728 regnutw

148 3751 225 3808 nium
237 3750 373 3807 bonorum
389 3750 563 3807 dilectionem
583 3747 620 3806 ob
634 3748 684 3806 zeli
699 3750 747 3806 Dei
758 3748 907 3817 fervorem,
920 3756 948 3806 et
998 3752 1182 3811 sacerdotium
1190 3750 1341 3822 contentio,
1352 3750 1471 3808 accrevit
1479 3748 1560 3807 solito
1569 3748 1683 3823 gravior
1693 3752 1778 3806 ends

145 3844 261 3917 iustitiae
277 3843 494 3901 exsecutionem.
517 3842 571 3899 Sed
592 3843 656 3915 quia
670 3843 744 3900 nulla
763 3852 805 3901 est
828 3843 947 3901 societas
1000 3847 1051 3904 Dei
1079 3845 1211 3904 Ecclesia
1236 3844 1387 3904 tribulatio.
1420 3844 1556 3902 Henricus
1580 3845 1658 3902 enim
1682 3835 1778 3900 flendi

149 3937 202 3995 luci
215 3937 250 3994 ad
260 3937 398 4006 tenebras,
412 3937 584 4009 perditorum
593 3935 740 3992 hominum
753 3935 848 3993 odium
860 3945 886 3993 et
900 3936 946 3993 de·
998 3938 1173 4013 imperatoris
1195 3938 1269 3996 lilius
1291 3937 1424 3996 adversus
1445 3940 1537 3995 Deum
1555 3946 1584 3995 et
1599 3946 1718 3995 matrem
1730 3947 1777 3993 ott·

148 4031 324 4097 tractionem,
336 4029 393 4087 imo
405 4029 625 4104 persecutionem
637 4029 800 4087 acerrimam
813 4029 944 4101 incurrit;
997 4034 1076 4091 nium
1105 4031 1306 4092 catholicorum
1326 4035 1485 4089 Romanam
1509 4030 1661 4089 Ecclesiam
1679 4025 1777 4104 sapuit

147 4125 252 4199 regiam
266 4133 358 4182 umen
374 4123 455 4192 viam,
475 4139 559 4195 quam
572 4123 657 4180 semel
677 4123 836 4191 intraverat,
849 4122 945 4181 incon·
998 4127 1134 4194 tumidus,
1164 4125 1211 4200 qui
1225 4125 1278 4182 vita
1303 4125 1362 4199 ejus
1385 4139 1469 4198 prava
1494 4132 1658 4183 sanctorum
1682 4122 1777 4182 earm

149 4234 256 4289 cussis,
275 4218 418 4287 immotus,
433 4234 481 4290 per
500 4234 576 4275 arma
597 4218 741 4290 iustitiae
758 4218 861 4276 dextris
880 4229 909 4276 et
928 4235 945 4276 a
998 4220 1115 4305 decretis
1129 4228 1157 4277 et
1170 4219 1309 4277 canonicis
1323 4219 1520 4278 adversabatur
1534 4217 1684 4288 institutis,
1703 4216 1777 4276 adver

148 4313 268 4371 sinistris
283 4311 394 4369 fortiter
407 4312 526 4369 incessit.
544 4315 585 4368 Ac
600 4312 818 4386 primoquidem
834 4321 944 4387 aposto·
998 4331 1045 4373 sus
1072 4318 1163 4372 Deum
1191 4322 1219 4371 et
1241 4312 1371 4372 adversus
1396 4312 1536 4372 Christum
1564 4312 1627 4387 ejus
1649 4313 1723 4382 (Act.
1744 4304 1777 4376 ul

149 4406 202 4466 lica
219 4406 395 4477 auctoritate,
418 4405 545 4463 veridicis
568 4413 729 4463 sanctorum
752 4409 866 4464 Petrum
888 4406 945 4464 ani·
998 4407 1157 4476 insurrexit,
1184 4407 1374 4466 ecclesiasticis
1390 4406 1577 4465 sanctionibus
1598 4406 1684 4481 impie
1709 4405 1778 4463 lariti

151 4510 244 4560 matus
262 4500 413 4569 sententiis,
432 4500 469 4557 ad
481 4499 680 4557 eliminandam
692 4499 875 4559 simoniacam
889 4501 944 4559 hee·
958 4537 984 4601 D
998 4501 1109 4559 rebellis
1123 4522 1129 4559 :
1141 4503 1267 4561 membra
1276 4501 1378 4559 diaboli
1397 4510 1493 4559 contra
1512 4516 1576 4558 eum
1596 4500 1746 4570 incitando,
1759 4501 1779 4552 tl

41 4622 44 4627 ·
148 4594 241 4663 resim,
256 4602 284 4652 ct
294 4593 507 4667 praecipiendam
520 4593 685 4651 clericorum
698 4595 855 4652 castitatem
870 4610 945 4651 eom·
998 4612 1096 4654 omnes
1107 4613 1177 4671 quos
1190 4597 1279 4671 potuit
1289 4596 1382 4666 minis,
1392 4594 1544 4664 blanditiis,
1559 4594 1778 4663 terroribusmt·

149 4686 225 4744 missi
237 4687 288 4744 sibi
301 4686 383 4744 officii
397 4687 489 4745 debito
505 4686 682 4745 vehementer
696 4687 806 4746 exarsit.
819 4688 940 4747 hudiant
999 4689 1112 4749 neribus
1139 4697 1235 4749 conha
1261 4707 1325 4748 eum
1345 4689 1496 4759 armando,
1520 4687 1594 4747 tacta
1613 4705 1679 4748 cum
1702 4681 1778 4746 multi

149 4781 234 4854 igitur
246 4781 295 4853 qui
313 4780 408 4838 audire
423 4782 530 4851 volunt,
545 4789 576 4839 ut
597 4782 765 4853 muniantur,
789 4783 836 4855 qui
851 4782 946 4840 audire
999 4784 1133 4861 episcopis
1144 4784 1367 4844 lothariensibus
1382 4791 1411 4841 et
1430 4782 1706 4842 Transrhenensibus
1717 4792 1778 4840 con·

149 4874 259 4945 nolunt,
269 4882 301 4930 ut
313 4873 527 4940 confundantur,
541 4890 624 4947 quam
636 4876 733 4946 libers,
744 4893 883 4950 quamque
896 4893 945 4935 ca-
1000 4880 1142 4955 positione.
1159 4878 1256 4939 Posito
1271 4879 1346 4936 enim
1365 4877 1456 4935 adhuc
1469 4877 1497 4935 in
1518 4877 1684 4936 diaconatus
1705 4870 1778 4933 olle

149 4967 252 5026 thelica
272 4983 338 5026 voce
357 4975 453 5025 contra
467 4968 580 5025 insanos
593 4969 744 5043 impiorum
758 4971 884 5041 latratus,
895 4971 946 5027 im·
999 4976 1095 5032 eodem
1122 4991 1192 5048 papa
1205 4973 1390 5046 sanctissimo,
1404 4986 1470 5034 cum
1483 4971 1518 5028 de
1529 4986 1562 5028 eo
1580 4967 1695 5029 sinistra
1710 4965 1778 5028 etit·

150 5063 249 5137 piaque
264 5060 420 5130 molimina,
434 5077 572 5136 aususque
586 5061 722 5123 nefandos
736 5064 887 5121 intonuerit
899 5064 946 5122 bic
999 5068 1117 5126 honesta
1139 5068 1239 5141 ubique
1251 5067 1372 5124 ferretxu
1385 5065 1469 5136 sarna,
1493 5072 1606 5139 propter
1625 5061 1777 5138 impertae

150 5162 337 5230 propugnator
353 5154 494 5214 Ecclesia.
514 5158 584 5214 cum
606 5157 683 5214 enim
702 5172 800 5216 omnes
816 5157 874 5215 lere
895 5174 946 5217 sua
999 5162 1162 5237 dignitatem
1173 5161 1197 5218 ei
1212 5162 1299 5234 patris
1312 5160 1464 5234 matrisque
1475 5158 1673 5229 reverentiam,
1687 5164 1776 5216 nemtl

150 5259 314 5323 quererent,
328 5266 384 5307 non
399 5264 462 5323 qua
473 5252 540 5307 Jesu
553 5250 663 5319 Christi,
676 5259 704 5308 ct
719 5249 861 5309 adherere
876 5252 946 5310 mal·
999 5265 1109 5331 propter
1130 5270 1208 5329 spem
1222 5253 1403 5313 correctionis
1415 5253 1485 5329 ejus,
1506 5266 1581 5327 stepo
1601 5252 1635 5310 ab
1649 5266 1684 5310 eo
1700 5242 1777 5310 litteil

149 5343 209 5402 lent
227 5344 399 5419 discipulatui
417 5344 551 5418 Simonis,
568 5361 651 5419 quam
668 5346 829 5419 pauperiem
844 5345 945 5405 Christi
999 5357 1028 5409 et
1041 5349 1145 5406 nuntiis
1169 5355 1210 5405 est
1222 5348 1392 5419 admonitus,
1413 5355 1445 5406 ut
1459 5362 1567 5404 memor
1587 5343 1775 5417 &mesimia-

148 5439 311 5496 servarein
336 5438 443 5496 unitate
468 5438 549 5510 lidei3
580 5439 702 5496 ministri
726 5456 836 5514 quoque
860 5440 944 5498 divini
999 5441 1083 5512 neris,
1093 5458 1204 5500 memor
1216 5441 1366 5516 imperialis
1377 5439 1528 5516 dignitatis,
1539 5439 1775 5500 vitamntammt·

148 5531 298 5591 sanctuarii
312 5528 414 5590 ioedam
435 5532 591 5590 libidinosa·
613 5534 789 5607 contagionis
814 5535 946 5607 pollutio·
999 5536 1076 5594 ribus
1097 5535 1212 5610 imperio
1232 5535 1445 5611 congruentibus
1468 5533 1633 5605 insumeret,
1653 5542 1685 5593 ut
1704 5538 1776 5604 regn

147 5643 213 5684 nem
237 5634 335 5684 contra
350 5625 505 5699 justasque
524 5637 696 5700 usurpatam,
720 5637 748 5685 et
768 5628 946 5687 subintrodu·
999 5645 1029 5688 se
1049 5638 1078 5687 et
1099 5632 1295 5703 imperatorem
1313 5631 1440 5688 moribus
1469 5628 1642 5700 ostenderet,
1666 5622 1778 5702 operib!

39 5756 48 5775 .
147 5729 223 5778 ctam
232 5720 337 5778 nollent
350 5719 477 5793 abjicere,
488 5720 655 5778 investitura
664 5722 750 5778 etiam
762 5723 946 5780 Ecclesiarum
1000 5724 1150 5782 exhiberet.
1167 5725 1220 5782 Sed
1234 5725 1296 5798 quia
1309 5741 1373 5781 cum
1387 5733 1468 5783 aelate
1484 5722 1559 5782 illius
1572 5718 1779 5799 quoqueparii!

144 5828 161 5869 a
182 5815 259 5874 laicis
272 5813 394 5873 indebite
412 5822 610 5886 usurparentur
630 5833 637 5870 a
656 5815 714 5887 ipse
728 5831 779 5887 pro
803 5817 945 5875 communi
1000 5819 1084 5876 crevit
1102 5815 1241 5892 iniquitas,
1262 5818 1426 5878 sublimatus
1444 5816 1587 5876 inordina
1605 5814 1778 5892 pontimi
