3884 6158
145 269 194 322 aar
477 265 737 327 tractatorem.
761 299 789 307 -
813 268 955 326 traoosu.
977 271 1095 330 susm.
1116 258 1149 331 ui
1170 274 1265 329 racia.
1286 274 1466 333 ssuuatsu.
1545 332 1548 349 ,
1743 283 1795 338 aaa

143 400 189 446 tor
203 405 237 446 ac
252 388 353 473 vindex
369 389 437 457 luit3
450 391 534 448 nullis
548 392 633 450 minis
656 391 793 466 nullisque
812 393 942 466 periculis
956 400 983 464 Λ
998 397 1198 469 approbatione
1211 407 1239 454 et
1253 398 1348 456 laetitia
1363 408 1475 457 erectus
1489 409 1572 471 esset,
1586 401 1664 460 misit
1680 403 1714 460 ad
1729 419 1793 461 eum

143 490 221 558 (quae
237 484 356 555 plurima
374 484 474 552 subiit)
489 484 524 543 de
541 493 617 542 recto
636 488 748 544 tramite
763 503 823 545 sese
844 487 943 546 abduci
997 494 1025 549 S.
1046 493 1197 566 Gregorius
1211 494 1406 550 Nazianzenus
1424 494 1636 568 gratulatoriam
1649 497 1796 568 epistolam

144 578 942 653 passus30up'usintegritati,iunocentiaeetsanctimoniae,
998 587 1092 657 (epist.
1114 590 1181 655 tt),
1206 603 1289 659 quam
1317 589 1391 645 hunc
1414 589 1441 644 in
1470 589 1587 647 modum
1614 593 1795 663 auspicatur:

144 689 210 729 urin
230 673 307 728 saria
327 673 381 730 alia
401 673 570 730 luculentum
589 676 781 733 testimonium
803 676 942 748 praebent,
996 682 1173 751 Posteaquam
1191 686 1216 736 tc
1234 684 1263 735 iu
1280 684 1393 738 srrblt'ma'
1406 685 1499 739 tlt-roso
1517 686 1685 756 collocatum,
1706 703 1737 741 cc
1752 688 1798 742 lu-

143 774 205 825 tum
221 765 276 822 hoc
289 768 427 840 praecipue
437 767 513 839 quod
524 769 573 824 viri
586 769 621 824 iis
633 771 805 841 temporibus
819 780 846 827 et
860 771 943 842 paule
996 790 1102 831 aemam
1115 791 1148 831 ae
1159 777 1236 830 illam
1255 777 1371 846 quidem,
1392 781 1471 847 prius
1495 779 1602 834 obserare
1621 781 1759 845 lateeutcm,
1779 797 1796 835 a

143 868 207 933 pust
216 862 373 917 subsecutis
383 861 548 929 doctissimi,
560 871 589 919 et
602 863 716 920 virtutis
725 864 807 921 laude
819 865 943 923 celebra·
996 871 1095 941 spirita
1119 872 1226 931 uictore,
1246 884 1331 940 supro
1355 871 1546 929 caraclelobrum
1568 873 1650 928 cadis
1678 875 1795 928 amatam

144 955 256 1022 tissimi,
273 955 302 1011 in
313 955 466 1012 schismate
477 957 597 1013 excitato
611 956 646 1014 ad
658 958 786 1031 Gregorii
801 967 893 1030 partes
903 959 944 1014 in·
996 965 1147 1033 sepositam
1161 977 1216 1017 esse
1229 963 1362 1026 iutellcai,
1374 964 1481 1019 letatus
1494 979 1563 1029 sum,
1577 967 1679 1033 fateor.
1695 966 1798 1034 Quidai
1848 950 1856 959 ’

144 1047 250 1119 trepide
261 1065 291 1105 sc
301 1047 504 1122 adjunxerun13
517 1065 638 1124 quornm
650 1052 944 1108 nonnullimaluenmt
988 1059 1089 1112 euim?
1112 1071 1172 1110 ertia
1183 1056 1304 1112 Ecclesiae
1320 1071 1416 1126 corpses
1438 1058 1508 1112 melo
1524 1060 1656 1127 aflectum
1674 1074 1737 1122 esse,
1753 1065 1796 1114 at·

142 1142 272 1201 omnium
287 1158 383 1199 renim
396 1158 509 1201 saamm
521 1144 661 1217 iacturam
681 1143 772 1201 iacere
786 1153 813 1200 ct
828 1145 855 1200 iu
871 1146 943 1201 essi·
997 1167 1047 1222 que
1061 1150 1216 1220 huiusmodi
1229 1149 1311 1204 ductu
1329 1154 1354 1204 et
1370 1151 1476 1210 auritio
1490 1166 1555 1225 opas
1578 1152 1670 1208 habere
1688 1155 1796 1227 coitqu-

141 1236 209 1295 lium
221 1236 309 1305 abire,
320 1252 407 1309 quam
417 1235 512 1306 iidem,
523 1246 652 1294 reserent
662 1238 746 1295 iamet
754 1237 942 1296 obedientiam
997 1259 1090 1300 cerem

88 1340 99 1361 ’
141 1346 207 1402 erga
223 1330 320 1387 sedem
336 1330 519 1402 apostolicam
533 1330 659 1404 perdere.
1032 1337 1138 1405 Liceat,
1164 1336 1348 1393 illustrissime
1373 1336 1482 1408 praesul,
1506 1347 1601 1408 aperte
1622 1346 1649 1393 et
1667 1339 1794 1410 ingenua,

178 1425 256 1497 Quos
268 1425 341 1481 iuter
350 1424 489 1483 familiam
502 1424 624 1482 dtrmmt:
638 1425 788 1482 Anselmus
799 1428 943 1497 Lucensis,
997 1430 1069 1487 hona
1080 1446 1145 1489 crim
1151 1429 1323 1488 celsitudinis
1338 1438 1435 1487 restra
1447 1431 1537 1501 venia,
1555 1432 1581 1487 id
1597 1431 1671 1504 quod
1686 1447 1730 1489 res
1745 1441 1796 1502 est,

141 1519 294 1577 ensetmus
305 1518 525 1587 mauceriensis,
533 1523 713 1578 Hermannus
722 1522 867 1590 llletensis,
881 1522 944 1579 Alt·
997 1524 1134 1597 proloqui.
1144 1524 1233 1582 Simul
1243 1532 1325 1596 atque
1336 1523 1424 1592 lama,
1438 1524 1541 1597 alioqui
1552 1534 1613 1582 tam
1624 1527 1701 1596 pravi
1710 1540 1796 1601 quam

141 1629 266 1670 mannus
279 1611 464 1671 etiidalricus
476 1614 681 1680 Passavienses,
694 1614 860 1672 Gebhardus
872 1615 945 1671 Con·
997 1618 1064 1675 recti
1078 1627 1173 1687 tenax,
1188 1626 1216 1675 et
1236 1626 1296 1675 mm
1308 1617 1371 1675 falsi
1385 1633 1470 1690 quam
1488 1618 1544 1674 veri
1562 1619 1672 1687 nuntia,
1689 1619 1724 1675 ad
1745 1634 1797 1674 nos

138 1706 318 1773 stantiensis,
342 1705 551 1766 Gebharduset
570 1709 688 1765 Thiemo
708 1707 944 1782 Salisburgenses,
999 1711 1164 1768 electionem
1191 1713 1223 1768 C.
1249 1714 1283 1767 V.
1314 1711 1424 1779 detulit,
1447 1710 1601 1784 etquidem
1636 1712 1796 1778 verissinre;

140 1806 227 1858 Anne
254 1800 444 1869 coloniensis,
467 1801 662 1882 Burckhardtrs
689 1803 941 1873 Halberstatensis,
1000 1806 1126 1861 omnium
1153 1804 1367 1873 catholicorum,
1388 1812 1526 1876 quotquot
1545 1804 1614 1873 ridi,
1639 1804 1724 1873 idem,
1749 1806 1795 1878 qui

138 1894 449 1968 omnesarcbiepiscopi
459 1903 487 1952 et
496 1896 632 1969 episcopi;
644 1895 767 1967 itemque
776 1896 942 1954 Wilhelmus
998 1899 1065 1956 olim
1079 1898 1263 1964 Nazianzeni,
1274 1898 1377 1954 Basilio
1392 1896 1542 1970 episcopali
1558 1899 1629 1955 tiara
1651 1898 1795 1971 insignito,

139 1988 230 2046 abbas
249 1988 470 2064 Hirsaugiensis,
494 1989 535 2045 vir
555 1990 696 2063 religionis
716 1989 848 2061 opinione
869 1991 941 2065 apud
997 1993 1108 2050 animus
1131 2001 1159 2049 ot
1185 1992 1272 2049 animi
1297 1990 1390 2058 index,
1412 1992 1503 2048 oratio
1520 1991 1598 2048 luit:
1621 1991 1716 2048 rnrrltis
1730 2008 1794 2050 cum
1867 2038 1873 2047 .

138 2098 242 2141 omncs
255 2081 431 2151 decantabis,
441 2092 474 2139 ut
487 2083 556 2140 alios
570 2083 676 2141 sileam.
996 2087 1142 2159 Gregorio,
1157 2084 1282 2159 Gregorii
1298 2085 1468 2142 Nazianzeni
1484 2094 1609 2157 parente,
1628 2085 1658 2140 in
1679 2085 1730 2141 has
1747 2100 1796 2142 vo·

174 2177 236 2233 ttec
243 2174 393 2234 defircnrm
403 2192 438 2233 cx
451 2177 622 2234 eniditorum
631 2179 771 2252 coetu,qui
787 2179 940 2236 litterarum
996 2180 1258 2251 ceserumpcntibus
1269 2183 1359 2250 (epist.
1371 2182 1495 2247 ttritter
1505 2181 1584 2249 epist.
1593 2179 1795 2248 Nuzioozmi‘p:

138 2271 335 2328 monumentis
361 2271 517 2342 posteritati
535 2279 667 2329 testatum
693 2271 834 2344 lacerent,
856 2290 941 2346 quam
995 2276 1056 2332 Alii
1066 2275 1175 2345 quidem
1186 2275 1254 2328 alios
1264 2275 1370 2343 eliqmt,
1379 2278 1463 2343 atque
1473 2275 1501 2327 ia
1510 2273 1627 2328 mediam
1634 2278 1795 2343 proponas,

138 2363 253 2421 sedulus
265 2372 294 2420 et
308 2361 463 2420 indefessus
475 2364 603 2422 Ecclesiae
615 2374 710 2439 pastor
719 2368 871 2441 Gregorius
887 2369 939 2423 Vll
996 2371 1124 2424 trimirum
1148 2383 1200 2438 pro
1220 2369 1277 2423 suis
1292 2369 1406 2437 quisque
1426 2368 1557 2435 raosidus,
1573 2370 1624 2423 aet
1643 2366 1795 2431 commodis,

137 2458 236 2527 merit,
272 2466 377 2531 quanta
415 2474 481 2515 cura
515 2468 544 2515 et
566 2459 708 2534 vigilantia
733 2461 805 2519 ovile
839 2461 940 2518 Christi
997 2462 1222 2532 quemadmodum
1242 2461 1399 2530 hujusmodi
1414 2461 1493 2516 rebats
1514 2459 1633 2515 occidere
1651 2461 1793 2515 consueuit.

138 2550 254 2617 rexerit,
269 2560 299 2608 ct
310 2567 395 2625 quam
416 2552 588 2609 mendaciter
603 2562 631 2609 et
650 2553 823 2611 calumniose
837 2573 852 2611 a
866 2553 940 2610 schi-
997 2559 1048 2612 Nos
1057 2570 1117 2611 aero
1126 2558 1273 2623 atoniacam
1285 2570 1371 2624 neqrte
1383 2556 1453 2609 euim
1465 2555 1510 2621 fus
1519 2557 1568 2620 est,
1579 2568 1637 2608 aon
1646 2552 1706 2624 J'am
1717 2553 1797 2607 Basi-

138 2653 265 2703 smatnm
279 2645 419 2703 satoribus
437 2644 610 2717 traducatur,
625 2648 704 2720 quasi
720 2648 748 2704 in
769 2650 829 2720 ipse
848 2650 942 2706 ornuis
997 2650 1044 2712 lio,
1058 2647 1104 2704 sed
1116 2650 1233 2705 Josttnt
1245 2648 1428 2704 Gonsrnrno
1440 2648 1654 2711 abdrahemen,
1667 2648 1798 2718 preferre

139 2739 271 2797 omnium
290 2738 438 2796 turbarum
458 2746 485 2796 et
498 2740 692 2798 trubationum
708 2758 792 2798 causa
819 2749 847 2798 et
860 2743 940 2815 culpa
995 2756 1144 2812 qmssrtmas.
1164 2745 1280 2811 Ecquem
1299 2743 1370 2795 mim
1384 2756 1420 2796 ec
1439 2741 1569 2803 omuibus,
1585 2754 1652 2810 quos
1664 2742 1797 2802 acuimus,

138 2831 262 2901 htcserit,
273 2841 324 2889 aut
339 2833 493 2890 etiamnum
508 2833 622 2891 haereat.
996 2837 1037 2890 ccl
1049 2838 1106 2890 uita
1117 2836 1307 2905 probatiorem,
1325 2835 1367 2888 cel
1378 2849 1500 2888 serraoue
1515 2848 1547 2887 ec
1565 2834 1691 2888 doctrino
1704 2834 1796 2889 aalma·

175 2929 216 2983 lix
232 2925 277 2982 his
291 2927 421 3001 Gregorii
431 2929 483 2983 Vll
494 2927 673 3001 apologeticis
682 2928 876 2986 defensoribus
885 2929 940 2986 diro
996 2931 1099 2992 iterem,
1111 2929 1253 2998 raaqisqac
1264 2926 1304 2981 ad
1312 2927 1421 2980 virtutis
1429 2926 1592 2999 eleqoatiom
1599 2925 1721 2995 undique
1732 2941 1797 2998 pcr-

138 3004 383 3078 clamemnt'olim
397 3022 427 3076 in
442 3023 560 3081 Bavaria
572 3022 623 3079 sub
636 3023 759 3080 ilenrico
773 3026 811 3082 iv
825 3030 853 3080 et
865 3025 941 3080 lien·
993 3024 1110 3094 politum
1126 3022 1308 3092 reperiemus?

139 3116 198 3172 rico
218 3118 243 3171 V
257 3114 370 3189 regibus
388 3123 416 3170 et
440 3114 667 3188 imperatoribus,
689 3118 792 3174 Paulus
810 3117 941 3174 Bernric-
1030 3117 1086 3171 Nec
1101 3130 1168 3172 sane
1185 3113 1328 3171 iinmerito
1345 3127 1495 3168 commune
1509 3111 1642 3184 gaudium
1656 3111 1790 3178 exoritur,

138 3208 233 3265 densis
241 3198 260 3277 ,⁸
270 3217 298 3264 et
312 3207 455 3265 Geroehus
475 3207 767 3284 Reiche1·spergensis';
786 3211 844 3279 sed,
868 3210 943 3285 quod
996 3226 1060 3266 cum
1072 3209 1154 3266 alicui
1169 3207 1300 3265 Ecclesiae
1314 3206 1485 3280 gubernator
1495 3205 1605 3263 sedultrs
1617 3214 1646 3262 et
1657 3206 1687 3261 in
1698 3221 1797 3263 omnes

139 3300 304 3367 dolendum,
317 3317 416 3359 eorum
428 3317 479 3375 pro
490 3303 626 3375 Gregorio
638 3306 688 3360 vll
703 3313 886 3362 monumenta
902 3305 940 3360 ita

139 3393 216 3452 luere
227 3403 305 3461 nata,
320 3395 400 3467 quasi
415 3404 481 3452 nata
491 3411 549 3452 non
563 3395 697 3467 luissent3
711 3398 793 3472 longa
804 3399 942 3456 oblivione

142 3488 317 3562 tenebrisque
335 3489 436 3547 obmta
456 3504 541 3562 :qarae
561 3489 715 3564 aliquando
729 3492 867 3549 exstitisse
882 3491 941 3549 for-

143 3598 190 3638 san
205 3581 423 3657 ignorassemus,
434 3583 488 3639 nisi
503 3584 669 3656 Arentinus,
682 3585 730 3658 qui
744 3585 813 3642 vidit
825 3594 852 3643 et
865 3586 940 3658 legit,

143 3673 394 3734 indiciumfecisset
404 3677 433 3733 in
445 3678 603 3734 Annalibus
613 3679 717 3736 Boicis.
732 3681 789 3736 Nec
798 3678 870 3736 vidit
881 3688 942 3735 tan·

143 3778 199 3826 tum
214 3771 382 3839 Aventinus,
393 3769 452 3841 sed,
466 3780 499 3827 ut
513 3771 633 3841 ridetur,
644 3774 763 3845 pesteris
777 3789 887 3847 quoque
899 3773 942 3828 in·

144 3863 219 3929 sidit,
234 3880 271 3921 ne
291 3864 427 3921 haberent
441 3881 510 3939 quos
523 3866 769 3923 Pseudobennouis
786 3868 815 3923 in
831 3869 940 3941 Grego-

146 3957 214 4014 riam
227 3958 280 4013 vll
293 3956 487 4015 factiosissimis
496 3959 742 4017 criminationibus
756 3969 939 4034 opponerent.

144 4053 290 4125 Utcunque
305 4054 351 4122 sit,
368 4053 484 4111 numine
498 4053 568 4111 bene
582 4055 684 4123 amice,
696 4054 812 4111 tandem
824 4056 853 4111 in
867 4059 938 4113 Pau-

144 4145 198 4202 lum
213 4146 445 4205 bernriedensem
468 4147 551 4204 variis
568 4149 599 4203 in
617 4148 792 4205 bibliothecis
807 4149 938 4214 studiose,

145 4238 197 4297 imo
221 4247 251 4296 et
273 4240 354 4297 ande
374 4240 534 4314 quesitum,
555 4240 651 4298 incidi.
675 4244 733 4298 Nec
750 4240 785 4299 de
803 4241 939 4312 Gerocho,

144 4334 215 4389 socio
248 4333 391 4404 scriptoris
423 4342 451 4390 et
472 4334 664 4392 calamitatum
700 4351 769 4408 quas
796 4336 897 4393 Paulus
923 4351 940 4392 a

145 4425 325 4482 schismaticis
336 4426 496 4498 pertulerat,
506 4442 584 4500 spem
597 4444 710 4485 omnem
724 4429 835 4499 penitus
849 4429 938 4502 posui.

997 3310 1089 3375 partes
1101 3304 1226 3358 intentus
1238 3299 1399 3371 praeticitur.
1413 3301 1498 3365 Nam,
1513 3309 1545 3355 ut
1559 3297 1634 3357 idem
1644 3298 1797 3371 Gregorius

996 3398 1037 3452 ait
1048 3397 1143 3468 (epist.
1158 3394 1208 3466 tt)
1224 3414 1232 3449 :
1251 3397 1371 3451 Lucam
1382 3396 1504 3465 corperis
1515 3399 1554 3450 est
1570 3393 1661 3448 oculere
1682 3408 1736 3448 aaa
1753 3393 1797 3448 hic

996 3494 1103 3545 taetram
1118 3491 1167 3559 qui
1184 3502 1307 3558 corporeo
1320 3486 1397 3542 modo
1410 3487 1498 3541 cermit
1514 3502 1546 3541 ac
1565 3488 1699 3551 caradoc,
1714 3486 1760 3542 sed
1773 3489 1797 3541 is
1836 3484 1852 3507 ⁸

996 3585 1078 3638 etium
1092 3584 1141 3652 qui
1153 3581 1338 3651 spiritualiter
1360 3583 1462 3650 spectat
1474 3583 1500 3633 et
1524 3582 1663 3649 spectatur
1678 3581 1797 3635 tecam

996 3681 1087 3732 cutem
1101 3675 1229 3773 gerlasio
1245 3677 1284 3728 est
1296 3675 1444 3744 episcopus.
1461 3675 1557 3742 ltaque
1570 3671 1795 3742 mammam

996 3786 1055 3825 cum
1066 3769 1112 3825 ille
1123 3783 1193 3839 patre
1206 3771 1232 3824 et
1244 3770 1348 3837 inteqre
1356 3781 1386 3822 ce
1399 3767 1488 3828 habet,
1504 3781 1599 3836 corpus
1612 3780 1715 3836 quoquc
1727 3770 1798 3822 recte

995 3864 1119 3929 dccitarc
1140 3877 1200 3918 cam
1218 3865 1310 3917 amen
1329 3863 1453 3930 inmunes
1473 3864 1521 3923 est,
1536 3874 1589 3915 aas
1602 3864 1671 3915 recte
1688 3861 1797 3915 :emisi-

995 3957 1055 4014 mtli
1072 3971 1178 4027 quoque
1189 3958 1301 4021 ratione,
1316 3954 1447 4009 utrolibet
1458 3953 1536 4009 mode
1547 3968 1604 4009 sese
1614 3953 1736 4009 Ecclesia
1747 3968 1797 4007 aa·

995 4054 1071 4107 tistes
1083 4051 1218 4114 habuerit,
1232 4051 1339 4104 omnino
1349 4049 1392 4103 vel
1404 4036 1526 4120 perirati
1541 4048 1584 4102 cel
1599 4047 1697 4102 salutis
1711 4049 1799 4115 parta

995 4160 1054 4216 ceps
1078 4159 1133 4201 esse
1157 4157 1258 4199 scamas
1280 4145 1334 4210 est.⁴
1352 4142 1419 4198 llaec
1439 4140 1582 4197 cerussae
1604 4139 1797 4196 sanctissimus

995 4238 1078 4294 simul
1092 4246 1121 4293 et
1137 4235 1319 4294 doctissimus
1339 4234 1484 4307 episcopus
1501 4234 1652 4306 Gregorius
1675 4233 1796 4292 Nazian-

994 4347 1088 4389 sentis.

1033 4426 1119 4481 Porro
1136 4440 1201 4482 cum
1213 4424 1266 4481 hoc
1280 4432 1407 4495 tempere
1416 4422 1445 4478 in
1462 4421 1631 4492 supellectile
1644 4435 1708 4478 mea
1724 4420 1797 4477 litte·

175 4520 297 4584 interea,
313 4518 380 4576 dum
398 4520 450 4578 iste
468 4520 660 4595 investigatur,
676 4530 704 4578 et
717 4538 750 4578 ert
772 4523 891 4596 caligine
911 4524 941 4578 in
958 4532 983 4597 ῃ
998 4522 1072 4577 raria
1086 4527 1115 4576 et
1133 4517 1257 4582 libraria,
1275 4515 1415 4589 nihilque
1431 4513 1522 4572 celsit.
1535 4516 1569 4570 V.
1583 4522 1693 4585 partam
1708 4513 1797 4586 digni-

144 4609 230 4669 luccm
256 4611 426 4683 vindicatur,
448 4613 568 4671 Paulum
583 4615 658 4672 notis
679 4615 849 4674 illustratum
865 4616 941 4674 foras

143 4706 251 4778 prodire
262 4706 350 4778 iussu
372 4706 527 4780 etquidem
547 4707 597 4762 suh
616 4716 664 4763 tuo
679 4709 846 4780 patrocinio,
860 4724 939 4765 reve-

146 4798 309 4855 rendissime
323 4807 350 4855 et
368 4799 553 4856 illustrissime
573 4800 710 4872 princeps.
727 4801 850 4859 Decebat
863 4803 939 4859 enim

143 4900 172 4945 ut
180 4892 209 4946 in
225 4891 281 4948 bac
292 4891 400 4964 publica
412 4901 439 4949 et
449 4893 566 4950 solemni
580 4893 718 4950 bonorum
731 4894 858 4952 omnium
870 4896 939 4953 laeti-

143 4985 190 5055 tia,
204 4986 309 5058 partim
323 4984 386 5056 sibi,
402 4988 518 5060 partim,
530 4996 559 5044 et
575 5003 639 5044 vero
653 4989 841 5060 potissimum,
857 4990 939 5046 nobi-

143 5078 255 5138 lissimae
268 5081 468 5154 Bambergensi
483 5081 610 5139 Ecclesiae
629 5091 657 5138 ct
672 5081 786 5139 dioecesi
800 5083 941 5155 gratulan-

143 5173 210 5231 tium
235 5172 272 5230 ob
293 5173 473 5231 elsitudinem
504 5177 538 5231 V.
565 5174 601 5232 ad
621 5175 757 5233 thronum
775 5178 803 5233 S.
820 5176 940 5233 Othonis

142 5275 266 5324 muctam
283 5286 290 5323 :
304 5269 409 5340 partim
421 5282 542 5342 quoque,
556 5269 600 5342 pis
614 5278 676 5326 vota
691 5285 743 5342 pro
756 5268 882 5327 celsitud.
903 5272 938 5329 V.

142 5358 274 5417 diuturna
288 5361 492 5431 incolumitate,
510 5371 538 5419 et
558 5363 699 5435 auspicata
714 5364 889 5437 episcopatus
912 5373 940 5422 et

141 5454 315 5527 principatus
328 5454 572 5513 administratione
592 5456 814 5529 suscipientium,
830 5473 881 5532 ego
895 5458 939 5514 iti-

142 5546 204 5604 dcnr
218 5546 382 5606 cabanaria
396 5550 524 5623 concepti
538 5548 642 5622 passim
652 5548 746 5623 gaudii
758 5551 938 5624 significatio-

141 5655 207 5697 nem
221 5640 317 5714 palam
331 5639 439 5700 darem

176 5732 248 5789 Cum
262 5732 292 5789 S.
313 5731 434 5788 Basilius
449 5732 484 5789 ad
499 5730 771 5805 archiepiscopatum
786 5734 939 5791 Caesarien-

139 5838 201 5880 sem
219 5825 365 5883 communi
381 5822 509 5883 omnium
522 5823 686 5884 orthodoxae
700 5826 763 5883 fidei
782 5827 940 5885 curantium

994 4625 1083 4673 tatem
1099 4613 1264 4686 gratularer,
1285 4618 1386 4682 praeter
1398 4613 1533 4675 Pennus,
1554 4608 1720 4680 reperirem3
1738 4624 1795 4665 uon

994 4708 1117 4768 dubitavi
1131 4706 1206 4762 hunc
1220 4703 1257 4761 ad
1272 4704 1360 4760 celsit.
1377 4704 1411 4758 V.
1424 4701 1591 4757 internuntii
1609 4701 1668 4758 rice
1682 4700 1795 4758 iunctu-

994 4819 1068 4868 rum,
1086 4800 1222 4872 ablegare.
1235 4798 1263 4854 si
1284 4797 1359 4854 enim
1374 4797 1458 4853 tertio
1478 4795 1579 4853 abhinc
1593 4811 1668 4855 anno
1688 4799 1796 4854 Praedt'·

993 4901 1096 4953 caatem
1114 4893 1322 4965 Vepuloatcma
1337 4906 1383 4947 me
1394 4889 1519 4948 oblatum
1533 4899 1593 4946 tam
1603 4890 1736 4949 benevole
1748 4906 1796 4946 ex·

994 4990 1081 5062 capim
1102 4986 1169 5060 quid
1191 4984 1245 5042 sibi
1263 4984 1365 5042 Paulus
1386 5000 1444 5042 non
1472 4984 1576 5055 poterit
1589 4983 1728 5057 polliceri,
1751 4984 1797 5055 qui

995 5082 1126 5156 pontifics
1138 5080 1274 5148 maximo,
1285 5077 1433 5152 etquidem
1442 5078 1492 5136 tali
1504 5086 1634 5148 actauto,
1646 5079 1798 5135 comitatus

995 5178 1086 5246 venit;
1099 5191 1150 5233 nec
1163 5172 1296 5248 panuliae
1309 5181 1432 5240 tantum,
1446 5171 1494 5229 sed
1505 5179 1533 5229 et
1543 5171 1696 5240 cardinale,
1709 5187 1797 5244 eoque

995 5271 1150 5329 clarissimo
1168 5276 1197 5324 et
1210 5268 1398 5326 eruditissimo
1418 5267 1527 5324 Caesare
1541 5266 1680 5333 Baronio;
1704 5265 1797 5322 celsit-

995 5372 1104 5433 restroe,
1129 5364 1168 5419 nil
1182 5363 1316 5436 ambigo,
1335 5370 1448 5434 propter
1469 5375 1568 5419 eureos
1583 5359 1736 5417 Annalium
1755 5367 1798 5415 to-

995 5475 1068 5525 mos,
1082 5458 1112 5513 in
1127 5472 1222 5513 amore
1236 5464 1265 5513 et
1281 5456 1369 5526 pretio
1386 5473 1393 5508 :
1410 5472 1427 5510 a
1441 5469 1496 5527 quo
1510 5453 1688 5511 calvinianus
1702 5468 1796 5523 asper·

995 5552 1073 5624 giues
1097 5550 1278 5623 apologetica,
1300 5557 1333 5603 ut
1353 5549 1377 5605 si
1396 5549 1506 5620 loquar,
1531 5547 1647 5619 spongia
1667 5545 1795 5611 abstersi,

995 5643 1235 5717 queruadmodum
1254 5643 1321 5699 olim
1339 5643 1469 5698 Paulusa
1486 5641 1623 5713 Gregorio
1645 5643 1694 5697 Vll
1709 5637 1795 5695 schis-

996 5739 1123 5793 maticas.
1143 5741 1177 5795 lit
1192 5737 1243 5793 hoc
1258 5744 1361 5804 totum,
1375 5731 1508 5808 quidquid
1525 5741 1565 5787 est
1582 5730 1795 5796 lucubrationis,
1882 5768 1897 5787 a

995 5831 1082 5887 celsit.
1092 5833 1125 5888 V.
1139 5839 1171 5885 ut
1182 5827 1311 5894 libenter,
1320 5829 1360 5883 sic
1372 5835 1400 5882 et
1412 5832 1568 5881 reverenter
1577 5822 1640 5878 dico
1649 5830 1681 5877 et
1691 5819 1808 5890 silere,
