3870 6164
150 352 219 407 1269

601 352 745 407 lebenti.
765 353 808 406 lll.
828 378 862 392 -··
880 351 1091 410 uouuttuttta
1108 354 1338 414 suadeamus.

146 474 227 550 quasi
239 474 360 548 prolege
378 474 548 545 observatur,
560 482 592 531 ut
605 475 641 533 ab
652 475 750 533 ordine
764 474 980 549 dejiciantur,A
997 477 1098 550 aliquid
1125 480 1321 553 committeret,
1350 481 1424 540 uude
1445 484 1525 558 justa
1554 487 1734 546 Ambrosium
1766 500 1794 547 et

140 585 232 644 quem
244 578 308 625 ante
322 569 428 641 lapsum
441 568 581 638 habuisse,
595 577 623 626 et
639 569 670 626 in
683 585 739 642 quo
754 585 879 642 peccasse
895 570 943 628 de·

145 671 287 738 teguntur.
308 663 353 719 Sic
366 663 498 719 nimimm
512 664 543 720 in
557 663 654 721 ordine
668 663 858 736 poenitentium
872 680 943 721 con-

146 758 248 826 stituti,
268 758 290 812 si
314 757 404 813 denuo
426 757 565 826 labuntur,
581 757 693 830 pristino
707 758 800 815 ordini
813 773 869 815 non
889 758 942 814 im-

147 852 248 910 merito
258 849 422 923 judicantur
439 851 557 924 indigni.
578 854 639 909 Non
652 859 747 908 tamen
760 852 812 910 boc
824 853 873 910 88.
890 857 942 909 Pa-

145 954 202 1003 tres
223 944 414 1018 desperatione
435 945 520 1002 renim
534 953 592 1002 tam
610 945 712 1002 acriter
730 945 879 1003 instituisse
899 947 941 1003 ri·

145 1040 256 1107 dentur,
271 1037 406 1110 praeeipue
419 1053 482 1095 cum
491 1039 630 1097 Dominus
645 1054 742 1096 omncs
755 1040 883 1097 homines
896 1056 940 1097 re·

997 568 1116 629 iructrrm
1129 575 1300 647 paenitentiae
1313 575 1448 648 perderet,
1468 586 1496 634 et
1509 577 1634 653 deinceps
1648 576 1726 655 juxta
1740 598 1791 642 an-

995 666 1103 737 tiquum
1116 684 1222 725 morem
1235 671 1386 743 poenitcndi
1397 670 1489 728 locum
1503 689 1559 730 non
1574 674 1719 733 obtineret.

1031 760 1092 815 vu.
1122 763 1203 833 Apud
1230 764 1379 822 modernos
1403 773 1496 822 tamen
1522 767 1600 825 locus
1623 771 1793 842 ponitentiae

995 850 1163 922 quibuslibet
1178 856 1261 927 lapsis
1285 873 1341 913 noa
1366 867 1489 930 negatur,
1513 860 1577 933 quia
1598 862 1666 920 adeo
1689 880 1791 938 usque-

995 959 1103 1016 quaque
1125 947 1244 1006 bumana
1268 952 1388 1021 pravitas
1402 952 1530 1021 invaluit,
1547 962 1576 1010 et
1594 956 1693 1029 jugum
1718 959 1794 1015 anti·-

994 1052 1057 1110 quas
1068 1039 1219 1113 disciplina
1233 1043 1344 1115 abjecit,
1359 1053 1389 1102 ut
1399 1054 1493 1103 sancta
1516 1049 1636 1106 Ecclesia
1647 1051 1705 1123 jam
1719 1052 1791 1108 mul·

1726 367 1794 422 itte
1879 382 1883 399 ¹

144 1134 178 1191 lit
189 1133 281 1191 salvos
294 1133 363 1202 fleri,
383 1141 410 1188 et
422 1141 559 1205 peccator,
576 1133 607 1189 in
619 1148 789 1207 quocrmque
806 1134 851 1191 die
863 1134 941 1208 inge·
993 1137 1055 1187 lum
1080 1134 1222 1205 gauderet,
1241 1137 1263 1193 si
1283 1137 1372 1210 aliquo
1392 1139 1476 1196 modo
1499 1142 1660 1213 resipiscere
1677 1145 1789 1202 vellent.

144 1227 258 1296 mnerit,
281 1226 372 1283 salvus
393 1225 446 1282 erit
466 1228 571 1292 (Ezeob.
587 1233 713 1295 xxxin).
732 1231 799 1297 Noa,
818 1229 941 1301 inquam,
994 1225 1076 1281 Novit
1100 1228 1173 1283 enim
1200 1229 1251 1287 Dei
1279 1230 1498 1289 misericordiam
1526 1234 1561 1290 ad
1589 1234 1789 1309 indulgendum

143 1319 336 1393 desperatione
350 1319 445 1388 reniae,
459 1320 507 1377 sed
528 1337 578 1392 pro
598 1321 703 1378 cautela
725 1321 875 1396 disciplina
888 1322 942 1380 hcc
992 1320 1239 1391 promptissimam,
1254 1339 1305 1380 nec
1330 1327 1449 1382 multum
1471 1325 1574 1384 distare
1586 1329 1659 1400 apud
1685 1333 1787 1400 Deum,

144 1415 323 1472 constitutum
339 1413 528 1486 intelligimus,
550 1415 622 1472 sicut
634 1431 669 1471 ex
686 1416 777 1473 verbis
797 1419 829 1473 B.
845 1419 940 1491 Augu·
992 1426 1046 1484 qua
1066 1415 1208 1473 severitate
1222 1417 1264 1473 vel
1287 1418 1397 1476 lenitate
1416 1419 1495 1492 juxta
1510 1421 1695 1480 diversitatem
1716 1431 1790 1481 tem-

142 1509 208 1567 rtini
216 1509 249 1566 ad
255 1507 448 1565 Macedonium
457 1508 485 1578 (l.
496 1509 532 1580 c.)
543 1508 695 1582 approbare
703 1525 865 1582 possumus3
875 1511 941 1567 dicit
993 1522 1091 1578 porum
1102 1517 1212 1579 peccata
1221 1512 1379 1582 puniantur,
1391 1514 1414 1570 si
1426 1519 1535 1571 tantum
1546 1523 1672 1586 peccator
1681 1533 1718 1574 ex
1730 1526 1789 1574 toto

142 1604 219 1660 enim
247 1602 322 1676 qood
351 1611 430 1659 caute
452 1602 651 1676 salubriterque
673 1604 815 1676 pmrisum
836 1605 880 1671 sit,
909 1613 940 1663 ut
991 1600 1075 1658 corde
1088 1612 1272 1662 convertatur.

143 1698 220 1754 locus
238 1696 388 1769 poenitendi
404 1705 466 1768 post
486 1697 677 1769 poenitentiam
698 1698 780 1770 lapsis
801 1714 857 1755 non
871 1714 939 1755 con-
1029 1696 1106 1752 Vlll.
1121 1700 1163 1753 De
1177 1699 1280 1771 virgine
1301 1709 1393 1757 autem
1406 1715 1482 1758 sacra
1506 1718 1522 1758 a
1545 1703 1688 1776 proposito
1701 1704 1788 1776 lapsa,

142 1792 269 1859 cedatur,
283 1793 537 1848 aemedicioaoiiis
548 1794 723 1850 minasatilr's
736 1798 802 1851 esset
816 1797 936 1865 epactis,
991 1800 1053 1857 quae
1066 1789 1095 1845 in
1107 1790 1223 1862 gradum
1245 1794 1408 1867 virginitatis
1426 1811 1483 1853 non
1497 1805 1611 1868 putatur
1624 1797 1787 1868 revocanda,

142 1903 203 1960 qtae
218 1891 292 1943 tanto
308 1890 394 1959 amois
412 1888 543 1952 salamis,
561 1891 766 1958 quantominus
779 1892 938 1959 comtempti·
952 1857 978 1923 B
991 1896 1050 1939 non
1067 1891 1110 1940 cst
1130 1885 1212 1942 nimis
1231 1887 1467 1959 contendendum,
1483 1905 1516 1946 ne
1528 1890 1585 1963 ipsa
1600 1892 1652 1947 bac
1676 1901 1790 1949 couten-

143 1981 215 2037 bitis.
232 1983 267 2037 lit
280 1979 333 2037 boc
353 1981 449 2053 utique
464 1996 513 2052 pm
528 1981 620 2054 rigore
633 1981 795 2053 disciplina,
817 1998 875 2039 non
894 1990 935 2039 ta-
992 1976 1068 2034 tione
1088 1983 1232 2036 contrait.
1247 1981 1448 2056 llierouymum
1466 1984 1559 2041 venire
1575 1984 1727 2055 videamur,
1742 1986 1788 2059 qui

142 2090 210 2132 men
224 2074 356 2147 usquead
371 2073 595 2146 desperationem
607 2074 704 2133 reniae.
716 2078 788 2132 Nam
802 2077 876 2133 idem
886 2085 942 2134 Au·
992 2071 1059 2129 dicit
1069 2075 1172 2142 (¹¹⁴⁶),
1185 2077 1275 2131 Deum
1290 2076 1422 2150 virginem
1436 2093 1492 2133 non
1506 2093 1589 2150 posse
1604 2088 1666 2151 post
1679 2081 1789 2153 lapsum

142 2168 268 2243 punam
287 2169 317 2224 in
342 2167 439 2225 eadem
464 2168 578 2240 epistola
603 2168 669 2225 dicit
681 2169 710 2224 in
732 2169 909 2242 sequentibus
930 2190 937 2227 ε
991 2180 1128 2237 reperere.
1143 2169 1211 2224 Nam
1222 2169 1324 2240 scripta
1334 2169 1363 2225 S.
1381 2170 1541 2244 Hieronymi
1555 2187 1570 2228 a
1586 2175 1616 2228 B.
1632 2173 1745 2230 Gelasio
1760 2173 1788 2229 in

140 2264 205 2331 Quis
218 2263 319 2318 audeat
330 2268 393 2333 posi
409 2264 597 2333 poeaitentiam
608 2263 691 2333 lapsis
712 2263 853 2335 decepere,
869 2267 938 2334 qaia
991 2259 1118 2316 Romana
1131 2261 1235 2332 synodo
1250 2263 1366 2331 (Laus,
1379 2271 1400 2319 t.
1415 2264 1464 2328 lV,
1479 2278 1542 2337 pag.
1559 2268 1640 2333 126³)
1661 2281 1694 2321 ex
1720 2282 1787 2338 apo·

138 2359 189 2412 Dei
214 2359 349 2426 patientia
371 2357 408 2411 ad
428 2358 619 2427 poeniteutiam
640 2371 682 2412 eos
706 2357 844 2421 adducat,
869 2359 938 2428 quia
991 2351 1086 2409 stolica
1099 2355 1260 2412 auctoritate
1273 2356 1340 2412 adeo
1353 2356 1514 2413 canonizata
1527 2366 1600 2427 sunt,
1620 2366 1652 2415 ut
1670 2359 1787 2431 quicun-

140 2453 222 2506 eiiam
236 2451 311 2505 beati
327 2453 393 2513 siat,
407 2451 433 2505 si
452 2453 481 2505 ia
495 2452 607 2506 Domino
626 2451 781 2520 confidam?
794 2450 872 2507 Sicut
892 2467 937 2508 er-

139 2560 175 2617 go
190 2550 252 2614 pest
270 2543 460 2614 poenitentiam
478 2543 562 2615 lapsis
582 2544 675 2599 locum
694 2544 872 2614 poenitendia
888 2545 937 2600 88.

142 2637 268 2693 Patribus
288 2653 345 2693 non
360 2637 553 2708 desperatione
573 2637 669 2704 veniae,
691 2636 936 2709 111111301εά1εοί-

141 2731 225 2803 plicae
236 2731 344 2802 penitus
358 2730 524 2802 denegatum
540 2730 665 2801 legimus,
685 2729 725 2785 sic
742 2739 769 2786 et
786 2730 868 2802 lapsis
883 2731 937 2786 rir-

144 2824 253 2898 ginibus
275 2824 359 2880 sacris
379 2823 571 2896 poenitentiam
586 2822 742 2895 aliquandiu
763 2824 935 2897 denegatam,

141 2917 199 2974 imo
212 2916 240 2973 in
261 2926 374 2990 tempus
387 2917 501 2974 dilatam
516 2917 584 2974 satis
604 2924 795 2990 competenter
809 2917 938 2991 intelligi-

139 3027 214 3068 mus.

176 3107 223 3163 Vl.
243 3110 291 3164 list
304 3109 352 3176 (et)
366 3106 420 3163 alia
435 3121 528 3175 causa,
552 3121 602 3177 pm
617 3120 669 3176 qua
685 3106 732 3163 88.
747 3106 840 3161 Patres
851 3120 935 3177 quos-

991 2461 1044 2518 que
1068 2445 1120 2503 illis
1146 2448 1318 2519 pertinaciter
1340 2449 1528 2508 contradicere
1552 2459 1678 2520 conatur,
1703 2451 1786 2510 etiam

990 2540 1150 2611 apostolieae
1159 2543 1316 2600 auctoritati
1327 2544 1464 2601 contraire
1476 2560 1533 2601 non
1547 2544 1697 2603 dubitetur.
1717 2547 1789 2603 Sunt

991 2648 1056 2705 ergo
1081 2635 1191 2690 anobis
1206 2635 1265 2707 eius
1289 2637 1479 2695 venerabiliter
1500 2639 1600 2710 scripta
1623 2639 1787 2712 recipienda,

991 2740 1042 2782 nec
1055 2725 1090 2782 ab
1109 2727 1200 2799 alique
1215 2736 1318 2785 temere
1331 2729 1493 2802 judicanda.
1509 2731 1593 2802 Quod
1610 2740 1704 2789 autem
1719 2734 1787 2805 ipse,

992 2822 1082 2875 Deum
1093 2820 1227 2893 virginem
1240 2835 1365 2893 reparare
1384 2831 1447 2894 post
1459 2823 1566 2894 lapsum
1576 2840 1633 2880 non
1645 2841 1725 2895 posse
1745 2826 1787 2882 di·

990 2912 1041 2980 xit,
1055 2928 1113 2969 non
1133 2913 1221 2986 magis
1239 2913 1407 2985 mirandum,
1431 2931 1516 2987 quam
1540 2917 1625 2972 molta
1640 2918 1704 2985 alia,
1725 2935 1788 2991 qute

991 3009 1067 3063 Deus
1081 3006 1166 3063 libere
1178 3006 1278 3080 legitur
1292 3017 1320 3065 et
1332 3008 1450 3065 creditur
1459 3024 1514 3065 nou
1528 3024 1619 3080 posse,
1633 3009 1744 3067 utillud
1758 3012 1787 3069 in

990 3099 1112 3171 Epistola
1133 3101 1248 3158 loannis
1268 3106 1361 3160 :Deus
1372 3103 1459 3175 fidelis
1478 3107 1529 3171 est,
1549 3106 1665 3174 seipsam
1688 3121 1787 3176 aspare

138 3202 204 3260 dam
226 3202 261 3258 ab
281 3201 440 3274 hujusmodi
465 3200 626 3272 poenitentia
646 3197 854 3272 suspendendos
877 3215 936 3255 esse
988 3210 1041 3250 aen
1056 3200 1144 3266 potest
1167 3200 1206 3263 (ll
1223 3199 1291 3253 Tim.
1312 3199 1356 3269 ιι).
1377 3199 1449 3254 Hinc
1463 3198 1551 3269 inquit
1568 3199 1716 3272 Apostolus
1732 3219 1739 3255 ε
1755 3204 1788 3258 ia

133 3295 305 3369 judicarunt,
321 3294 446 3352 videlicet
457 3295 584 3368 juvenilis
597 3303 675 3362 aetas,
700 3301 728 3348 et
744 3293 836 3350 earnis
850 3292 933 3366 lragi-
987 3293 1040 3345 lieo
1053 3306 1108 3345 aaa
1125 3296 1164 3348 est
1181 3306 1232 3347 ess
1247 3296 1273 3346 et
1286 3305 1360 3360 nou,
1372 3292 1420 3347 sed
1441 3294 1470 3346 ia
1489 3292 1536 3347 illo
1550 3297 1589 3348 est
1602 3307 1656 3350 sss
1672 3295 1712 3362 (11
1724 3294 1784 3350 Cor.

138 3390 209 3446 litas.
237 3390 308 3446 Hinc
342 3390 370 3446 S.
400 3388 530 3447 Silvester
559 3405 628 3461 papa
657 3387 798 3445 constituit
824 3387 932 3453 (Condi.
987 3388 1019 3450 1).
1031 3383 1140 3440 Dicitur
1149 3385 1232 3440 etiam
1244 3383 1329 3440 libere
1340 3385 1443 3440 malum
1458 3399 1513 3440 non
1523 3400 1604 3457 posse
1616 3384 1717 3455 iacere,
1731 3403 1786 3443 non

136 3488 214 3542 Rom.
230 3500 255 3539 e.
273 3489 317 3552 11,
332 3484 438 3550 Laos,
454 3490 479 3538 t.
499 3485 534 3550 l.,
550 3498 611 3554 pag.
630 3483 719 3551 1553),
735 3489 766 3537 ut
780 3497 863 3537 nemo
877 3496 934 3553 pos⁴
987 3492 1067 3548 posse
1077 3477 1187 3542 mutari,
1200 3492 1256 3532 non
1268 3491 1347 3548 posse
1362 3475 1432 3544 lalli,
1447 3492 1503 3533 noa
1516 3494 1594 3548 posse
1606 3479 1687 3536 mori.
1701 3481 1785 3539 Unde

137 3577 284 3635 nitentiam
298 3576 346 3634 det
359 3575 477 3644 bomini,
489 3576 541 3631 nisi
554 3574 728 3647 quadraginta
743 3574 831 3630 aetatis
846 3590 934 3630 annos
987 3569 1159 3641 Augustinus
1176 3569 1206 3625 in
1220 3569 1290 3626 libre
1307 3585 1327 3625 v
1345 3573 1382 3625 lle
1398 3571 1784 3646 citritctelleilcapdmopp.
1824 3596 1828 3603 ·

136 3671 258 3727 babenti.
275 3674 344 3727 ltem
356 3673 382 3727 S.
401 3668 564 3725 Ambrosius
578 3668 607 3723 in
616 3667 685 3723 libro
698 3675 792 3722 contra
807 3666 934 3722 Novatia·
984 3670 1006 3719 t.
1021 3665 1091 3731 l'lll,
1103 3679 1163 3736 pag.
1179 3668 1238 3730 115)
1250 3680 1256 3717 :
1268 3665 1310 3720 Sic
1323 3666 1393 3718 earim
1403 3665 1449 3718 boe
1460 3664 1522 3734 (aaa
1532 3669 1621 3735 posse)
1633 3668 1743 3731 dieitur,
1755 3674 1787 3722 ai

135 3780 189 3820 nes
204 3764 232 3834 ll.
246 3780 283 3832 c.,
298 3780 360 3836 pag.
381 3765 433 3818 138
448 3761 565 3834 plenius)
583 3782 588 3818 :
608 3763 638 3819 si
651 3777 722 3825 earo,
742 3760 840 3832 inquit,
854 3776 933 3831 repo-
983 3760 1085 3829 potios,
1099 3760 1124 3812 si
1128 3761 1226 3828 posset,
1235 3759 1346 3812 minoris
1358 3760 1454 3828 atique
1459 3762 1603 3828 potestatis
1616 3765 1692 3816 esset.
1707 3765 1785 3818 Recte

134 3862 204 3928 pact
216 3860 309 3926 menti,
324 3873 370 3912 aec
388 3857 499 3912 subdita
516 3862 554 3912 est
570 3858 657 3911 animi
670 3855 859 3925 pooemomto,
879 3869 933 3910 ame
987 3851 1518 3922 itaqueomnipoteasdicitar,qaitamert
1527 3855 1785 3924 morifalliqaeaoa
1872 3920 1879 3943 ι

133 3967 260 4023 quereres
270 3967 349 4022 opera
360 3953 578 4021 penitentiam
589 3952 619 4004 ia
633 3952 693 4020 ipso
699 3950 862 4019 panitmtia
873 3951 933 4018 pot,
983 3950 1088 4016 petesi3
1101 3945 1289 4000 diciturenim
1302 3949 1478 4016 omaipoteas,
1491 3947 1616 4014 saoiatdo
1630 3948 1703 4018 qaod
1716 3947 1784 4018 oali,

133 4046 210 4116 qaod
221 4049 313 4114 postea
323 4046 444 4112 iadipeat
455 4046 617 4114 penitentia
627 4063 635 4111 3
646 4059 706 4114 qua
719 4045 745 4097 si
759 4044 838 4098 semel
847 4044 934 4111 (aerii
987 4055 1041 4095 aaa
1057 4039 1186 4111 patiendo
1200 4040 1272 4110 qttod
1292 4055 1345 4095 aaa
1364 4041 1439 4107 uuii;
1455 4040 1527 4114 quod
1552 4042 1578 4096 si
1597 4044 1623 4096 ea'
1639 4042 1782 4106 accideret,

133 4143 284 4207 usurpata,
297 4153 342 4192 aee
359 4141 409 4192 rite
421 4138 562 4200 celebrata,
579 4152 626 4191 aee
635 4138 737 4206 prioris
755 4138 876 4202 fructum
890 4136 933 4190 ob·
987 4136 1152 4205 omnipotens
1164 4150 1335 4205 tteqaaqoam
1355 4139 1433 4190 esset.
1458 4136 1532 4190 Unde
1551 4138 1694 4206 propterea
1713 4153 1785 4206 qraoe·

134 4234 215 4295 tieret,
228 4231 356 4298 eiaaseri
374 4246 453 4285 mam
465 4233 629 4300 posterioris.
647 4233 715 4285 ltem
730 4229 778 4285 88.
794 4228 887 4283 Patres
906 4228 934 4283 in
987 4228 1218 4299 damaoapotest,
1234 4230 1301 4299 qaia
1316 4232 1483 4299 omnipotens
1500 4232 1548 4284 esi.
1565 4228 1609 4284 Sic
1627 4229 1784 4300 utiquenec
1871 4216 1873 4221 ¹

135 4323 256 4381 concilio
278 4323 428 4395 agathensi
451 4322 568 4395 capitulo
596 4329 626 4379 17
653 4328 723 4394 (cap.
751 4327 799 4384 15;
824 4323 933 4390 Luam,
988 4321 1129 4377 rationalis
1141 4329 1276 4378 creaturae
1290 4329 1412 4392 potestas
1427 4322 1456 4377 in
1468 4329 1569 4378 aetema
1580 4320 1635 4376 rita
1650 4321 1784 4378 minuitur

134 4425 157 4475 t.
175 4419 221 4483 lV,
234 4435 258 4491 p.
279 4417 356 4490 1586)
370 4439 376 4474 :
392 4419 546 4486 thoeaibas,
559 4417 697 4490 inquiunt,
707 4418 868 4488 penitentia
878 4432 932 4471 aaa
988 4412 1037 4471 sed
1061 4420 1185 4486 augetur,
1208 4429 1273 4470 cum
1296 4414 1404 4486 penitus
1419 4414 1535 4485 plurima
1550 4414 1588 4470 ibi
1601 4430 1659 4470 nen
1672 4423 1782 4487 possem

136 4515 178 4567 est
195 4512 277 4579 facile
291 4513 493 4567 committenda.
509 4509 583 4581 Quid
600 4526 666 4584 ergo
681 4510 794 4577 mirum,
809 4509 831 4565 si
846 4511 877 4565 B.
894 4510 937 4564 ln-
989 4521 1051 4579 quae
1063 4514 1155 4564 mmen
1171 4505 1198 4562 in
1213 4505 1331 4562 bannita
1345 4506 1445 4580 degens
1465 4505 1662 4563 evidentissime
1682 4508 1781 4579 potuit.
1883 4524 1886 4533 ’

137 4605 285 4660 nocentius
298 4605 380 4661 etiam
396 4603 467 4660 banc
478 4618 589 4676 quoque
599 4620 712 4662 oausam
729 4602 855 4675 attendit,
869 4618 932 4660 cum
947 4604 974 4668 Ι)
988 4600 1081 4657 Potuit
1095 4599 1198 4657 etenim
1209 4601 1325 4669 esurire,
1338 4600 1424 4669 sitire,
1436 4599 1588 4672 corrumpi,
1604 4598 1707 4669 iallere,
1726 4584 1782 4660 ialli

137 4697 274 4770 virginem
289 4714 304 4754 a
319 4698 461 4771 proposito
474 4697 582 4770 lapsam
595 4696 763 4754 nondebere
777 4697 885 4754 admitti
898 4695 932 4752 ad
988 4703 1016 4753 et
1039 4695 1092 4752 alia
1106 4694 1265 4769 hujusmodi
1284 4702 1428 4764 sexcenta;
1444 4708 1505 4764 quae
1528 4702 1621 4750 tamen
1634 4693 1665 4751 iu
1680 4703 1782 4754 aeterna

135 4791 326 4864 paenitentiam
345 4791 465 4849 dixerit?
481 4790 617 4863 praecipue
632 4805 697 4846 eum
712 4789 795 4848 addat
810 4811 816 4846 :
839 4793 934 4859 Oeam
988 4791 1108 4848 vimnau
1121 4789 1232 4861 poterit,
1245 4788 1317 4844 etob
1329 4786 1474 4844 boeotiam
1486 4787 1524 4845 ibi
1537 4786 1783 4864 indubitanterpo-

134 4885 189 4943 dia
203 4892 342 4959 comptor
356 4887 413 4958 epos
427 4887 540 4943 uicerit
549 4886 621 4940 Nam
633 4898 665 4939 eo
678 4891 801 4955 tempore
815 4883 933 4940 maxime
986 4883 1088 4939 tentior
1100 4882 1160 4939 erit.
1182 4885 1254 4938 Nam
1267 4881 1334 4939 talia
1348 4881 1488 4939 bominem
1503 4897 1583 4955 posse
1596 4898 1652 4940 non
1674 4891 1717 4940 est
1729 4899 1781 4941 au-

133 4978 197 5055 ejus
214 4979 355 5053 fragilitati
371 4977 524 5036 carendum
544 4976 596 5034 luit
610 4993 643 5034 eo
660 4977 777 5043 vivente,
792 4992 857 5032 cum
878 4993 932 5049 quo
986 4978 1042 5034 ctio
1054 4976 1208 5048 potcstatis,
1223 4975 1270 5033 sed
1284 4975 1443 5033 comissimae
1453 4975 1588 5034 indicium
1602 4975 1779 5035 infirmitatis.

132 5074 268 5149 peccarit.
284 5077 333 5131 Est
344 5073 419 5129 enim
436 5071 661 5138 usitatissimum,
675 5078 706 5126 ut
717 5068 842 5126 homines
854 5070 931 5127 iacil·
1021 5069 1110 5127 Verba
1129 5077 1222 5126 autem
1236 5069 1282 5126 illa
1296 5071 1323 5127 S.
1340 5070 1514 5143 Hieronymi,
1527 5068 1602 5144 quod
1618 5086 1673 5127 non
1694 5071 1781 5143 possit

133 5168 202 5224 lime
220 5167 255 5225 ad
274 5184 322 5225 eos
340 5167 461 5238 redeant,
476 5183 538 5223 cum
557 5167 656 5239 quibus
671 5172 733 5222 ante
748 5172 931 5237 peccaverant,
985 5165 1061 5222 Deus
1085 5163 1219 5237 virginem
1243 5172 1305 5236 post
1327 5165 1437 5221 ruinam
1464 5165 1639 5232 resuscitare,
1665 5164 1782 5236 ipsemet

134 5260 280 5334 multoque
293 5261 405 5333 pronior
416 5269 459 5317 est
469 5261 588 5317 bumana
606 5260 739 5334 fragilitas
753 5257 789 5315 ad
804 5260 932 5316 usitatum
985 5257 1086 5316 ibidem
1111 5259 1247 5329 exposuit,
1260 5274 1324 5315 cum
1339 5258 1478 5332 subjunxit
1501 5276 1508 5314 :
1527 5260 1606 5316 Valet
1625 5257 1735 5327 quidem
1749 5257 1783 5312 de

133 5335 430 5421 volutabrum⁸redire,
446 5369 528 5427 quam
550 5354 658 5426 aliquod
681 5368 782 5410 novum
796 5352 884 5410 scelus
905 5353 933 5410 in
984 5368 1067 5426 parra
1090 5352 1214 5419 liberare,
1233 5353 1280 5408 sed
1293 5369 1346 5408 aaa
1367 5354 1439 5409 colei
1462 5356 1615 5422 coemptam
1637 5363 1781 5405 coronare:

133 5447 234 5522 primis
247 5464 423 5523 praesomere.
439 5450 503 5505 Non
514 5463 581 5520 ergo
594 5447 708 5516 mirum,
722 5448 745 5504 si
757 5449 785 5504 S.
801 5449 934 5504 lnnocen-
986 5449 1054 5519 qaia
1062 5447 1156 5518 jessias
1175 5446 1264 5517 judea
1282 5451 1331 5516 est,
1346 5447 1424 5518 enjus
1448 5446 1588 5519 dispositio
1607 5446 1714 5498 mutari
1730 5458 1783 5499 aon

134 5543 194 5600 tius
208 5542 365 5616 hujusmodi
378 5543 486 5614 lapsam
501 5556 589 5614 usque
608 5540 644 5598 ad
667 5541 774 5599 obitum
788 5549 932 5613 cormpto·
983 5545 1081 5613 potest.
1093 5543 1171 5597 Hanc
1190 5555 1301 5613 quoque
1314 5540 1482 5598 sententiam
1507 5537 1541 5593 de
1554 5535 1655 5593 amissa
1668 5537 1781 5611 virgini-

134 5635 206 5693 risa
227 5634 389 5709 poenitentia
411 5634 562 5708 suspendit,
583 5649 620 5691 ne
642 5634 672 5690 in
691 5635 750 5707 ipsa
774 5635 933 5708 poenitentia
987 5642 1044 5691 tate
1058 5634 1145 5691 sancti
1160 5641 1294 5707 martyres
1307 5636 1414 5690 Nereus
1427 5640 1456 5689 et
1474 5629 1617 5690 Acbilleus
1631 5646 1647 5688 a
1660 5631 1785 5689 B.Petro

176 5774 268 5849 (titt)
281 5773 419 5833 Audacter
431 5774 628 5847 loquarecum
641 5772 736 5832 omnia
749 5774 837 5844 possit
847 5776 932 5842 Deus,
986 5781 1153 5844 corruptam.
1181 5773 1210 5830 S.
1241 5773 1372 5836 Hieron„
1398 5771 1479 5843 epist.
1511 5775 1561 5839 18,
1584 5769 1620 5828 ad
1651 5769 1782 5828 eostam.
1866 5802 1876 5819 κ

136 5847 271 5903 suscitare
296 5847 430 5921 virginem
454 5861 512 5902 nou
524 5853 616 5917 potest
626 5853 689 5917 post
709 5844 827 5902 ruinam.
854 5844 934 5902 Valet
985 5845 1059 5919 Opp.
1074 5852 1095 5901 t.
1111 5848 1158 5916 lv,
1173 5860 1204 5920 p.
1217 5858 1253 5913 u,
1268 5858 1332 5916 pag.
1348 5847 1393 5901 21.

135 5917 249 5992 quidem
263 5918 377 5978 liberere
390 5917 426 5979 de
448 5932 538 5993 pient,
558 5916 608 5976 ted
627 5932 686 5975 nau
703 5916 777 5977 salet
798 5930 933 5974 coronare
