3884 6158
157 232 207 290 tls
504 278 507 283 .
712 239 811 296 brusts
829 240 1005 300 SEPTIMUS.
1025 273 1059 284 -
1078 243 1184 303 EPlSl'.
1201 243 1246 298 Vl.
1733 240 1802 301 'did

184 357 351 443 murteo
363 360 487 416 summm
496 361 532 416 ob
543 375 573 417 eo
586 362 624 417 od
637 376 664 418 se
674 365 760 429 mitti,
773 366 821 434 qui
834 371 861 421 et
872 368 950 422 illiue
963 375 991 434 Α
1004 374 1064 423 tum
1083 366 1207 425 caecitate
1221 364 1397 440 ignorantia,
1413 373 1475 422 tum
1489 365 1627 424 obstinata
1641 368 1800 425 temeritate

187 435 278 499 im
288 445 374 486 ’Μ
387 432 576 504 ³⁶⁶i³²im³
588 438 615 489 θ’
627 430 733 491 'idm
747 438 899 506 ⁰P⁰⁸²⁰¹f⁰oe
912 454 951 494 ³⁰·
1004 470 1165 531 caruerant,
1183 469 1276 518 restra
1290 468 1443 517 mereretur
1463 461 1598 533 suscipere
1611 461 1736 517 sublimis
1751 461 1802 517 hu·

180 501 233 654 g„
249 501 501 612 mmm
512 507 645 576 mm
817 604 824 618 ,
1004 555 1108 612 militas
1116 564 1145 611 et
1155 554 1245 612 tidelis
1259 553 1426 611 obedientia.
1438 556 1544 611 Verum
1553 554 1616 626 quia
1633 570 1717 611 omne
1729 571 1800 627 opus

207 608 950 674 Βωῃωθωοῳωωῃωποωωῦθὴ’100Νο
1004 646 1110 704 bonum
1121 663 1176 703 non
1190 656 1249 704 tam
1263 647 1299 704 ab
1313 648 1443 720 incoeptu,
1454 663 1536 720 quam
1547 664 1580 704 ex
1591 647 1645 706 line
1656 664 1707 706 suo
1720 649 1801 705 retri-

150 690 282 761 [Cnnntc]
301 693 359 766 regi
375 696 521 752 Dacorum
534 697 654 754 salutem
667 706 697 755 et
710 699 892 772 apostolicam
906 700 950 757 he

151 782 348 841 nedicticnem.

184 876 299 934 sincero
313 878 456 937 charitatis
471 879 575 939 ellectu
585 881 722 941 dilectioni
732 892 789 942 tute
802 893 950 959 congratu-

147 968 252 1040 lamur,
262 971 409 1044 quia,licet
417 973 444 1029 in
457 974 561 1031 ultimis
572 984 710 1034 terrarum
718 977 821 1036 linibus
830 979 948 1052 positus,

147 1077 182 1121 ea
196 1071 296 1122 tamen
312 1080 375 1138 quae
390 1065 427 1123 ad
446 1068 610 1127 Christianae
621 1071 762 1143 religionis
775 1073 880 1130 cultum
893 1090 949 1145 per-

144 1156 241 1215 tinere
263 1167 425 1230 noscuntur,
449 1161 593 1234 vigilanter
621 1164 717 1222 studes
742 1164 898 1238 inquirere,
922 1176 950 1225 et

143 1250 226 1326 qnod
239 1261 369 1311 sanctam
381 1257 540 1313 Romanam
558 1257 707 1315 Ecclesiam
728 1267 849 1316 matrem
870 1267 950 1317 tuam

145 1353 175 1403 et
189 1345 384 1406 universorum
397 1365 608 1423 recognoscens,
621 1351 706 1425 ipsius
720 1351 886 1410 documenta
899 1354 948 1410 tibi

145 1448 268 1513 exoptas
287 1450 316 1499 et
333 1443 466 1516 exposcis.
490 1445 628 1502 Volumus
642 1446 727 1502 ctiam
750 1454 833 1519 atque
852 1462 949 1505 monc-

1003 739 1126 797 butionis
1139 740 1262 798 debitum
1277 749 1400 814 spectat,
1413 741 1608 798 excellentiam
1621 749 1739 799 vestram
1754 758 1801 814 pa·

1003 840 1083 890 tema
1095 834 1226 891 charitate
1240 850 1397 903 monemus,
1419 842 1451 892 ut
1462 835 1535 908 quod
1551 852 1567 892 a
1592 836 1688 909 legatis
1698 837 1801 894 nostris

1003 930 1038 986 de
1051 928 1185 1001 religione
1202 927 1265 985 fidei
1280 936 1309 986 et
1325 928 1500 986 ecclesiastici
1521 929 1627 986 ordinis
1642 930 1800 1002 accepistis,

1003 1029 1032 1078 et
1050 1021 1150 1088 adhuc,
1165 1024 1225 1079 Deo
1239 1029 1362 1090 auctore,
1374 1021 1511 1094 accepturi
1525 1023 1606 1092 estis,
1627 1022 1744 1081 firmiter
1757 1030 1802 1082 te·

1003 1115 1090 1173 neatis
1112 1137 1118 1173 :
1138 1116 1203 1189 quia
1221 1117 1292 1173 sicut
1305 1123 1379 1172 certa
1393 1131 1455 1188 spes
1479 1115 1575 1172 salutis
1587 1124 1629 1172 est
1643 1115 1686 1174 bis
1701 1118 1748 1190 qui
1771 1117 1800 1174 in

1003 1210 1195 1267 observatione
1206 1209 1271 1267 ddei
1287 1217 1315 1267 et
1326 1209 1459 1267 doctrinae
1477 1208 1557 1282 hujus
1570 1217 1672 1268 sanctae
1690 1220 1800 1283 aposto·

1003 1305 1062 1360 licae
1077 1304 1148 1361 sedis
1160 1312 1330 1376 permanent,
1344 1304 1381 1359 ita
1400 1303 1512 1375 illisqui
1526 1302 1561 1359 ab
1583 1303 1641 1377 eius
1655 1304 1801 1362 concordia

1002 1406 1030 1456 et
1042 1398 1149 1455 unitate
1163 1396 1384 1466 exorbitaverint,
1407 1396 1481 1455 baud
1503 1397 1594 1454 dubios
1614 1397 1801 1454 damnationis

1001 1499 1093 1549 terror
1101 1491 1238 1548 imminet.
1252 1495 1287 1548 Et
1301 1490 1413 1564 quidem
1427 1489 1462 1547 de
1476 1491 1554 1547 vobis
1565 1490 1636 1548 bene
1646 1505 1800 1564 speramus,

1002 1586 1132 1658 quoniam
1150 1585 1283 1643 relatione
1301 1584 1395 1642 dilecti
1416 1584 1464 1641 dlii
1485 1585 1573 1642 nostri
1595 1584 1723 1641 Richardi
1739 1599 1799 1642 car-

1001 1676 1102 1736 dinalis
1117 1680 1266 1753 presbyteri
1281 1687 1384 1736 sanctae
1397 1680 1534 1735 Romanae
1555 1678 1699 1744 Ecclesia,
1715 1693 1798 1750 quem

1003 1789 1077 1830 nunc
1092 1772 1212 1830 secundo
1226 1771 1262 1829 ad
1285 1788 1333 1829 ros
1348 1772 1501 1838 mittimus,
1515 1771 1617 1829 bonam
1629 1771 1799 1827 voluntatem

999 1882 1049 1923 sos
1059 1866 1161 1924 babere
1170 1866 1368 1923 intelleximus.
1381 1865 1436 1923 Sed
1450 1866 1585 1939 quoniam
1599 1863 1699 1922 devota
1713 1864 1798 1922 corda

999 1976 1109 2033 semper
1122 1961 1309 2018 admonitione
1326 1959 1460 2035 gaudent,
1472 1967 1500 2016 et
1512 1960 1572 2016 istm
1586 1958 1671 2015 etiam
1685 1958 1799 2016 virtutes

999 2054 1129 2111 exercitio
1142 2052 1279 2128 indigent,
1290 2052 1622 2111 hortamureminentiam
1635 2059 1756 2109 vestram
1767 2060 1799 2109 nt

1000 2148 1034 2205 ab
1049 2148 1101 2205 bac
1111 2156 1218 2205 terrena
1236 2147 1377 2205 etcaduca
1392 2147 1525 2220 dignitate
1537 2145 1571 2203 ad
1585 2146 1658 2203 illam
1670 2161 1732 2218 quae
1743 2161 1799 2204 coe·

1000 2240 1078 2298 lestis
1096 2250 1124 2298 et
1135 2250 1238 2299 aeterna
1252 2249 1294 2299 cst
1307 2251 1430 2298 mentem
1444 2242 1528 2310 levet3
1543 2238 1594 2296 hac
1612 2248 1706 2297 utatur
1726 2239 1799 2297 sieut

999 2334 1155 2393 transitoria
1169 2340 1199 2392 et
1211 2335 1266 2392 cito
1289 2335 1417 2407 peritura,
1431 2334 1507 2390 illam
1520 2338 1630 2406 appetat
1644 2348 1706 2406 quae
1717 2341 1796 2390 aeter·

999 2429 1117 2485 nitatem
1132 2429 1235 2501 pariter
1243 2428 1327 2486 habet
1338 2437 1365 2485 et
1374 2427 1467 2502 gloriae
1479 2427 1686 2500 plenitudinem.
1702 2430 1797 2484 Atten-

1000 2521 1064 2579 dere
1074 2523 1149 2578 enim
1163 2531 1190 2578 et
1201 2523 1318 2579 sollicite
1328 2538 1443 2594 pensare
1458 2520 1561 2579 debetis
1578 2522 1709 2595 quoniam
1724 2537 1796 2594 quo·

996 2615 1064 2672 tidie
1078 2614 1113 2671 ad
1128 2614 1213 2672 linem
1225 2615 1288 2672 vitae
1303 2616 1425 2671 volentes
1439 2615 1617 2688 nolentesque
1629 2615 1794 2688 properatis,

1000 2716 1028 2764 et
1042 2707 1173 2781 quidquid
1187 2708 1353 2779 divitiarum,
1374 2708 1496 2778 honoris,
1514 2709 1653 2780 potentiae,
1669 2725 1742 2765 nunc
1755 2724 1798 2764 ar·

998 2802 1080 2872 ridet,
1096 2801 1185 2857 vicina
1204 2817 1290 2871 mors,
1309 2817 1374 2858 cum
1388 2801 1502 2857 minime
1514 2809 1638 2874 putatur,
1656 2802 1751 2874 rapiet,
1767 2809 1796 2859 et

998 2894 1092 2951 omnia
1103 2894 1222 2952 tenebris
1236 2902 1263 2951 et
1276 2893 1455 2950 amaritudine
1469 2893 1586 2951 claudet.
1606 2896 1676 2964 Qua
1688 2910 1752 2967 ergo
1767 2894 1795 2951 in

998 2989 1051 3046 illis
1061 3003 1133 3061 spes,
1144 3004 1205 3062 quae
1219 2987 1315 3063 gloria,
1328 3003 1392 3061 quas
1401 2988 1555 3057 delectatio,
1569 2995 1617 3044 aut
1628 2986 1794 3045 desiderium

961 3105 985 3171 c
998 3098 1059 3140 esse
1073 3082 1163 3152 debet,
1176 3098 1239 3156 quac
1251 3099 1280 3139 se
1292 3090 1417 3139 amantes
1429 3080 1579 3154 decipiunt,
1594 3090 1740 3154 sequentes
1752 3080 1794 3139 fu·

999 3177 1087 3250 giunt,
1101 3175 1233 3234 babentes
1247 3176 1461 3250 derelinquunt?
1474 3178 1585 3247 Quanto
1604 3183 1697 3232 autem
1713 3175 1742 3232 in
1752 3174 1794 3232 bis

998 3270 1116 3344 quisque
1131 3273 1225 3327 minus
1239 3270 1399 3338 delectatur,
1419 3270 1565 3342 minusque
1575 3269 1694 3327 elatione
1712 3284 1795 3341 super
1866 3314 1873 3320 .

997 3378 1027 3420 se
1041 3364 1156 3435 rapitur,
1171 3369 1247 3419 tanto
1261 3363 1382 3419 securius
1397 3361 1431 3419 ad
1447 3377 1478 3418 ca
1490 3376 1554 3434 quae
1568 3377 1629 3418 vera
1643 3369 1709 3419 sunt
1720 3360 1793 3418 bone

996 3455 1149 3513 deducitur.
1174 3455 1259 3529 Cujus
1280 3455 1318 3512 rei
1341 3454 1497 3528 exemplum
1519 3454 1577 3527 ipse
1600 3454 1736 3512 Dominus
1759 3470 1791 3512 ac

430 3597 436 3609 .
610 3597 617 3609 .
997 3549 1123 3608 silvam
1144 3558 1242 3607 noster
1255 3550 1335 3606 lesus
1357 3548 1483 3606 Christus
1497 3557 1590 3621 aperte
1615 3548 1791 3619 monstravit,

174 3601 252 3656 Dm
270 3598 373 3656 ΒΜ
394 3596 490 3655 Idm
504 3597 642 3655 (mm
997 3660 1060 3702 cum
1076 3643 1199 3700 oblatum
1212 3643 1263 3699 sibi
1285 3642 1320 3699 ab
1334 3642 1490 3699 hominibus
1508 3658 1624 3716 regnum
1637 3642 1681 3716 pia
1699 3642 1793 3699 bumi-

426 3702 604 3758 EPlSTOLA
616 3703 663 3759 w·
997 3736 1073 3794 litate
1093 3737 1208 3810 respuit,
1224 3752 1276 3794 nec
1300 3736 1421 3810 speciem
1432 3735 1545 3809 quidem
1567 3744 1686 3793 terrena
1704 3734 1791 3793 subli-

249 3817 296 3861 ¹¹³
320 3817 510 3862 “mmm
530 3819 637 3862 ΜΠ
658 3818 832 3863 “mm
996 3829 1102 3888 mitatis
1113 3830 1238 3887 inoculis
1249 3828 1497 3904 hominumgerere
1508 3828 1605 3898 soluit,
1621 3827 1706 3902 quiin
1717 3827 1793 3885 bunc

437 3901 532 3965 (Am
559 3904 653 3967 ¹⁰⁷⁹·)
996 3923 1148 3993 mnndum,
1163 3931 1195 3979 ut
1216 3938 1266 3979 nos
1285 3921 1320 3978 ad
1338 3937 1456 3995 regnum
1478 3921 1590 3978 coeleste
1611 3919 1791 3992 perduceret,

153 3995 348 4057 midi
364 4000 481 4071 ‘insidi
493 4006 520 4056 ⁸²
532 4001 941 4086 θῦθᾶῑθηῑῑᾱβΐθᾱψθξῖθῑῑωῖη
995 4017 1080 4074 venit.
1096 4018 1268 4090 Quapropter
1285 4015 1355 4072 sicut
1369 4013 1560 4072 charissimum
1575 4013 1661 4070 filium
1682 4029 1731 4071 vos
1743 4014 1793 4072 ad·

177 4073 279 4129 sedern.
302 4074 436 4128 Hortntur
453 4073 490 4128 nd
507 4077 738 4143 perseverentiam
760 4073 822 4128 bont
841 4089 939 4144 operas.

176 4145 264 4201 mm,
276 4139 434 4199 damam
448 4158 569 4207 auream,
586 4147 616 4199 i„
630 4160 684 4215 qua
696 4144 729 4199 de
749 4145 850 4200 cutm-s
870 4145 944 4200 bean·
995 4126 1152 4179 monemus,
1173 4119 1205 4167 ut
1217 4110 1277 4166 baec
1290 4108 1385 4166 scdulo
1401 4109 1544 4165 vobiscum
1558 4106 1722 4181 cogitantes,
1742 4124 1792 4165 co-

177 4215 253 4271 l’etri
270 4216 431 4279 metiatur,
447 4219 472 4270 et
492 4217 609 4286 tapetum
632 4230 710 4271 suom
729 4216 755 4272 es·
775 4216 941 4271 commendat
995 4219 1055 4262 ram
1068 4204 1115 4261 illo
1129 4219 1178 4260 vos
1192 4201 1345 4260 exhibeatis
1358 4201 1562 4275 humilem,qni
1582 4218 1631 4259 vos
1645 4202 1787 4260 constituit

175 4285 260 4356 llll·m
270 4300 319 4341 ⁸¹⁴⁰
330 4288 437 4342 mim
447 4287 606 4343 Mamm·
995 4297 1071 4354 valde
1085 4297 1241 4365 sublimem,
1257 4303 1286 4352 et
1297 4296 1368 4352 inter
1377 4296 1471 4352 omnia
1483 4302 1510 4351 et
1523 4311 1579 4368 prae
1588 4295 1717 4353 omnibns
1731 4299 1791 4352 Dec
1811 4351 1815 4358 ,

178 4387 357 4446 Guncnrus
368 4386 524 4462 episcopus,
534 4405 630 4446 servus
643 4404 786 4447 serrorum
799 4387 860 4458 Dei,
875 4387 940 4445 cba-
996 4391 1103 4463 placere
1116 4389 1273 4457 studentes,
1297 4387 1448 4446 commissa
1461 4387 1538 4444 vobis
1559 4386 1638 4461 regni
1652 4388 1792 4462 guberna-

151 4474 249 4538 rinno
260 4481 291 4537 in
304 4480 415 4539 Christo
430 4482 486 4540 lilio
502 4486 665 4541 hernonso
678 4484 760 4553 [deest
773 4483 940 4556 Alphens01,
953 4473 980 4538 I)
996 4484 1058 4541 cula
1071 4484 1109 4539 ita
1123 4482 1316 4539 administrare
1330 4496 1394 4537 cum
1404 4480 1455 4538 Dei
1467 4479 1603 4553 adjutorio
1616 4481 1767 4553 procuretis
1780 4496 1788 4537 t

151 4568 262 4640 dumoso
281 4574 339 4648 regi
353 4574 561 4648 Hispaniarum,
576 4578 694 4634 salutem
709 4585 738 4634 et
756 4576 938 4650 apostolicam
993 4585 1129 4652 quatenus
1140 4583 1228 4634 vestra
1240 4574 1389 4632 eminentia
1397 4574 1505 4631 nullum
1518 4572 1619 4631 futura
1630 4573 1791 4648 abjectionis

150 4655 369 4726 benedictionem.
996 4679 1045 4729 aut
1059 4669 1205 4727 infortunii
1216 4684 1310 4727 casum
1320 4668 1432 4737 sentiat,
1445 4666 1493 4725 sed
1507 4667 1543 4725 ad
1555 4683 1688 4724 coronam
1701 4668 1790 4726 incor-

175 4761 372 4833 Omnipotenti
394 4763 456 4820 Deo
477 4761 573 4821 laudea
587 4769 616 4821 ct
634 4763 738 4837 gratias
758 4763 876 4838 agimus,
890 4764 938 4838 qui
994 4764 1131 4836 ruptibilis
1151 4763 1230 4836 regni
1254 4770 1283 4820 et
1301 4761 1403 4820 solium
1418 4770 1527 4819 aemrnae
1541 4761 1635 4836 glorias
1656 4770 1788 4821 transeat.

150 4849 256 4921 limiam
268 4863 392 4912 vestram
405 4857 493 4930 gratia
513 4872 571 4915 suae
593 4856 758 4916 visitationis
781 4857 937 4928 illustrans,
994 4861 1035 4916 Ut
1055 4867 1150 4914 autem
1163 4866 1258 4913 nostra
1273 4855 1428 4915 exhortatio
1441 4855 1518 4913 cordi
1533 4864 1626 4913 vestro
1640 4856 1722 4914 altius
1736 4857 1789 4913 im·

150 4940 267 5010 ll’etro
280 4950 469 5024 apostolorum
479 4950 594 5025 principi
608 4951 663 5008 ilde
676 4952 938 5010 acdevotioneccn·
994 4953 1139 5026 primatur,
1159 4968 1193 5008 ex
1209 4965 1287 5008 more
1305 4958 1463 5008 sanctorum
1477 4950 1607 5008 misimus
1621 4951 1698 5009 vobis
1711 4951 1791 5009 clavi·

145 1548 226 1604 mus,
240 1536 277 1605 [s.
292 1544 333 1605 nt,
355 1537 469 1608 Herm]
481 1538 510 1594 in
524 1538 569 1594 bis
587 1537 686 1596 studiis
703 1547 732 1596 et
745 1539 890 1598 desideriis
903 1540 951 1598 dc·

145 1628 226 1685 sotio
238 1636 289 1684 tua
303 1629 462 1703 persistens,
476 1639 504 1687 et
522 1640 656 1704 qnantum
669 1633 756 1706 pietas
770 1633 861 1690 divina
880 1649 951 1706 prae·

141 1720 248 1779 stiterit
256 1737 395 1795 crescens,
404 1724 582 1782 nullatenusa
593 1726 733 1799 proposito
740 1734 816 1784 recto
827 1727 947 1796 deliciat,
961 1737 986 1800 B

145 1813 194 1873 sed
213 1816 250 1873 ad
266 1816 381 1874 meliora
393 1817 525 1891 quotidie,
545 1819 617 1876 sicut
630 1820 795 1893 pmdeutem
811 1820 904 1877 virum
918 1828 946 1878 et

146 1908 253 1982 regiam
273 1909 355 1967 decet
367 1912 568 1980 constantiam,
587 1912 744 1970 roboretur.
766 1913 944 1972 Animadver-

147 2009 204 2060 lcre
217 2002 355 2076 siquidem
364 2002 448 2061 debet
459 2006 620 2063 excellentia
630 2014 678 2064 tua
690 2006 765 2079 quod
774 2016 879 2080 quanto
888 2009 946 2082 plu·

147 2095 222 2153 rihm
239 2098 429 2169 supereminet
448 2115 481 2156 ac
498 2098 667 2170 dominatur,
682 2108 760 2158 tanto
783 2101 872 2175 magis
892 2102 945 2159 sibi

147 2188 273 2249 subditos
287 2199 379 2263 potest
397 2194 524 2266 exemplo
535 2209 586 2250 suo
599 2202 648 2251 aut
664 2193 701 2251 ad
719 2193 840 2252 deterius
860 2194 946 2268 (quod

147 2281 225 2356 absit)
240 2283 397 2357 inflectere,
414 2294 464 2344 aut
487 2286 523 2345 ad
542 2302 641 2344 sanum
658 2288 807 2346 eonsilium
829 2289 946 2363 ignavos

147 2376 229 2435 etiam
241 2394 402 2451 provocare.
418 2381 523 2437 lntucri
546 2396 657 2454 quoque
675 2381 850 2455 prudentiam
868 2391 946 2440 tuam

147 2485 262 2531 necesse
278 2482 321 2530 est
334 2474 492 2547 temporalis
504 2474 566 2532 vitae
579 2473 678 2546 gaudia
687 2492 776 2548 ‚quam
790 2476 846 2531 sint
859 2475 947 2533 cadu-

146 2579 184 2635 ta,
196 2582 287 2640 qnam
293 2565 419 2642 fugitiva,
429 2584 501 2641 quac,
510 2567 561 2626 etsi
570 2569 627 2625 rita
636 2569 685 2626 diu
694 2569 854 2628 crederetur
866 2586 943 2626 man·

146 2672 205 2717 tura
224 2666 321 2719 tamm
335 2676 408 2734 saepe
422 2663 518 2721 multis
531 2662 652 2722 aduersis
664 2679 699 2720 ex
714 2663 865 2736 improviso
876 2654 942 2721 ¹sur-

146 2753 275 2825 gentibus
295 2768 393 2812 secura
405 2762 481 2812 stare
494 2771 551 2813 non
572 2764 697 2828 possunt.
711 2755 794 2815 Unde
815 2772 943 2814 summo-

147 2860 207 2917 pere
218 2862 319 2904 curare
332 2854 441 2921 oportet
451 2855 482 2905 ut
495 2848 530 2906 ad
544 2849 588 2906 illa
601 2865 663 2922 quae
677 2848 792 2907 transire
805 2849 942 2919 nesciunt,

146 2939 338 2999 ctbabentem
350 2942 476 3001 deserere
498 2951 655 3015 nequeunt,
670 2958 780 3016 gressus
793 2951 858 3003 tuos
872 2959 943 3000 con·

147 3041 252 3093 tenter
263 3032 376 3108 dirigas,
391 3042 419 3094 et
432 3032 564 3093 allectum
584 3036 684 3093 mentis
698 3035 836 3095 intendas.
851 3038 942 3110 Cupe-

145 3142 237 3187 remns
255 3129 380 3187 nimium
393 3116 469 3187 certe
480 3129 515 3187 de
529 3130 628 3187 vestris
639 3129 759 3204 aliquem
774 3130 942 3204 prudentem

147 3222 277 3281 clericum
291 3221 328 3280 ad
340 3238 393 3281 nos
407 3223 508 3294 venire,
524 3223 609 3296 quiet
628 3232 725 3282 vestrae
740 3224 830 3299 gentis
850 3240 943 3283 mores

146 3329 188 3375 ten
202 3315 391 3374 continentias
411 3316 496 3374 sciret
515 3316 597 3375 nobis
617 3316 736 3390 pleniter
755 3318 898 3388 intimare,
915 3326 944 3375 et

147 3409 301 3485 apostoliam
321 3409 395 3468 sedis
416 3408 582 3467 documenta
602 3411 661 3468 sive
683 3411 815 3470 mandata
835 3412 943 3485 plenius

148 3504 268 3563 nuditm
283 3502 319 3562 ad
331 3518 380 3561 ros
393 3511 488 3577 posset
500 3503 629 3577 perlerre.

149 5031 248 5112 inxit,
269 5043 316 5102 cui
339 5059 436 5102 omncs
457 5043 627 5118 principatus
646 5053 674 5103 et
695 5053 843 5118 potestates
862 5046 940 5103 orbis
992 5047 1085 5105 culam
1097 5044 1249 5103 aureamin
1261 5060 1315 5118 qua
1327 5044 1362 5102 de
1377 5042 1483 5101 catenis
1500 5044 1572 5101 beati
1588 5045 1662 5102 Petri
1676 5044 1789 5103 benedi·

149 5133 273 5194 letarum
292 5136 452 5211 subjiciens,
474 5137 518 5212 jus
539 5136 643 5213 ligandi
658 5145 744 5212 atque
763 5137 886 5196 solvendi
909 5139 939 5196 in
993 5139 1232 5207 ctiocontinetnr3
1248 5145 1384 5211 quatenus
1398 5152 1446 5211 per
1459 5136 1519 5210 ejus
1538 5137 1681 5211 prasentia
1696 5147 1789 5211 patro·

150 5229 286 5290 euecta
301 5237 377 5287 terra
388 5230 566 5289 contradidit.
582 5236 641 5306 Qna
653 5231 729 5290 dere
742 5239 771 5289 et
783 5231 862 5289 robis
879 5246 939 5289 me-
993 5233 1064 5290 cinia
1090 5232 1219 5290 uberiora
1241 5247 1305 5305 erga
1326 5246 1376 5288 vos
1397 5230 1528 5289 beneficia
1548 5231 1688 5299 sentiatis,
1712 5239 1739 5288 et
1760 5231 1789 5288 in

150 5316 192 5382 dle
215 5322 398 5398 gaudendum
418 5330 472 5393 est,
494 5325 627 5398 quoniam
650 5341 683 5383 eo
704 5325 838 5399 ampliora
860 5324 939 5383 robis
992 5342 1088 5384 amore
1104 5326 1191 5400 ipsius
1207 5325 1241 5382 de
1254 5324 1426 5382 dieindiem
1440 5325 1575 5382 ferventes
1589 5324 1787 5395 accendamini,

149 5425 233 5482 lerata
249 5423 316 5475 aunt
331 5417 461 5490 praemia,
478 5433 534 5491 quo
550 5417 642 5475 divina
653 5419 778 5494 dignatio
790 5420 939 5478 correctio·
992 5428 1181 5493 promerentes
1193 5426 1224 5475 ut
1247 5418 1421 5490 omnipotens
1442 5418 1533 5487 Deus,
1547 5417 1595 5491 qui
1607 5418 1683 5475 illum
1705 5418 1789 5477 admi·

149 5510 298 5585 ltmreqni
314 5512 412 5581 vestri,
432 5511 509 5586 quod
533 5511 581 5569 diu
604 5511 633 5568 in
646 5526 741 5571 errore
766 5515 937 5586 perstiterat,
992 5514 1069 5572 rabili
1083 5513 1233 5586 potentiae
1247 5512 1362 5569 nexibus
1376 5510 1474 5568 ferreis
1488 5510 1626 5583 liberavit,
1648 5512 1707 5586 ejus
1726 5529 1788 5570 me·

147 5613 228 5680 mque
250 5605 391 5665 adrestra
410 5605 562 5666 merserit
583 5613 728 5678 tempora,
747 5614 780 5664 ut
793 5608 938 5666 veritatem
991 5608 1053 5665 ritis
1071 5614 1098 5664 ct
1122 5606 1365 5664 intercessionibus
1385 5621 1434 5663 vos
1453 5604 1488 5662 ab
1512 5607 1641 5663 omnium
1663 5613 1789 5679 peccato·

147 5694 191 5757 bet
204 5706 236 5759 et
253 5698 403 5773 iustitiam,
417 5717 474 5776 qna
487 5700 528 5759 illi
550 5700 596 5776 qui
610 5714 661 5758 ros
674 5710 874 5774 precesserunt
891 5717 938 5758 re·
991 5717 1057 5759 rum
1077 5708 1237 5758 vestromm
1251 5699 1367 5757 vinculis
1383 5697 1520 5765 absolvat,
1536 5696 1613 5755 etad
1634 5698 1734 5771 gaudia
1748 5712 1789 5754 a·

148 5795 232 5854 sitm
243 5800 275 5852 ct
288 5791 438 5869 principes,
449 5801 479 5853 et
491 5795 636 5854 universus
651 5795 780 5869 populus,
802 5803 844 5852 tot
857 5796 937 5853 annis
991 5803 1070 5853 terna
1084 5792 1226 5867 perducat.
1242 5791 1287 5852 hd
1300 5791 1360 5849 hec
1373 5787 1601 5848 commendamus
1615 5787 1695 5849 vobis
1713 5787 1789 5849 bunc
