3870 6164
25 222 30 227 ’
119 241 157 293 ss
618 220 880 296 rnosacouaua.
900 269 935 281 -
954 200 1041 297 nara
1061 241 1090 295 s.
1110 238 1285 296 cnaoovuv.
1596 213 1599 219 ’
1742 247 1777 300 aa

119 377 189 417 nem
213 356 427 417 cluniacensem
442 359 471 415 in
485 360 614 426 avunculi
632 363 833 420 morrasterium
846 363 925 421 indu·
938 372 966 435 Α
980 364 1021 421 sic
1030 367 1113 421 etiam
1128 365 1195 421 verti
1211 363 1282 421 laudi
1303 362 1387 420 debet
1399 362 1485 435 quod,
1501 364 1596 421 videos
1615 380 1694 423 suam
1712 383 1777 440 pro-

118 454 260 521 eendam;
277 452 455 526 priuatamen
469 454 720 531 occasionealiqua
734 456 840 514 dederit
853 473 883 514 se
896 458 926 514 iu
981 459 1133 515 motionem
1149 457 1295 531 displicere
1312 457 1433 530 Principi
1445 458 1614 531 synodoque
1630 461 1778 534 Episcopo-

118 550 216 607 aulam
231 546 422 619 imperatoris,
437 562 470 604 ac
480 547 592 605 tandem
607 549 728 606 ftomam
742 550 926 608 seueritcirca
980 566 1055 620 rum,
1067 552 1132 608 licet
1143 551 1179 607 de
1193 566 1273 607 causa
1288 549 1457 617 informatis,
1472 534 1631 608 mouniiare
1641 554 1778 624 maluerit,

119 658 230 700 annum
243 640 389 698 retatistt.
402 639 504 698 Christi
524 647 601 698 1044.
619 643 671 699 Ηίο
682 659 746 701 aero
760 660 825 701 cum
838 645 926 718 pejori
981 660 1064 719 quam
1090 661 1106 701 a
1128 660 1158 700 se
1182 643 1360 700 constitutam
1384 659 1480 716 pacem
1507 644 1659 702 obtinendo
1680 646 1778 705 dissol-

123 737 222 794 omnia
235 735 264 791 in
277 742 350 791 statu
361 733 512 808 reperisset
522 751 605 807 quam
620 745 713 806 antea,
722 737 831 795 duobus
843 739 925 796 simul
980 753 1054 795 vare.

126 835 260 902 Papamm
275 826 445 901 gerentibus,
465 843 499 885 eo
513 829 617 886 seilicet
639 846 723 901 quem
737 831 793 888 diri
806 831 925 890 Banedi·
1015 841 1061 889 22.
1075 833 1135 888 Hac
1155 839 1249 888 autem
1262 831 1290 887 in
1311 838 1367 887 tota
1385 845 1414 886 re
1435 831 1546 887 maximi
1558 829 1716 890 faciendum
1736 843 1778 892 est

127 934 172 981 eto
186 925 237 979 tx,
252 931 281 978 et
294 937 392 980 recens
403 929 500 978 contra
511 921 612 980 hunoa
626 925 761 982 Romanis
773 925 860 983 efecto
873 926 924 982 su-
980 924 1170 993 Hildebrandi,
1193 925 1253 980 ficet
1280 923 1370 981 adbuc
1384 923 1506 995 Juvenis,
1532 923 1676 996 judicium3
1700 926 1777 1000 quod

127 1026 215 1073 restro
238 1016 300 1084 1113
318 1017 418 1072 iterum
440 1016 598 1074 deseruerit
623 1018 819 1090 Babylonicum
841 1019 924 1077 istam
979 1019 1069 1078 senior
1092 1026 1184 1090 postea
1199 1031 1318 1073 summm
1339 1016 1509 1073 auctoritatis
1528 1016 1660 1091 suffragio
1675 1019 1776 1076 coudr-

124 1110 330 1178 confusionem,
352 1109 382 1165 in
409 1109 532 1167 Galliam
544 1110 599 1177 vel¹
612 1112 791 1169 Germaniam
811 1129 841 1170 se
854 1130 925 1171 rece·
980 1113 1075 1180 mavit,
1090 1110 1270 1184 probavitque
1284 1119 1385 1183 quanta
1401 1110 1486 1167 etiam
1499 1110 1608 1182 juvenis
1623 1112 1777 1170 constantia

121 1214 225 1277 pturus
238 1221 246 1257 :
257 1204 306 1260 sed
321 1203 354 1259 iis
369 1219 438 1276 quas
452 1201 510 1260 divi
525 1203 673 1261 visionibus
687 1221 721 1262 ex
735 1206 832 1263 itinere
848 1223 925 1264 revo-
980 1205 1069 1263 fuerit.
1084 1205 1128 1262 Sic
1151 1205 1227 1261 enim
1241 1204 1337 1260 scribit
1346 1204 1429 1261 Ottho
1443 1204 1626 1278 praelaudatus
1638 1224 1645 1261 ι
1659 1228 1673 1256 ι
1696 1209 1777 1265 iluna

118 1306 214 1366 ratus,
225 1304 254 1353 et
267 1297 296 1353 in
310 1296 420 1354 clerum
436 1299 596 1356 Romanum
610 1298 839 1372 sitadscriptusa
853 1301 924 1359 Gre—
979 1301 1152 1367 Gratianum,
1172 1300 1256 1372 Alpes
1273 1297 1526 1366 transcendentem,
1546 1304 1672 1355 secutum
1693 1299 1777 1359 fuisse

118 1393 201 1465 gorio
215 1393 253 1448 Vl
272 1390 337 1463 :qui
350 1391 403 1448 sub
416 1391 490 1448 idem
499 1399 610 1465 tempus
623 1393 734 1466 utrique
748 1394 923 1468 Pseudopon·
979 1395 1091 1451 tradunt
1105 1392 1333 1460 Hildebrandum,
1347 1392 1393 1464 qui
1408 1402 1501 1464 postea
1512 1407 1639 1449 summus
1653 1392 1778 1451 Pontifex

118 1483 191 1542 tiflci
218 1493 390 1558 persuaserat
408 1486 479 1542 male
498 1487 593 1542 invaso
620 1485 682 1542 loeo
703 1485 811 1556 cedere,
835 1503 923 1560 eoque
977 1488 1078 1556 faetus,
1093 1487 1340 1559 obejusamorem,
1351 1487 1459 1558 quiade
1471 1488 1600 1559 Catalogo
1612 1486 1776 1545 Pontificum

118 1579 305 1635 commeritus
325 1576 416 1635 fuerat
438 1586 471 1634 ut
490 1578 550 1651 ipse
576 1579 605 1636 in
619 1579 749 1637 eumdem
762 1581 924 1640 eveheretur
978 1589 1103 1641 semotus
1120 1580 1221 1650 fuerat,
1237 1597 1267 1637 se
1280 1580 1447 1652 Gregorium
1462 1580 1615 1653 septimum
1633 1580 1777 1638 aocadro

121 1673 215 1729 libera
231 1671 371 1730 electione.
978 1676 1045 1745 luit,
1058 1683 1097 1746 at,
1109 1675 1181 1732 sicut
1193 1674 1221 1730 in
1236 1676 1346 1731 flucano
1360 1672 1456 1744 habes,

162 1773 209 1823 21.
223 1767 303 1824 Certe
324 1766 531 1825 Hildebraudus
545 1767 616 1840 ipse,
634 1766 723 1826 factus
742 1778 836 1842 postea
852 1747 965 1828 Gra-B
1015 1792 1030 1819 c
1064 1769 1166 1825 Victrix
1190 1783 1273 1825 eausa
1293 1766 1344 1824 diis
1365 1766 1476 1839 placuit,
1495 1765 1544 1823 sed
1562 1767 1629 1824 victa
1649 1769 1776 1826 Catoni:

122 1860 295 1931 goriusvll,
305 1860 334 1917 in
347 1861 605 1918 Concilioifomauo
616 1871 795 1935 protestatur,
808 1862 901 1922 diceus
916 1882 922 1919 :
977 1864 1013 1920 ita
1035 1872 1062 1920 et
1074 1862 1139 1920 huic
1159 1860 1357 1929 flildabraudo,
1371 1860 1418 1934 qui
1434 1875 1541 1932 semper
1552 1860 1580 1916 in
1595 1861 1777 1919 molesiastieo

125 1978 138 1999 ·
160 1956 220 2009 Vos
241 1953 317 2010 scitis
330 1954 394 2026 quia
409 1969 464 2011 nou
479 1954 597 2011 libenter
614 1954 650 2013 ad
666 1972 776 2014 morum
784 1955 924 2015 Ordinem
977 1958 1067 2029 rigore
1081 1955 1324 2012 constantissimus
1336 1954 1397 2020 fuit,
1419 1969 1500 2010 causa
1520 1953 1581 2022 ista,
1596 1956 1624 2011 in
1643 1969 1696 2026 qua
1716 1970 1776 2014 sen·

120 2048 240 2115 aecemi,
256 2047 396 2105 etiuvitus
419 2049 491 2104 ultra
515 2058 624 2105 montes
643 2065 709 2106 oum
724 2051 847 2107 Domino
862 2067 923 2109 meo
976 2051 1062 2107 tentia
1077 2050 1212 2122 Principis
1231 2056 1261 2106 et
1274 2049 1470 2121 episcoporum
1493 2047 1644 2119 prevaluit,
1667 2063 1777 2122 semper

120 2142 199 2211 Papa
222 2139 358 2212 Gregorio
380 2140 437 2198 abii
458 2159 467 2199 a
490 2164 504 2191 a
527 2140 626 2214 quibua
640 2143 729 2199 serbis
744 2145 811 2200 satis
830 2153 924 2216 aperte
977 2144 1127 2217 displicuit.
1158 2167 1171 2194 a
1200 2146 1252 2199 ills.
1278 2151 1405 2198 nostrum
1433 2141 1467 2198 de
1489 2140 1620 2198 Gratiano
1647 2141 1776 2213 praedicto

120 2232 263 2306 significat
279 2248 321 2301 se,
335 2234 498 2308 priusquam
514 2235 635 2292 monada
654 2250 686 2292 ae
701 2237 804 2308 passim
822 2237 922 2295 notiori
977 2253 1072 2311 ageos,
1096 2238 1160 2294 dicit
1183 2235 1256 2309 quod
1271 2243 1334 2309 post
1347 2235 1550 2292 abdicationem
1569 2235 1668 2292 ductus
1687 2234 1778 2292 extitit

121 2328 183 2384 vice
208 2329 301 2383 lloma
323 2327 421 2397 abiret,
445 2336 627 2386 extractume
646 2331 814 2387 monasterio
829 2330 923 2400 fuisso,
977 2332 1005 2388 in
1019 2331 1134 2404 Cisalpis
1149 2329 1282 2403 partibus;
1305 2329 1397 2401 utique
1422 2329 1457 2386 ab
1473 2329 1649 2400 imperatore,
1670 2344 1775 2385 novan-

121 2422 156 2478 ad
171 2420 261 2494 ipsius
271 2421 397 2493 Gregorii
418 2423 456 2479 Vl
482 2421 658 2491 famulatum,
679 2432 707 2480 et
719 2426 855 2482 Romanae
868 2427 925 2481 lio·
977 2425 1074 2482 darum
1099 2440 1194 2482 rerum
1211 2425 1386 2482 occasionem
1410 2423 1450 2479 sic
1465 2421 1605 2479 auferente
1624 2423 1659 2478 iis
1677 2423 1776 2495 quibus

121 2515 215 2571 clesiae
234 2515 314 2571 (lero
334 2513 478 2572 donatum.
495 2515 643 2586 Quomodo
664 2526 756 2573 autem
779 2534 842 2574 cum
859 2518 924 2591 'ipso
976 2518 1148 2591 intelligebat
1161 2533 1216 2575 nou
1241 2517 1321 2590 plane
1333 2517 1443 2590 probari
1466 2516 1583 2573 factum.
1596 2515 1649 2572 Hic
1661 2516 1684 2572 si
1700 2532 1777 2573 men·

121 2608 262 2680 Gregorio
274 2622 386 2665 rursum
399 2608 482 2682 Alpes
494 2608 645 2679 transierit,
655 2611 746 2681 paucis
759 2611 803 2668 bic
813 2611 925 2669 videtur
976 2613 1043 2669 dum
1056 2613 1164 2669 nullum
1176 2613 1253 2679 fatet,
1273 2610 1423 2668 dicendum
1438 2610 1490 2667 erit
1502 2610 1666 2667 Gratianum
1677 2617 1706 2666 et
1717 2610 1777 2667 iiil-

122 2700 329 2774 explicaodnm.
350 2703 451 2758 Fuerat
460 2702 612 2775 Gregorius
625 2705 661 2759 Vl
674 2703 702 2760 in
722 2712 780 2760 tam
796 2705 924 2776 praesenti
976 2705 1147 2762 debrandum
1167 2705 1203 2762 ad
1223 2703 1333 2777 aliquod
1351 2704 1623 2776 langobardicorurn
1643 2712 1777 2761 monaste

122 2796 287 2852 necessitate
302 2794 442 2866 Ecclenae,
454 2795 586 2869 justoque
604 2805 692 2866 metu,
708 2813 742 2853 ne
758 2799 925 2856 Benedictus
978 2799 1082 2854 riorum
1102 2813 1132 2854 se
1147 2797 1292 2869 recepisse,
1320 2801 1434 2870 putas.
1460 2798 1607 2854 Salvatoris
1629 2797 1707 2869 juxta
1729 2800 1777 2854 Pa·

123 2897 228 2944 mutata
244 2890 387 2946 voluntate
399 2889 553 2946 cessionem
564 2895 736 2960 retractaret,
746 2906 801 2947 non
814 2891 924 2963 praebe·
980 2891 1065 2963 piam3
1092 2891 1192 2963 quippe
1205 2889 1281 2962 quod
1296 2899 1361 2946 ante
1379 2906 1464 2946 annos
1490 2890 1600 2947 circiter
1622 2891 1774 2962 sexaginta,
1847 2924 1851 2931 ·

123 2982 179 3039 bito
193 2985 424 3057 consensultegis
433 2983 554 3051 Haurici,
569 2983 621 3040 hoc
635 2984 748 3041 nomine
759 2986 842 3059 Regis
854 2985 924 3043 Ger·
979 3000 1012 3040 es
1022 2983 1211 3041 cluniacensis
1229 2983 1408 3040 iustitutionis
1430 2982 1520 3040 forma
1536 2998 1584 3055 per
1597 2984 1626 3039 S.
1641 2983 1776 3055 Majofnm

124 3076 224 3134 monim
238 3077 334 3145 Tertii,
352 3077 532 3150 Imperatoris
545 3077 674 3142 Secundi,
689 3078 832 3136 ordinatus
848 3081 921 3135 Pon·
941 3077 1169 3165 ereformatum,
1196 3076 1297 3148 ubique
1320 3076 1508 3133 celebrabatur
1534 3074 1607 3132 fama
1631 3076 1777 3134 severioris

122 3168 198 3224 tifex.
208 3170 336 3240 &mque
352 3169 505 3227 maximam
515 3168 701 3228 reformandae
713 3171 924 3245 Ecclesinspem
977 3172 1139 3245 disciplinae.
1169 3172 1200 3226 ln
1231 3184 1264 3226 eo
1289 3178 1383 3227 tamen
1407 3169 1538 3227 diuturna
1566 3185 1643 3226 mora
1673 3170 1776 3228 eisdem

122 3261 206 3317 bonis
229 3259 344 3331 faceret,
366 3262 448 3319 malis
475 3278 540 3319 vero
555 3274 679 3331 metum;
694 3264 712 3321 ii
726 3266 773 3337 qui
792 3266 843 3322 sibi
859 3282 924 3323 con·
977 3265 1062 3322 fuisse
1086 3280 1144 3321 non
1157 3264 1247 3338 potuit
1268 3265 1356 3335 :quia
1377 3280 1435 3321 non
1462 3264 1564 3335 placuit
1577 3264 1724 3320 discedenti
1741 3280 1775 3322 ex

122 3357 173 3411 scii
197 3364 278 3412 eraut
294 3356 478 3414 Ecclesiarum
492 3356 642 3430 dignitates
655 3358 812 3416 Simonacie
835 3358 924 3432 possi-
979 3359 1055 3416 ltalia
1069 3357 1238 3430 imperatori,
1250 3358 1291 3413 cis
1302 3358 1383 3429 alpes
1397 3357 1512 3429 relinqui
1526 3357 1703 3414 Gratianum.

122 3447 201 3517 dere,
213 3448 256 3523 vel
280 3446 424 3506 fornicarie
440 3450 594 3521 inquinare,
608 3449 689 3508 facile
703 3452 828 3509 animum
847 3455 922 3509 ilen-
1013 3457 1058 3508 23.
1073 3451 1136 3519 Quo
1148 3458 1238 3507 autem
1254 3466 1320 3506 eum
1337 3449 1454 3505 deduxit
1471 3450 1694 3506 uildabrandusr
1710 3473 1722 3499 a
1742 3452 1775 3507 ln

122 3543 186 3608 rici,
200 3558 231 3598 se
244 3543 415 3614 praeteritum
426 3542 558 3612 dolentis,
570 3559 603 3601 eo
615 3544 750 3601 flexerunt
760 3554 801 3615 ut,
814 3546 923 3618 quando
978 3545 1077 3610 Gallia,
1094 3567 1108 3594 a
1130 3545 1219 3616 inquit
1232 3543 1268 3600 ad
1286 3559 1331 3599 an.
1350 3542 1578 3611 scissurarum,
1607 3566 1619 3590 ι
1637 3542 1776 3625 profectus

122 3639 255 3693 Romana
269 3636 393 3694 Ecclesia
410 3637 470 3711 jam
483 3636 625 3695 dicebatur
642 3646 698 3694 tres
718 3639 801 3696 simul
823 3639 923 3697 babere
977 3655 1042 3696 curu
1060 3637 1195 3711 Gregorio
1216 3637 1254 3692 Vl
1281 3635 1353 3709 apud
1374 3636 1579 3703 Cluuiaeenses,
1605 3651 1688 3708 penes
1706 3650 1776 3708 quos

124 3729 288 3801 Ponudoes,
312 3730 342 3786 in
367 3730 474 3787 ltaliam
499 3731 558 3804 ipse
584 3746 613 3788 se
634 3731 787 3802 conferret,
814 3741 924 3790 tautum
977 3733 1082 3789 sciebat
1099 3731 1282 3788 monasticam
1299 3729 1390 3803 vigere
1403 3729 1617 3798 observantiam,
1632 3729 1775 3798 habitarit,

124 3824 287 3880 smndalom
303 3824 472 3882 amoliturus
486 3824 514 3882 in
540 3824 662 3898 legitima
681 3827 793 3899 synodo
815 3831 924 3898 Episco-
978 3827 1133 3883 monachus
1156 3826 1230 3882 iuter
1259 3824 1411 3880 monachos
1433 3823 1547 3896 degens.
1575 3845 1587 3872 v
1613 3822 1694 3879 Addo
1712 3838 1775 3896 ego,

124 3931 241 3989 porum.
254 3920 316 3975 lion
330 3917 470 3990 displicuit
490 3933 521 3975 ea
535 3934 580 3976 res
594 3919 733 3992 Gregorio
748 3923 785 3977 vt
797 3919 923 3977 nihildu·
979 3944 992 3968 ι
1005 3929 1035 3977 et
1046 3920 1153 3993 pridem
1167 3927 1249 3975 notus
1261 3918 1372 3989 hospes,
1380 3924 1461 3989 atqua
1475 3917 1605 3974 omnibus
1614 3932 1662 3989 pro
1678 3916 1776 3972 mento

126 4010 229 4065 bitanti
241 4011 308 4083 quin
326 4027 407 4068 suam
427 4027 541 4069 oausam
559 4011 639 4071 facile
662 4014 830 4085 probaturus
852 4022 925 4072 esset
978 4013 1085 4070 eximiae
1097 4012 1201 4068 virtutis
1216 4010 1611 4084 sapiendaequeclvarissimus:
1628 4033 1641 4059 ι
1654 4009 1777 4082 adquae

123 4103 209 4175 Regi,
221 4104 480 4178 eoodrmandusque
504 4105 533 4162 iu
561 4108 676 4178 Papam.
692 4107 745 4164 Sed
768 4108 848 4179 louge
867 4107 924 4180 opi·
978 4108 1038 4180 ejus
1056 4107 1250 4179 praerogativas
1263 4121 1327 4162 cum
1346 4105 1488 4161 accederet
1507 4105 1594 4176 gratia
1614 4103 1776 4161 auctoritas·

124 4198 209 4253 nione
223 4194 307 4256 falsus
319 4207 372 4256 est.
393 4199 514 4269 Etenim,
535 4209 687 4258 convocata
700 4200 784 4258 Sutrii
798 4201 922 4274 synodo,
978 4216 1032 4274 que
1043 4201 1182 4274 Gregorii,
1198 4201 1262 4256 licet
1271 4200 1331 4272 jam
1349 4198 1477 4271 depositi,
1492 4196 1566 4270 apud
1584 4182 1777 4255 Goniamrrsis

122 4301 270 4350 accusatus
295 4301 339 4350 est
363 4293 422 4366 ipse
449 4294 594 4366 pecuniam
621 4295 728 4353 dedisse
757 4296 924 4363 benedicto,
979 4294 1133 4351 monachos
1147 4310 1196 4366 pro
1210 4295 1308 4349 merito
1326 4293 1434 4365 iugens,
1457 4292 1562 4348 mirum
1574 4307 1631 4347 non
1646 4289 1738 4356 fuerit,
1752 4290 1776 4347 si

124 4385 251 4458 adeoque
262 4385 377 4458 incapax
389 4384 475 4445 fuisse
486 4387 629 4446 obtinendi
644 4391 771 4463 Papatus.
787 4391 849 4447 Hoc
862 4389 925 4446 ino·
980 4404 1044 4445 eum
1065 4390 1094 4445 S.
1110 4388 1194 4444 Odilo
1215 4388 1337 4460 priorem
1351 4386 1536 4454 constituerit,
1555 4392 1775 4442 sustentaturum

126 4480 221 4551 piuato
253 4495 383 4539 successu
414 4485 557 4554 perculsus
586 4482 753 4557 Gregorius,
778 4485 926 4555 vidensque
941 4480 965 4543 D
981 4482 1072 4555 vigore
1084 4482 1277 4538 adolescentia
1292 4485 1355 4552 (qua
1370 4490 1460 4537 tameo
1475 4479 1533 4551 jam
1547 4478 1675 4551 attigerat
1686 4478 1777 4534 natatis

125 4573 278 4645 Episcopos
295 4574 330 4630 ad
344 4575 429 4647 flegis
447 4584 544 4632 votum
560 4575 588 4631 iu
602 4576 643 4633 sui
657 4575 866 4634 damnationem
876 4578 926 4634 de·
980 4581 1146 4643 ansuinus)
1165 4582 1337 4632 senectutem
1351 4589 1431 4630 suam
1447 4573 1551 4645 ipsique
1570 4571 1705 4644 Gregorio
1718 4586 1777 4629 ma·

124 4666 348 4740 positionemque
364 4683 533 4741 propensos;
549 4668 746 4739 ultrocedens,
762 4686 859 4728 eorum
876 4685 925 4727 ar·
977 4671 1032 4744 Jori
1054 4686 1117 4727 cum
1139 4677 1273 4743 potestate
1295 4668 1515 4724 ministraturum
1541 4666 1706 4724 necessaria.
1732 4667 1776 4722 ln·

123 4759 214 4815 bitrio
232 4774 261 4815 se
283 4761 426 4833 permisit,
447 4761 575 4834 quamtis
592 4779 625 4820 eo
647 4765 722 4836 quod
744 4765 924 4821 accusabatur
981 4764 1060 4820 terim
1083 4764 1196 4833 contigit
1219 4766 1317 4818 Romae
1341 4763 1422 4831 mori,
1438 4776 1494 4817 oon
1513 4762 1605 4817 solum
1630 4760 1777 4818 suffectum

122 4852 212 4921 facto,
230 4869 287 4910 non
303 4855 475 4912 commisisse
493 4856 662 4926 simoniam,
677 4857 726 4914 sed
745 4859 835 4916 solum
854 4858 925 4932 injur·
979 4859 1113 4931 Gregorio
1140 4859 1312 4916 Clementem
1336 4855 1384 4912 sed
1405 4857 1485 4912 etiam
1509 4859 1672 4923 Damasum,
1692 4853 1777 4912 ambo

120 4946 195 5003 riam
211 4947 341 5004 avertisse
354 4948 391 5005 ab
403 4948 538 5019 Ecclesia,
557 4965 649 5022 ueque
660 4951 763 5008 eruisse
776 4967 792 5008 a
807 4950 925 5009 Benedi-
978 4952 1037 5024 ejus
1051 4953 1172 5009 nominis
1186 4951 1332 5018 secundos,
1356 4950 1504 5023 omniaque
1523 4950 1632 5007 misceri
1657 4964 1672 5006 a
1688 4951 1776 5006 Bene·

119 5050 169 5096 cto
198 5039 369 5114 dignitatem,
392 5040 442 5099 sed
468 5043 596 5101 eamdem
620 5059 654 5100 ex
680 5045 780 5102 merito
804 5060 821 5102 a
843 5047 924 5103 clero
978 5046 1063 5115 dicto,
1093 5047 1194 5103 iterum
1209 5045 1352 5102 insedem
1375 5045 1565 5117 apostoticam
1585 5042 1694 5117 regredi
1715 5056 1776 5099 mo·

121 5137 252 5191 ftomano
273 5134 424 5193 obtinuisse
446 5136 589 5210 plusquam
615 5138 808 5195 verosimiliter
840 5138 921 5196 susti·
979 5140 1060 5197 fiante
1076 5155 1180 5208 :quare
1195 5138 1319 5196 Romani
1334 5142 1470 5209 optimum
1484 5153 1627 5206 censuere,
1642 5137 1777 5210 legatione

121 5238 210 5285 ueant
223 5229 285 5297 alii;
300 5229 373 5287 unde
388 5236 442 5286 eta
455 5231 483 5287 S.
500 5233 583 5288 Patro
594 5232 880 5302 Damianolaudatur,
896 5239 924 5289 et
979 5236 1072 5300 missa,
1088 5250 1185 5307 rogare
1209 5249 1311 5307 regam,
1331 5233 1486 5304 designaret
1502 5234 1558 5305 ipse
1576 5248 1659 5303 quem
1681 5232 1775 5303 eligia

123 5322 307 5380 ueloeimtici
327 5332 416 5381 status
433 5323 660 5382 reformationem
679 5326 714 5382 ab
735 5341 768 5382 eo
792 5326 923 5383 babuisse
977 5344 1006 5385 se
1020 5328 1184 5385 Pontificem
1199 5330 1288 5383 vellet.
1306 5328 1390 5400 liujus
1413 5335 1504 5384 autem
1522 5327 1561 5382 rei
1577 5326 1648 5381 fama
1668 5325 1776 5382 Clunia·

124 5415 291 5489 principium
304 5428 459 5490 agnoscunt
473 5418 608 5476 liudolfus
628 5419 739 5489 Glaber,
755 5420 842 5476 ottho
857 5420 920 5476 Fri·
977 5437 1042 5478 cum
1057 5422 1170 5494 perlata,
1188 5422 1318 5478 existimo
1333 5421 1552 5477 llildabraodum
1564 5420 1716 5477 eroumisse
1740 5417 1774 5474 ad

120 5509 273 5582 siogeosis,
290 5511 400 5585 aliique.
426 5514 489 5583 Quo
517 5513 616 5585 posito,
639 5512 713 5569 sicut
736 5514 837 5570 Joanni
853 5514 922 5572 Gra·
976 5531 1081 5587 regem,
1093 5515 1202 5587 cuijam
1217 5515 1324 5588 pridem
1345 5530 1425 5571 carus
1437 5512 1540 5583 fuerat,
1554 5514 1577 5571 si
1589 5513 1661 5570 forte
1679 5513 1704 5569 ei
1720 5525 1776 5584 per·

118 5603 199 5659 tiano
212 5604 440 5668 titseninantea
464 5607 626 5673 vocabatur)
644 5605 744 5664 bonori
756 5605 811 5664 fuit
825 5609 921 5665 Eccle-
976 5608 1091 5666 suadere
1113 5618 1206 5680 posset
1229 5610 1374 5665 restituere
1397 5609 1582 5683 Gregorium,
1605 5620 1689 5678 quem
1717 5618 1774 5659 non

116 5698 192 5753 dam
205 5695 355 5755 mormius
372 5700 408 5758 ab
432 5716 464 5758 ea
493 5701 539 5760 eui
565 5701 719 5773 mancipata
743 5701 842 5773 injuste
863 5712 922 5760 erat
976 5703 1184 5760 credebateitra
1199 5702 1328 5775 injuriam
1344 5702 1464 5774 aliquam
1487 5702 1547 5758 loco
1567 5707 1687 5766 motum,
1709 5698 1773 5753 scie

112 5789 266 5859 servitute,
293 5797 325 5847 et
341 5794 483 5887 mauge
512 5793 634 5853 sebisma
653 5809 709 5867 quo
727 5793 920 5867 affligebatur;
975 5794 1077 5871 batque
1087 5798 1187 5854 eodem
1200 5811 1256 5869 quo
1268 5795 1402 5871 firmabat
1415 5796 1472 5866 ipse
1483 5791 1668 5851 reformande
1680 5795 1774 5853 Eccle-
