3884 6158
189 255 240 311 727
660 247 688 301 S.
709 245 868 306 assuunt!
888 245 934 300 t'tl
953 244 1049 300 PaPAE
1069 246 1206 301 urrann
1224 246 1312 301 PARS
1332 246 1362 301 ll.
1783 247 1838 303 ¹128

127 388 134 395 ’“
189 394 253 439 mus
273 379 356 438 ctiam
383 384 415 433 ut
431 379 529 431 cuncta
550 372 609 428 loca
634 369 751 437 urbana,
766 368 808 425 vel
832 370 981 439 rusticana,
994 374 1021 437 Α
1035 385 1146 426 summa
1159 386 1224 427 cunr
1235 368 1377 444 diligentia
1391 348 1505 443 dignum
1519 368 1677 427 ministrum
1689 368 1726 428 ad
1739 384 1837 444 regen·

189 472 273 535 idest
285 479 386 535 curtes,
405 480 519 536 nsassas,
539 463 650 534 casalia,
667 463 773 532 vineas,
792 470 882 520 terras
894 461 982 520 diver·
1035 464 1104 521 dum
1117 464 1169 521 tibi
1187 465 1334 521 servientes
1352 463 1451 536 eligere
1472 470 1611 536 procuret.
1627 465 1776 533 Prrstcrea,
1793 479 1837 522 se·

188 581 273 639 saque
287 561 390 637 praedia
403 558 474 616 culta
487 558 528 615 vel
541 558 655 627 inculta,
666 573 731 613 cum
745 556 850 613 colonis
864 565 892 613 et
905 556 982 613 colu-
1036 556 1157 615 cundum
1170 556 1223 615 boc
1236 556 1405 630 privilegium
1417 563 1522 613 nostrae
1535 557 1719 627 auctoritatis,
1734 566 1763 615 et
1772 574 1836 631 pro·

188 659 286 725 nebus,
303 655 390 712 servis
402 661 431 709 et
443 652 559 721 ancillis,
579 667 640 725 quae
655 651 690 708 ab
707 649 845 723 aliquibus
857 649 984 707 lidelibus
1037 659 1099 725 pter
1118 651 1204 724 ipsius
1224 651 1343 708 coenobii
1367 649 1553 719 devotionem,
1577 666 1660 723 quam
1679 651 1838 725 specialiter

188 748 349 809 αιήιιιιιιιίι
362 746 453 804 eidem
471 745 641 803 monasterio
660 759 787 801 concessa
804 751 879 813 sunt,
893 759 941 800 seu
956 751 984 799 et
1037 745 1190 801 retinemus
1211 745 1241 800 in
1261 752 1289 799 te
1310 744 1441 814 manime,
1465 743 1631 801 Praedicator
1654 744 1790 814 veritatis,
1811 753 1839 801 et

187 858 250 919 quse
263 859 280 899 a
292 843 380 899 beate
393 841 548 909 memoriae,
561 836 627 896 beto
639 836 763 895 videlicet
774 836 983 910 praedecessori·
1039 846 1150 911 propter
1162 837 1310 894 utilitatem
1321 838 1394 895 illius
1404 837 1575 906 monasterii,
1587 854 1671 912 quam
1684 839 1839 912 peremnia

187 937 238 995 bus
251 937 354 994 nostris
368 932 542 1007 pontificibus
560 933 694 1005 Gregorio
709 930 848 1004 quondam
869 928 985 987 ductore
1038 931 1280 1004 comprobavimus
1293 941 1321 988 et
1334 930 1458 1004 quotidie
1475 930 1700 1004 comprobamus,
1719 932 1838 989 semiui-

187 1029 422 1101 mellifluumque
430 1030 523 1084 Leone
533 1027 672 1098 lll,atque
680 1024 817 1098 sylvestro
827 1031 855 1080 et
864 1025 984 1094 Marino,
1039 1040 1102 1083 mus
1117 1030 1149 1083 'et
1162 1024 1337 1098 indulgemus
1355 1032 1404 1081 tuo
1427 1024 1596 1083 monasterio
1619 1024 1649 1081 in
1673 1031 1838 1099 perpetuum

186 1125 245 1183 siro
265 1124 389 1180 alcone
405 1135 491 1190 nono,
507 1127 535 1176 et
555 1119 683 1191 agapito,
703 1122 784 1189 atquo
798 1116 943 1173 Paschasio
958 1125 986 1173 et
1040 1134 1123 1178 omns
1144 1118 1288 1175 servitium
1311 1119 1351 1174 vel
1382 1119 1495 1176 senium
1518 1118 1593 1191 quod
1617 1118 1839 1177 antecessoribus

186 1214 354 1285 Alexandro,
366 1211 480 1289 praelato
490 1212 660 1269 nronaserio
670 1226 718 1284 per
730 1211 860 1284 precepti
873 1211 986 1283 paginas
1039 1213 1181 1270 nostriset
1198 1211 1281 1269 nobis
1300 1212 1406 1268 solebat
1423 1212 1541 1284 persolvi
1558 1211 1594 1269 ad
1607 1211 1838 1270 consuetudinem

186 1325 315 1369 cuneum
333 1316 361 1365 et
378 1307 541 1364 confirmata
554 1313 629 1373 sunt,
645 1314 673 1362 et
685 1304 772 1361 etiam
790 1319 852 1377 quae
866 1320 914 1378 per
932 1304 986 1360 ali·
1039 1314 1204 1364 caeterorum
1224 1305 1457 1367 monastericmm
1472 1307 1608 1362 Romane
1630 1304 1724 1376 urbis;
1748 1304 1786 1361 ita
1807 1314 1839 1362 ut

185 1419 240 1479 qaia
262 1401 418 1459 munimina
437 1400 478 1456 sel
498 1406 633 1473 praecepta
646 1406 850 1455 antecessorum
873 1404 983 1453 nostro·
1039 1400 1209 1465 acesinum,
1225 1413 1409 1467 necverrem,
1422 1413 1473 1455 nec
1487 1413 1608 1466 vaccam,
1623 1398 1679 1455 imo
1692 1396 1761 1475 nibil
1774 1413 1839 1457 em·

186 1513 251 1555 rum
270 1495 307 1553 ad
327 1494 456 1551 eumdem
474 1493 552 1566 pium
573 1494 666 1550 locum
687 1492 823 1564 pertinere
841 1489 983 1560 videntur,
1039 1495 1106 1551 nino
1120 1492 1163 1550 vel
1176 1494 1248 1549 intra
1265 1499 1313 1549 aut
1326 1500 1403 1549 extra
1421 1490 1668 1567 Quadragesimam
1681 1492 1840 1565 persolvere

185 1605 249 1647 cum
264 1604 363 1661 magna
379 1588 522 1645 securitate
540 1586 686 1643 servitores
705 1586 744 1642 tui
758 1585 813 1641 loci
828 1584 986 1657 possideant
1040 1595 1163 1661 cogatur,
1177 1595 1225 1642 aut
1238 1583 1328 1644 lacere
1339 1585 1444 1660 aliquid
1458 1585 1488 1642 in
1501 1586 1681 1645 Lateranensi
1693 1585 1838 1643 servitium

184 1685 216 1741 in
232 1689 406 1759 perpetuum,
428 1689 459 1737 ιιι
471 1680 538 1737 nibil
556 1682 670 1737 omnino
684 1678 718 1737 de
732 1680 767 1736 iis
781 1693 842 1750 quae
855 1694 872 1735 a
884 1677 987 1735 nostris
1041 1681 1149 1753 palatio,
1165 1680 1219 1737 nisi
1237 1678 1307 1737 leste
1318 1680 1513 1736 voluntarium.
1528 1681 1625 1753 Sitque
1639 1695 1688 1753 per
1705 1678 1781 1737 banc
1792 1695 1840 1736 no·

185 1773 432 1848 predecessoribus
445 1773 487 1831 rel
500 1774 535 1830 ab
555 1773 692 1846 aliquibus
714 1775 807 1829 Deum
822 1771 984 1829 timentibus
1000 1740 1124 1832 Bstram
1153 1773 1319 1831 decretalem
1347 1774 1478 1847 paginam
1505 1773 1666 1831 coenooium
1693 1780 1777 1830 tuum
1803 1773 1839 1830 ab

184 1868 252 1927 inibi
264 1884 428 1927 concessum
443 1875 495 1936 est,
511 1868 567 1924 ullo
582 1865 677 1935 modu,
692 1865 816 1939 qualibet
829 1866 982 1937 occasione,
1038 1869 1113 1926 omni
1133 1867 1308 1935 conditione,
1330 1868 1486 1940 gravamine
1507 1868 1549 1925 vel
1568 1866 1661 1925 reditu
1680 1866 1837 1925 absolutum

185 1962 225 2020 sel
244 1960 403 2035 cupiditatis
422 1962 544 2033 ingenio,
563 1960 682 2032 alicujus
695 1960 871 2017 discretionis
892 1960 984 2026 titulo,
1039 1970 1121 2037 atque
1134 1961 1318 2031 liberrimum,
1337 1960 1489 2018 secundum
1507 1959 1666 2042 qoodesc,
1680 1959 1838 2019 bbertatem

15 2046 19 2054 ’
110 2110 114 2119 ,
184 2056 289 2113 scilicet
304 2054 338 2113 de
356 2054 562 2111 haereditatibus
580 2054 666 2126 ipsius
684 2054 738 2109 loci
756 2055 869 2109 omnino
888 2052 985 2110 immi·
1039 2065 1113 2113 tuam
1138 2056 1235 2128 primis
1272 2064 1339 2111 tunc
1371 2054 1504 2126 apostolis
1532 2070 1694 2128 coequans,
1720 2053 1838 2129 gloriam

80 5228 87 5253 Ι,
176 5188 234 5231 noc
246 5173 330 5231 luerit
342 5175 469 5231 inventus
480 5174 548 5231 dicti
561 5175 702 5249 regiminis
714 5178 860 5250 quisquam
871 5184 975 5254 specia-

184 2155 298 2216 nuatur,
322 2146 515 2205 interdicentes
536 2162 585 2218 per
610 2154 711 2203 sanotae
736 2147 869 2202 Romanae
896 2144 982 2215 sedis,
1039 2157 1115 2207 tuem
1135 2163 1266 2206 evacuare
1277 2148 1439 2221 cogentibus
1453 2148 1623 2222 protestaris,
1641 2146 1738 2206 dicens
1758 2151 1839 2209 :Noa

183 2257 268 2315 quam
287 2243 405 2298 vosDco
420 2248 532 2296 auctore
546 2238 693 2304 fundastis,
708 2240 912 2296 auctoritatem.
925 2241 985 2296 Sta·
1038 2258 1098 2300 sum
1117 2242 1208 2300 liber?
1228 2259 1281 2297 aon
1298 2259 1358 2299 eum
1378 2243 1538 2314 apostolas?
1551 2241 1613 2315 plus
1625 2241 1702 2298 enim
1715 2243 1839 2299 omuibus

184 2335 289 2393 tuimus
303 2336 416 2405 insuper
432 2342 461 2389 ut
473 2333 526 2389 boc
540 2331 686 2405 praelatum
702 2332 905 2389 monasterium
918 2333 985 2388 nulli
1039 2326 1168 2393 laborovi.
1190 2335 1271 2409 Quod
1285 2336 1307 2391 si
1329 2334 1474 2407 quisquam
1493 2336 1667 2405 temerarius,
1690 2336 1837 2409 parvipen-

183 2429 261 2487 alteri
284 2427 408 2485 ecclesia
426 2426 666 2500 jurisdictionibus
684 2427 739 2482 nisi
762 2429 891 2484 Romanu
914 2442 985 2498 pon-
1037 2428 1105 2486 dens
1117 2428 1167 2486 Dei
1178 2428 1354 2485 tremendum
1364 2426 1516 2502 judicium,
1531 2427 1585 2485 hoc
1602 2436 1706 2486 nostrae
1718 2430 1839 2487 auctori-

183 2520 252 2579 tilici
259 2520 450 2579 submittatur.
464 2522 500 2576 Et
510 2519 571 2577 idco
584 2535 696 2577 omnem
707 2519 852 2593 cujuslibet
862 2519 981 2576 ecclesiae
1040 2523 1103 2578 tatis
1117 2538 1149 2579 ac
1161 2522 1315 2579 dilectionis
1330 2530 1358 2578 et
1370 2522 1523 2579 devotionis
1536 2537 1601 2594 erga
1612 2530 1640 2579 te
1653 2521 1836 2597 privilegium,

182 2614 355 2673 sacerdotem
375 2615 404 2669 in
418 2613 621 2686 praenominato
641 2613 812 2671 monasterio
829 2620 858 2669 et
876 2614 904 2668 in
918 2630 982 2669 curs·
1039 2617 1080 2672 vel
1100 2617 1277 2688 antiquorum
1294 2624 1453 2672 nostrorum
1470 2614 1835 2688 praedecessorumdecreta,

181 2708 372 2767 ctisecclesiis
382 2706 434 2763 sibi
450 2706 658 2779 pertinentibus,
674 2707 797 2779 qualibet
810 2707 982 2777 auctoritate,
1039 2709 1184 2774 minuerit,
1205 2710 1247 2766 vel
1271 2711 1419 2766 immutare
1443 2708 1479 2765 ad
1499 2707 1636 2767 damnum
1656 2708 1772 2767 ooenobii
1793 2710 1836 2766 tui

181 2802 284 2859 babere
296 2800 440 2869 ditionem,
454 2809 556 2873 praeter
576 2808 703 2857 nostram
723 2800 981 2874 sedisapostolicae,
1037 2805 1252 2875 presumpserit,
1268 2802 1397 2859 omnibus
1417 2801 1516 2871 modis,
1532 2801 1608 2875 quod
1622 2810 1722 2859 cenna
1741 2803 1837 2878 egerit,

181 2894 378 2969 probibemus,
401 2903 485 2967 atque
511 2894 672 2951 terribiliter
697 2894 749 2952 sub
773 2893 859 2951 divini
884 2892 984 2966 judicii
1038 2905 1196 2965 evacuetur,
1215 2905 1297 2969 atque
1310 2896 1490 2953 anathematis
1505 2895 1611 2953 ultione
1625 2894 1759 2954 mulmtus
1773 2912 1839 2971 par·

117 3048 120 3053 ,
182 2988 374 3055 obtestatione,
398 2996 557 3061 nostraque,
576 2987 704 3045 videlicet
716 2995 774 3043 tam
798 2988 871 3043 Petri
885 3002 983 3059 coapo-
1038 3000 1096 3047 tem
1116 3006 1180 3047 cum
1200 2990 1272 3047 luda
1287 2990 1419 3047 traditore
1436 2988 1547 3057 Christi,
1565 2990 1620 3047 nisi
1634 2990 1793 3063 resipuerit,
1810 2991 1837 3047 in

181 3081 247 3140 stoli
263 3084 305 3139 tui
318 3098 455 3157 quamque
473 3089 520 3137 tua
536 3089 682 3153 potestate,
703 3081 787 3151 milri,
800 3082 926 3153 quamvis
940 3080 982 3137 in·
998 3116 1021 3179 C
1039 3083 1092 3141 line
1105 3085 1222 3140 extremi
1235 3085 1371 3142 examinis
1389 3083 1504 3153 murat,
1525 3091 1553 3140 et
1570 3099 1619 3157 per
1632 3084 1837 3151 auctoritatem,

180 3176 276 3249 dignu,
292 3176 400 3245 tradita,
411 3174 613 3232 interdicimus.
629 3176 674 3242 Et,
688 3174 742 3231 nisi
751 3190 767 3229 a
777 3181 884 3231 rectore
898 3174 983 3247 ipsius
1038 3194 1122 3251 quam
1134 3182 1210 3235 Deus
1223 3178 1303 3235 beato
1316 3177 1420 3234 scilicet
1431 3179 1522 3246 Petro,
1532 3176 1692 3249 coapostolo
1702 3184 1764 3247 tuo,
1775 3177 1838 3235 tibi·

181 3271 225 3325 tui
239 3269 362 3341 praedicti
382 3268 545 3325 monasterii
566 3267 649 3326 luerit
666 3268 806 3335 invitatus,
822 3283 873 3324 neo
890 3267 985 3323 missa·
1038 3286 1093 3344 que
1116 3280 1142 3327 ct
1160 3273 1189 3328 in
1202 3271 1273 3328 ooelo
1297 3272 1369 3327 etin
1391 3279 1463 3328 terra
1484 3269 1585 3343 ligandi
1609 3278 1694 3345 atque
1715 3269 1837 3329 solvendi

183 3377 248 3419 rum
262 3362 466 3419 solemnitatem
486 3360 591 3419 ibidem
609 3363 672 3435 quis
683 3378 739 3418 non
754 3369 902 3432 praesumat
916 3361 986 3417 cele·
1038 3362 1145 3436 tribuit,
1160 3366 1197 3421 sit
1214 3382 1229 3421 a
1248 3363 1386 3421 consortio
1405 3365 1531 3421 omnium
1544 3362 1664 3421 bdelium
1679 3365 1838 3437 perenniter

182 3454 262 3513 brare
283 3456 361 3512 omni
382 3455 477 3514 modo.
503 3456 537 3511 Et
560 3455 718 3528 irbiounque
732 3463 760 3511 et
781 3471 797 3510 a
820 3469 984 3527 quocunque
1038 3457 1182 3525 exclusus3
1199 3459 1311 3530 insuper
1324 3464 1352 3514 et
1366 3465 1460 3513 nostm
1475 3456 1574 3530 palatio
1593 3464 1683 3514 ettuu
1698 3465 1836 3517 monam·

182 3549 312 3621 episcopo
332 3549 480 3605 servitores
495 3549 535 3603 tui
549 3549 687 3605 voluerint
700 3547 823 3604 ordinari
837 3547 871 3604 ad
891 3547 983 3603 diver·
1038 3552 1080 3608 rio
1098 3560 1207 3609 centum
1221 3551 1304 3609 libras
1319 3551 1429 3622 pretiosi
1448 3551 1510 3607 auri
1523 3566 1690 3623 componere
1709 3560 1837 3625 eogebrr,

181 3654 228 3695 sus
241 3640 439 3697 ecclesiasticos
453 3640 577 3707 ordines,
597 3640 638 3696 vel
656 3641 751 3696 altaria
766 3641 913 3709 aedificare,
928 3641 984 3695 sire
1037 3654 1170 3719 quatenus
1191 3645 1281 3701 bonor
1301 3645 1335 3701 ab
1358 3645 1435 3702 omni
1454 3644 1576 3703 Ecclesia
1596 3644 1647 3701 tibi
1664 3643 1786 3715 debiam,
1799 3646 1838 3703 di.

180 3730 302 3787 chrisma
338 3734 493 3804 suscipere,
517 3733 630 3788 liberam
655 3732 775 3789 babeant
805 3734 978 3791 laculmtenr.
1039 3739 1100 3794 rina
1114 3738 1229 3811 juvante
1240 3740 1337 3811 gratia,
1356 3738 1386 3794 in
1401 3738 1533 3795 omnibus
1546 3738 1723 3807 exhibeatur,
1737 3740 1838 3796 etlam

182 3822 371 3881 concedimus
395 3826 480 3881 etiam
507 3832 561 3881 tuae
593 3834 695 3882 sanctas
722 3827 928 3898 congregationi
955 3834 984 3880 ut
1038 3832 1088 3887 Dei
1102 3831 1179 3889 omni
1200 3840 1325 3903 tempore
1347 3832 1376 3888 in
1391 3841 1440 3889 tuo
1464 3832 1648 3889 sacratissimo
1670 3835 1838 3893 munemne

180 3915 272 3971 nullus
285 3916 429 3989 episcopus
447 3917 546 3975 audeat
565 3933 704 3991 quenrquo
725 3918 926 3975 monachorum
941 3918 982 3975 vel
1038 3924 1210 3982 laudabiliter
1222 3924 1384 3981 celebretur.
1567 3986 1570 3991 ¹

180 4010 356 4079 clericorum,
371 4026 421 4083 per
433 4008 541 4067 diversa
555 4011 625 4080 loos,
640 4012 769 4068 ecclesias
787 4010 879 4068 cidem
893 4028 982 4069 sacra
1071 4018 1208 4091 Scriptum
1227 4035 1390 4091 primanus
1406 4018 1573 4092 Beniamini
1585 4020 1687 4078 notarii
1703 4022 1774 4079 sacri
1788 4038 1836 4095 ps·

178 4104 290 4163 sissimo
311 4113 360 4161 tuo
382 4104 443 4161 loco
463 4103 610 4178 subiectas,
628 4106 876 4177 excommunicare,
892 4107 932 4165 vel
946 4108 980 4165 ad
1036 4112 1103 4183 latii,
1114 4113 1142 4169 in
1157 4129 1252 4170 meme
1265 4112 1373 4181 llartio,
1385 4111 1429 4170 dic
1441 4110 1691 4183 sur,indictioner
1702 4117 1790 4187 (tlt).

181 4196 324 4271 synodum
334 4197 394 4255 sine
404 4197 515 4259 licentia
528 4200 571 4256 sui
585 4200 690 4273 praelati
703 4216 861 4273 provocare.
1369 4206 1501 4263 LXXIX.

216 4292 353 4349 Praeterca
368 4291 547 4351 concedimus
558 4292 649 4351 eidem
667 4296 875 4369 mugregatieni
888 4312 980 4354 sacra-
1159 4282 1543 4371 Prioilopiumproeeclesics.
1553 4300 1723 4360 audomari.

178 4390 283 4449 tissimi
308 4391 349 4449 tui
367 4391 421 4449 loci
435 4392 570 4466 predicti,
594 4393 777 4464 omnibusque
801 4394 871 4451 inibi
895 4395 979 4468 spiri·
1309 4398 1400 4453 llnno
1420 4393 1557 4466 1071436.)

178 4489 289 4547 naliter
299 4490 452 4548 secundum
467 4489 602 4562 regulam,
616 4488 721 4545 scilieet
737 4488 810 4545 beati
827 4489 977 4560 Benedicti,
993 4452 1019 4517 D
1197 4486 1348 4557 [Minatus
1365 4488 1434 4559 opp.
1448 4487 1559 4558 diplom.
1574 4488 1619 4554 tv,
1633 4490 1675 4559 5.]

177 4585 320 4643 nammis
334 4588 387 4644 ubi
402 4587 592 4653 servientibus,
607 4593 773 4659 potestatem
791 4586 979 4661 elipandiani
1068 4580 1147 4638 Licet
1164 4579 1235 4636 hanc
1255 4588 1380 4637 eneam
1394 4580 1487 4637 sedem
1491 4621 1545 4638 ·····
1568 4581 1722 4640 Ecclesiam
1742 4583 1835 4658 tuqus

176 4681 324 4753 speciatam
345 4692 493 4755 morsm,
514 4685 573 4756 pai-i
593 4685 678 4742 modii
696 4686 977 4759 communiquggon.
1032 4673 1105 4731 beati
1127 4674 1281 4733 Audcmari
1308 4681 1513 4732 antecessorum
1542 4683 1700 4734 nestrorum
1724 4676 1835 4750 privile·

175 4782 250 4851 ppo,
264 4782 299 4840 ,p
312 4783 423 4841 paupgm
437 4785 489 4841 Dei
507 4794 535 4842 ,t
546 4787 666 4845 „pum
678 4803 794 4847 ,ugrum
808 4789 974 4857 mmmm,
1033 4768 1084 4842 giis
1097 4769 1235 4826 munitam
1254 4776 1281 4826 et
1299 4783 1408 4825 summe
1422 4767 1642 4839 corroboratam,
1661 4770 1835 4829 auctoritatis

177 4896 211 4938 es
224 4880 321 4938 eadem
335 4881 461 4939 videlicet
474 4887 699 4958 congregatione,
711 4879 736 4943 si
746 4888 819 4945 intes
832 4903 880 4945 eos
892 4888 978 4945 inerit
1031 4862 1110 4919 ‘5³¹⁰
1122 4871 1224 4920 ΝΜ
1237 4863 1381 4936 limbi&
1399 4870 1429 4919 θῑ
1444 4862 1603 4936 ⁸90⁸¹⁰¹iffl
1615 4862 1756 4939 (ῙῙΕΏΜῙΙ
1768 4880 1833 4923 ⁰⁸¹¹·

176 4980 303 5037 inventu,
331 4980 379 5050 qui
412 4981 575 5052 [impactum
603 4986 800 5041 ,nmmum
825 4985 976 5044 ,mudum
1031 4971 1094 5013 sura
1116 4956 1340 5025 corroboramus,
1363 4964 1392 5013 et
1411 4958 1615 5016 conaborando
1636 4958 1788 5019 statuimus
1805 4968 1836 5019 ut

173 5078 270 5135 Dm
286 5091 379 5149 mm
400 5078 497 5150 mit·
513 5078 596 5147 Quod
616 5081 681 5136 siin
694 5080 793 5138 eodem
807 5086 974 5141 monasterio
1032 5051 1154 5124 ejusdem
1175 5050 1303 5108 Ecclesia
1320 5049 1419 5109 iratres
1435 5060 1463 5108 et
1476 5052 1601 5110 canonici
1624 5054 1831 5125 μοιιωιιοιιιιιιι

1028 5156 1139 5199 suarum
1154 5141 1269 5198 liberam
1282 5139 1502 5200 dominationem
1523 5142 1713 5200 obtineant...
1728 5144 1834 5203 Statui-

176 5268 212 5328 lls
222 5268 350 5341 idoneus,
364 5272 451 5345 quod,
464 5278 493 5330 te
502 5288 569 5330 cum
584 5274 716 5331 omuibus
730 5278 835 5334 sanctu
852 5278 974 5356 jurante,
1029 5228 1837 5389 Ξὲἕὲῗῑὶᾝξῖέᾛῗέῃὲῗξξοῒῶΐᾞ

174 5382 316 5442 mim
337 5379 500 5483 ΜΨ
512 5386 665 5482 ’lemma
684 5380 745 5431 “¹¹¹¹
766 5390 907 5435 ΜΝ
927 5395 977 5436 ¹¹⁰·
1029 5406 1115 5472 econ,
1131 5404 1400 5479 Arnulphoquuquc
1414 5406 1537 5482 ejusdem
1546 5406 1836 5485 meseaeprepouu

174 5470 244 5534 ster,
267 5481 322 5524 unc
342 5482 407 5525 eum
420 5469 584 5542 specialibus
602 5468 709 5529 clericis
728 5478 756 5529 et
776 5473 854 5533 iaicis
876 5474 976 5540 diversi
1028 5500 1058 5553 st
1077 5496 1196 5563 smnus,
1221 5491 1321 5550 abbate
1344 5492 1432 5552 sancti
1455 5494 1570 5567 bertini,
1584 5501 1616 5553 ut
1635 5495 1732 5555 nullus
1755 5496 1837 5557 dest

175 5562 292 5636 ordinis,
314 5564 350 5623 de
377 5582 541 5643 quocunque
561 5570 623 5628 leco
644 5573 779 5645 potuerit,
802 5573 853 5632 tibi
879 5584 974 5633 sancte
1027 5590 1185 5641 sommant
1200 5581 1457 5658 laicorum,magns
1475 5600 1622 5659 seupsrea
1636 5586 1836 5660 personate·

173 5660 267 5736 Paule,
290 5662 355 5723 duci
379 5664 528 5739 bonorum,
556 5667 763 5747 iustissimoque
788 5672 973 5747 praedicatori,
1025 5672 1117 5735 clesiee
1140 5682 1304 5734 memoratae
1325 5675 1469 5735 canonicis
1490 5674 1651 5737 masuam
1659 5676 1784 5751 slipen
1797 5674 1837 5735 ln-

209 5788 283 5859 ital)
295 5790 420 5853 eumue
433 5803 560 5871 corrupta
574 5804 624 5856 est.
640 5800 749 5857 lassa.
