3884 6158
538 294 710 355 EPISTOLAE
728 296 840 354 EXTRA
858 296 1052 355 abelsattim
1069 297 1257 359 VAGANTES.

1671 303 1724 356 oto
1765 316 1768 321 '

67 418 170 477 tudere
184 418 219 476 de
246 418 366 493 hisquae
381 419 471 477 eidem
485 420 634 478 venerabili
659 422 721 478 loco
734 421 865 494 quibusli·
882 426 909 492 Α
925 424 1071 497 episcopis,
1085 424 1229 497 episcopis,
1244 424 1466 494 marchionibus,
1481 425 1639 490 comitibus,
1658 440 1726 497 pro-

66 512 113 571 bet
127 512 286 571 hominibus
300 511 336 569 de
347 513 457 586 proprio
469 513 532 587 jure
541 514 599 587 jam
622 515 723 572 donata
738 525 813 586 sunt,
828 516 870 573 vel

66 607 96 665 in
108 606 245 673 futurum,
257 610 319 664 Deo
329 607 488 678 miserante,
497 608 572 681 juste
582 608 682 667 collata
693 609 807 679 inerint,
818 610 870 667 sub

66 700 215 775 mjuslibet
239 716 330 759 cause
348 700 533 759 occasionisve
559 703 650 776 specie
678 703 803 760 minnere
828 705 870 761 vel

65 794 187 865 micare,
215 794 272 853 sive
286 796 344 852 suis
358 796 453 853 usibus
480 796 625 870 applicare,
640 797 682 854 vel
696 797 758 854 aliis
770 797 822 872 piis
836 796 871 857 de

66 892 159 947 musis
184 904 233 962 per
257 905 315 947 sua
338 889 461 947 avaritiae
483 891 687 971 excusationem
709 890 869 962 conmder03

64 982 114 1040 sed
127 992 227 1041 cuncta
237 998 299 1057 quse
312 982 349 1039 ibi
360 983 434 1057 juste
444 983 535 1041 oblata
549 994 624 1054 sunt,
638 986 681 1041 vel
696 983 789 1042 oflerri
800 1001 870 1042 con·

65 1076 170 1151 tigerit,
187 1085 246 1134 ιιιιι
261 1092 277 1133 ι
291 1087 319 1135 te
333 1092 419 1151 qnam
430 1076 465 1133 ab
479 1078 529 1147 eis,
549 1079 596 1151 qui
617 1078 709 1135 intuo
724 1079 817 1136 cilicio
831 1080 870 1137 lo-

65 1185 155 1243 coque
169 1154 360 1240 succosserint,
375 1172 485 1244 perenni
505 1180 629 1244 tempore
650 1172 752 1229 illibata
771 1181 799 1229 et
812 1173 870 1230 sine

64 1264 258 1338 inquietudine
271 1264 400 1322 volumus
413 1264 559 1339 possideri,
575 1281 671 1323 eorum
684 1266 796 1340 quidem
811 1267 870 1325 usi-

63 1358 119 1417 bus
135 1374 187 1434 pro
201 1375 319 1433 quorum
334 1360 533 1416 sustentatione
550 1369 578 1417 et
592 1360 792 1433 gubernatione
805 1377 869 1418 con·

63 1468 142 1512 cessa
156 1461 233 1525 sunt,
249 1453 339 1510 modis
353 1454 484 1511 omnibus
497 1453 652 1527 prolatura.

98 1550 139 1605 Et
151 1548 217 1622 quia
228 1550 291 1621 Ugo
304 1548 450 1620 episcopus
477 1548 551 1606 idem
566 1550 764 1607 monasterium
777 1567 811 1608 ex
824 1552 870 1610 bo·

63 1642 112 1700 nis
126 1640 294 1699 baereditatis
312 1658 370 1700 suta
384 1642 501 1700 ditatum
522 1645 659 1701 Romanae
673 1645 801 1703 Ecclesiae
811 1645 867 1719 juri

925 518 1043 587 ceribus,
1067 518 1253 577 valvasoribus
1270 519 1451 592 omnibusque
1474 519 1504 575 in
1527 519 1638 577 Christo
1661 533 1726 576 ere-

925 612 1065 682 dentibus,
1079 613 1194 669 salutem
1208 621 1235 669 et
1256 613 1435 685 apostolicam
1456 610 1687 670 benedictionem.

960 706 1066 763 Notum
1089 705 1125 761 sit
1147 706 1230 762 vobis
1255 706 1395 776 omnibus,
1415 705 1489 779 quod
1509 722 1560 763 nos
1582 706 1724 765 ecclesiam

925 807 1027 856 sancta
1041 799 1136 855 Crucis
1149 798 1246 856 Fontis
1264 800 1403 857 Avellanae
1415 809 1444 857 et
1457 800 1551 856 omnia
1564 814 1627 874 quea
1638 800 1725 872 ipsius

925 893 1008 951 eremi
1020 901 1096 961 sunt,
1114 892 1218 949 scilicet
1229 894 1407 963 monasteria,
1423 908 1531 951 eremos
1550 901 1721 966 cunctasque

924 986 965 1044 illi
987 988 1144 1061 suppositas
1158 986 1284 1043 ecciesiae
1304 987 1344 1044 vel
1364 987 1491 1059 capellas,
1506 988 1626 1056 castella,
1645 989 1722 1045 ιίιοι

924 1080 1063 1155 tibiasque,
1080 1081 1180 1154 predia
1189 1096 1255 1137 cum
1263 1080 1448 1138 retinentibus
1462 1096 1504 1149 ea,
1516 1089 1640 1139 armenta
1654 1096 1724 1154 quo-
1821 1114 1830 1133 ,

925 1190 989 1249 qne,
1001 1183 1067 1243 ete,
1082 1175 1110 1231 in
1123 1183 1248 1232 nostram
1267 1173 1418 1248 suscepisse
1432 1174 1583 1233 custodiam
1598 1174 1657 1232 solo
1671 1177 1724 1233 Dei

924 1269 1035 1338 timore,
1059 1277 1142 1342 atque
1161 1268 1312 1326 charissimi
1333 1268 1382 1325 lilii
1394 1267 1482 1325 nostri
1506 1268 1578 1326 Petri
1592 1268 1722 1326 Damiani

923 1363 1005 1436 hujus
1032 1368 1168 1421 Romanae
1194 1363 1320 1420 Ecclesiae
1347 1361 1492 1421 cardinalis
1519 1376 1624 1431 amore;
1653 1361 1724 1419 unde

924 1458 1054 1514 omnibns
1075 1457 1233 1515 hominibus
1253 1458 1436 1530 praecipimus,
1456 1464 1538 1514 etex
1562 1454 1637 1512 beati
1651 1454 1724 1512 Petri

923 1551 1086 1608 auctoritate
1098 1567 1130 1608 ae
1150 1559 1243 1608 nostra
1262 1550 1425 1608 mandamus
1440 1555 1471 1608 ut
1484 1549 1578 1607 omnia
1602 1547 1724 1621 prtelette

924 1646 1054 1714 ecclesias,
1069 1646 1115 1702 ubi
1130 1645 1231 1702 inerint
1244 1644 1363 1715 inventa,
1378 1644 1436 1700 sine
1458 1643 1571 1700 laesione
1582 1641 1721 1711 cusodiri,

63 1736 246 1807 contradidit,
271 1735 308 1794 ad
331 1734 453 1793 loturam
472 1735 640 1794 defensionis
663 1755 720 1796 snas
734 1741 870 1796 cantelam
925 1739 1016 1796 nullus
1029 1740 1135 1796 anobis
1150 1738 1189 1795 vel
1204 1738 1238 1794 ab
1252 1738 1342 1811 aliqua
1357 1745 1501 1810 potestate,
1515 1743 1568 1793 etc.

62 1829 246 1887 consunnm
272 1837 314 1887 est
339 1838 371 1887 ut
395 1831 510 1907 singulis
528 1831 609 1889 annis
629 1833 724 1904 pensio
752 1811 909 1906 quinqueB
961 1836 1065 1891 Datum
1092 1834 1220 1891 laterani
1238 1831 1411 1890 xKalendas
1430 1831 1542 1905 Aprilis,
1556 1846 1606 1904 per
1622 1844 1723 1888 manus

62 1922 219 1983 solidorum
244 1932 365 1982 monetae
379 1924 451 1981 illins
467 1933 548 1983 terras
562 1926 719 1998 apostolica
732 1926 790 1983 sedi
806 1926 870 1984 red·
924 1928 998 1984 Petri
1008 1936 1110 1984 sanctae
1125 1930 1260 1984 Romanas
1269 1925 1399 1983 Ecclesiae
1410 1924 1562 2001 presbyteri
1577 1922 1723 1982 cardinalis

62 2016 158 2077 datur.
170 2017 344 2076 Nominatim
359 2019 443 2092 igitur
455 2019 652 2078 confirmamus
666 2020 754 2079 eidem
774 2037 870 2079 mona·
923 2020 1133 2088 bibliothecarii,
1156 2035 1232 2078 anno
1260 2034 1300 2078 ιιι
1323 2018 1497 2095 pontificatus
1523 2018 1621 2077 domni
1647 2018 1720 2076 Gre-

61 2112 151 2169 eterio
163 2112 225 2169 illas
238 2112 435 2186 possessiones,
450 2128 519 2185 quas
533 2114 683 2186 pradictus
692 2115 754 2187 Ugo
767 2115 870 2188 episco-
923 2116 1053 2189 goriivll
1064 2130 1152 2188 papae.

63 2203 258 2279 posejusdcm
271 2207 433 2263 monasterii
448 2206 592 2275 fundator,
620 2208 646 2264 in
660 2224 729 2281 pago
754 2210 871 2265 heuma-

61 2299 117 2357 nite
136 2314 172 2356 er
182 2298 247 2373 jure
269 2299 423 2371 patrimonii
438 2302 481 2358 sui
505 2299 619 2374 praelato
643 2303 704 2359 loco
718 2302 836 2359 contulit
859 2321 867 2360 ι
1272 2261 1368 2319 ,ω’

61 2392 194 2451 videlicet
207 2393 347 2451 ecclesiam
360 2394 455 2450 Sancti
467 2395 540 2450 Petri
554 2394 682 2453 stlocum
696 2395 868 2464 Condonvus,
923 2411 1046 2479 Gregorii
1086 2411 1139 2466 pfl
1179 2408 1293 2479 φώρια
1318 2407 1356 2463 αα
1387 2408 1534 2463 Hennam
1573 2408 1723 2479 episcopum

62 2486 140 2561 quod
163 2484 363 2559 interpretatur
386 2486 488 2543 domus
501 2486 636 2555 sublimis,
661 2504 726 2545 oum
742 2489 870 2545 omnibus
959 2480 1154 2537 Tridentinum.
1169 2507 1204 2519 -
1219 2480 1422 2563 soporatione
1442 2494 1470 2533 se
1481 2481 1624 2562 Hecubam
1637 2481 1722 2563 inape·

62 2581 119 2639 tuis
145 2578 327 2655 appendiciis.
359 2583 429 2637 item
456 2581 652 2638 constituimus
679 2590 719 2649 nt,
749 2582 869 2639 obeunte
957 2556 1349 2678 gmffivssffwmm’
1371 2551 1606 2621 “mmmmm
1627 2563 1720 2641 ’ΨΜ

62 2672 173 2744 abbate,
189 2689 247 2731 non
261 2673 383 2731 aliusibi
406 2691 570 2749 quacunque
584 2675 754 2748 obreptionis
769 2677 869 2734 astutia
972 2639 1007 2693 ορ
1048 2638 1062 2693 3
1125 2663 1135 2691 ’
1166 2637 1201 2694 ⁰⁹
1233 2663 1241 2677 ’

63 2767 219 2838 ordinetur,
236 2768 290 2824 nisi
304 2784 388 2841 quem
402 2766 499 2825 iratres
522 2769 646 2843 ejusdem
660 2769 710 2826 loci
725 2770 868 2826 communi
1207 2759 1299 2826 (ΑΒΜ)
1325 2762 1419 2827 1076·)

63 2877 201 2919 consensu
225 2861 380 2919 secundum
406 2863 537 2919 timorem
562 2864 613 2919 Dei
639 2864 778 2936 elegerint.
809 2866 870 2921 Hoc
1118 2900 1230 2969 [Mum
1252 2898 1340 2957 com,
1363 2899 1422 2955 XX
1447 2899 1525 2968 ⁸75)

65 2968 174 3029 qnoque
187 2956 318 3027 presenti
344 2955 466 3028 capitulo
489 2955 699 3029 subiungimus,
724 2965 754 3013 nt
777 2957 868 3031 ipsum
1234 2940 1241 2968 '
1341 2936 1350 2954 ⁰
1424 2940 1432 2967 '
1504 2939 1511 2953 ⁹

65 3050 261 3106 monasterium
280 3057 308 3106 et
321 3049 435 3107 abbates
448 3049 517 3123 ejus,
532 3050 574 3106 vel
594 3050 724 3107 monachi
739 3050 775 3107 ab
788 3052 865 3108 omni
956 3048 1136 3107 Gnsoonrns
1149 3047 1306 3121 episcopus,
1324 3062 1421 3105 servus
1431 3061 1575 3103 servorum
1589 3045 1653 3115 Dei,
1664 3044 1721 3105 ira·

64 3142 204 3201 tannarie
218 3141 319 3199 servitii
343 3142 396 3198 sint
419 3141 593 3200 infestatione
614 3143 712 3214 securi,
734 3145 864 3218 omnique
919 3142 967 3212 tri,
981 3152 1008 3199 et
1019 3142 1182 3215 coepiscopo
1196 3141 1369 3209 Tridentino,
1384 3141 1549 3210 narnarco,
1564 3140 1681 3197 salutem
1695 3147 1723 3200 ei

65 3236 222 3309 masmine
232 3234 380 3293 mundanae
394 3237 579 3309 oppressionis
594 3238 706 3307 remoti,
720 3238 747 3294 in
761 3249 862 3296 sanctae
918 3236 1098 3310 apostolicam
1120 3234 1348 3302 benedictionem,

65 3329 202 3405 religionis
216 3328 409 3387 observatione
428 3330 514 3387 seduli
529 3339 610 3402 atque
631 3332 728 3405 quieti,
742 3340 770 3389 et
790 3333 864 3390 nulla
952 3331 1086 3386 Miramur
1096 3327 1276 3386 fraternitatis
1291 3337 1346 3385 tum
1367 3327 1544 3404 prudentiam
1564 3327 1645 3386 verba
1663 3342 1714 3386 no·

65 3422 152 3499 eliqua
166 3423 321 3481 habeantur
336 3424 481 3481 occasione
495 3424 620 3496 subiecti.
917 3431 973 3482 stra
992 3422 1155 3496 neglexisse,
1170 3429 1200 3478 ut
1220 3421 1371 3479 secundnm
1390 3437 1421 3478 ea
1444 3421 1552 3478 nullum
1567 3421 1720 3502 decreveris

95 3518 168 3575 llaec
180 3516 265 3592 igitur
277 3517 383 3586 omnia,
394 3533 456 3590 quae
469 3517 551 3591 hujus
564 3518 694 3590 praecepti
709 3517 865 3593 decretique
919 3516 985 3573 dare
998 3531 1172 3589 responsum,
1187 3516 1308 3572 maxime
1325 3530 1390 3571 oum
1405 3520 1468 3588 post
1481 3514 1641 3588 synodalem
1655 3529 1721 3572 sen·

65 3609 149 3669 nostrl
176 3612 277 3685 pagina
302 3611 433 3678 continet,
456 3621 516 3669 tam
529 3611 580 3668 tibi
599 3627 683 3684 quam
697 3613 804 3669 cunctis
818 3614 865 3687 qui
918 3609 1032 3667 matiam
1054 3606 1264 3671 instantiam
1278 3624 1372 3681 regern
1397 3609 1535 3683 prolatam
1546 3607 1656 3666 dilectio
1672 3615 1720 3666 tua

65 3704 93 3761 in
105 3720 205 3763 eornm
227 3704 287 3762 loca
306 3705 498 3775 successerint,
515 3705 543 3761 in
556 3713 719 3779 perpetuum
731 3707 865 3764 servanda
918 3703 1033 3760 minime
1046 3702 1154 3759 dillerre
1169 3701 1305 3772 debuerit3
1319 3700 1356 3759 ad
1373 3701 1451 3775 cujus
1466 3700 1596 3759 nimirum
1610 3711 1720 3761 senen·

65 3795 248 3856 decernimus.
262 3798 291 3854 Si
305 3799 366 3870 quis
382 3814 448 3856 vero
463 3815 570 3873 regum,
584 3800 769 3869 sacerdotum,
783 3801 865 3858 oleri·
917 3796 962 3854 tiae
986 3795 1235 3870 promulgationem
1254 3810 1306 3852 nos
1324 3795 1439 3869 justitiae
1461 3793 1520 3853 zelo
1535 3794 1679 3869 impulsos,
1693 3804 1722 3853 et

66 3906 173 3960 corum,
184 3890 310 3965 judicum
330 3908 362 3948 ac
383 3892 560 3949 secularium
588 3909 768 3965 personarum
793 3894 866 3951 hanc
917 3906 974 3947 non
993 3890 1083 3963 aliqua
1107 3888 1282 3962 promotione
1307 3889 1414 3962 injuria
1433 3889 1588 3946 concitatos
1601 3903 1719 3947 manum

65 3984 269 4043 constitutionis
289 3993 393 4044 nostrae
417 3986 545 4059 paginam
568 4003 731 4058 agnoscens,
767 3996 864 4045 eontra
917 3985 1081 4055 exercuisse,
1101 3999 1189 4057 neque
1211 3982 1351 4041 solertiam
1373 3990 1449 4040 inam
1465 3982 1604 4056 ignorare,
1628 3997 1721 4057 neque

64 4093 124 4138 eanr
142 4080 237 4137 venire
259 4078 415 4148 tentaverit,
431 4079 613 4153 possessionis
636 4080 803 4154 honorisque
824 4083 866 4140 sui
916 4077 1036 4150 aliquem
1048 4092 1123 4135 sante
1137 4076 1239 4134 mentis
1251 4076 1391 4134 hominem
1411 4085 1543 4150 putamus
1565 4092 1645 4150 posse
1658 4092 1720 4134 am·

63 4170 198 4247 dignitate
214 4181 319 4242 careat,
332 4188 466 4248 reumque
477 4189 507 4231 se
518 4171 613 4230 divino
631 4173 736 4247 judicio
747 4174 864 4243 existere
917 4170 1018 4244 bigcre.
1033 4171 1112 4242 Quod
1132 4178 1227 4227 tamen
1241 4170 1263 4226 si
1278 4170 1308 4225 in
1325 4169 1444 4227 dubium
1458 4170 1588 4243 cuiqnam
1613 4170 1722 4228 deveni·

64 4264 97 4323 de
111 4272 266 4339 perpetrata
281 4267 429 4341 iniquitate
449 4276 607 4341 eognoscat.
633 4270 669 4324 Et
691 4267 744 4324 nisi
757 4284 790 4325 ea
804 4284 865 4342 quse
917 4273 969 4333 ret,
994 4258 1103 4321 consta‘t
1123 4263 1183 4337 ejus
1205 4262 1244 4319 rei
1257 4263 1394 4321 rationem
1410 4262 1484 4334 prius
1504 4279 1536 4320 ex
1558 4263 1639 4321 nobis
1661 4263 1721 4322 iore

63 4358 99 4416 ab
112 4359 160 4418 illo
173 4368 240 4417 sunt
252 4363 325 4418 male
338 4360 429 4418 ablata
441 4362 599 4433 restituerit,
622 4362 664 4418 vel
682 4362 764 4434 digna
777 4363 863 4436 pieni·
917 4356 1101 4428 semtandam,
1116 4372 1199 4431 quam
1215 4356 1334 4413 inillam
1349 4355 1540 4429 prejudicium
1560 4354 1664 4414 laetum
1676 4365 1719 4414 te-

63 4454 151 4511 tentia
165 4453 262 4512 illicite
275 4462 335 4512 acta
353 4454 504 4524 dellevcrit,
524 4471 539 4511 a
553 4455 736 4513 sacratissimo
749 4472 864 4530 corpore
917 4466 993 4508 mere
1007 4467 1066 4508 esse
1089 4448 1268 4511 credendum.
1288 4452 1404 4516 Verum,
1429 4459 1570 4522 utcunque
1584 4466 1643 4508 sese
1657 4450 1720 4522 opi-

59 4561 94 4607 ae
105 4548 240 4623 sengrsine
251 4548 366 4606 Domini
379 4548 561 4620 redemptoris
574 4550 660 4606 nostri
673 4553 738 4608 iesu
760 4550 862 4609 Christi
917 4544 965 4602 nio
994 4544 1101 4613 habeat,
1130 4544 1266 4602 laetumve
1299 4544 1503 4618 interpretetur,
1532 4543 1599 4601 iliud
1626 4545 1720 4618 procul

57 4640 166 4701 alienus
178 4642 238 4699 liat.
253 4643 365 4700 Cunctis
378 4652 472 4700 autem
481 4642 573 4700 eidem
592 4643 653 4700 loco
663 4645 739 4716 justa
753 4661 865 4702 servan·
918 4639 1003 4697 dubio
1010 4638 1253 4697 clementiadivina
1262 4646 1403 4711 sperantes
1412 4636 1610 4712 promittimus,
1616 4636 1720 4697 lesbum

57 4733 136 4793 tibus
149 4736 189 4793 sit
201 4752 255 4810 pax
268 4736 381 4794 Domini
394 4738 482 4795 nostri
506 4738 572 4794 iesu
600 4736 711 4806 Christi,
728 4747 863 4810 quatenus
918 4733 990 4790 beati
1005 4734 1078 4790 Petri
1103 4749 1159 4789 non
1173 4733 1247 4805 prins
1265 4730 1475 4802 transeundum,
1495 4747 1579 4806 quam
1603 4732 1633 4790 in
1648 4748 1720 4790 eun·

56 4826 149 4885 «bic
168 4826 292 4887 fructum
315 4828 380 4887 boni
395 4830 486 4903 operis
507 4830 667 4903 percipiant,
692 4838 720 4888 et
733 4831 805 4904 apud
819 4831 863 4888 di·
917 4835 1026 4885 ctorum
1039 4826 1305 4884 notitiacertissime
1328 4826 1439 4895 clareat,
1464 4826 1719 4901 illuminatissima

49 4921 188 4981 nimum
201 4922 323 4996 jndicem
337 4923 451 4996 praemia
467 4932 576 4981 aeternae
587 4924 663 4996 pacis
678 4924 827 4981 inveniant.
917 4936 976 4979 esse
985 4920 1268 4978 excommunicatum.
1287 4922 1323 4977 Et
1342 4918 1405 4976 inde
1419 4918 1622 4977 fraternitatem
1636 4929 1712 4978 tuam

97 5018 203 5075 Dabam
216 5017 364 5075 Lateranis
375 5033 437 5076 rrrr
451 5016 518 5075 idus
528 5018 690 5092 hlartii,per
702 5034 801 5077 manus
814 5021 864 5078 Pe·
916 5014 1055 5079 volumus,
1079 5022 1161 5088 atque
1186 5029 1343 5083 monemus,
1369 5021 1400 5071 nt
1423 5022 1515 5072 certos
1538 5030 1590 5072 nos
1609 5015 1720 5072 studeat

48 5108 113 5179 tri,
124 5119 228 5169 mnae
243 5114 381 5170 Romanae
399 5110 527 5169 Ecclesia
545 5113 707 5188 presbyteri,
720 5112 866 5172 cardinalis
918 5107 1008 5167 lacere
1020 5116 1114 5167 utrum
1129 5111 1188 5165 Deo
1206 5123 1242 5165 an
1254 5107 1412 5166 hominibus
1429 5108 1517 5183 magis
1527 5108 1640 5182 elegerit
1654 5107 1719 5165 obe

49 5212 98 5261 {e
121 5204 332 5277 bibliothecarii,
361 5222 435 5264 anno
457 5206 539 5264 tertio
560 5207 736 5281 pontificatus
760 5207 864 5268 domini
917 5202 986 5276 dire,
1002 5213 1130 5262 utrumve
1139 5202 1256 5277 justitiae
1270 5201 1486 5277 obtemperando
1508 5201 1593 5259 fldem
1606 5204 1677 5270 Deo,
1691 5209 1719 5259 et

50 5292 191 5372 Gregorii
204 5302 257 5359 illl
272 5315 361 5376 papae,
381 5298 530 5358 indictione
549 5315 615 5360 arv.
916 5307 1019 5357 sancta
1032 5301 1169 5356 Romanae
1178 5297 1309 5355 Ecclesiae
1320 5296 1479 5365 observare,
1493 5311 1576 5370 quam
1588 5294 1651 5353 liliis
1664 5295 1718 5354 ini·

409 5404 520 5463 xxw,
917 5392 1030 5467 quitatis
1042 5392 1174 5450 haerendo
1188 5390 1375 5463 [adhaerendo]
1387 5390 1551 5448 conculcare
1568 5389 1716 5447 censuerit.

53 5494 207 5573 Gramen
222 5504 399 5576 Vliaocipit
409 5503 602 5561 monasterium
618 5505 714 5563 pomp
725 5504 866 5562 Apellam
916 5487 1059 5560 Rogamus
1073 5502 1139 5560 ergo
1152 5494 1236 5558 atque
1246 5485 1436 5543 invitamusut
1449 5482 1636 5542 adseruitium
1646 5482 1718 5541 beati

312 5576 363 5631 sub
381 5591 432 5632 suo
441 5578 614 5649 protectione.
917 5581 992 5639 Petri
1012 5595 1061 5652 pro
1080 5595 1161 5655 posse
1188 5587 1237 5637 tuo
1258 5579 1360 5637 milites
1383 5578 1493 5635 mittere
1512 5578 1633 5646 studeas,
1653 5592 1718 5633 eos-

251 5667 672 5743 (ffl0107021142bbifilitd
917 5689 970 5749 que
990 5673 1013 5731 si
1035 5673 1185 5732 decreveris
1202 5673 1323 5742 mittere,
1347 5670 1490 5729 blatbildaa
1515 5679 1617 5728 nostrae
1641 5668 1717 5724 noti-

55 5758 389 5843 [Ιιπιιιιωλιιιιῑ.
399 5771 564 5837 camaldul„
576 5779 647 5827 tom.
663 5771 699 5838 ll,
712 5785 776 5843 pag.
790 5773 866 5841 abe]
917 5768 1002 5825 licere
1011 5783 1150 5841 procures,
1164 5766 1243 5840 eujus
1252 5782 1305 5841 ope
1318 5763 1447 5823 conducti
1461 5778 1557 5822 secane
1564 5760 1669 5838 possint
1680 5758 1717 5817 ad

99 5862 278 5925 dunestor
286 5862 864 5940 epbcopnqvemusscrvommnctaroni·
917 5850 1735 5934 nos,casineimpedimento,iavmmnordtnopeuutne.
