3870 6164
789 116 798 145 Ι

5 190 8 195 ’
100 186 119 283 s
137 231 205 287 ross
640 229 686 283 tu
705 190 818 284 orma
836 227 864 283 s.
884 224 1044 282 enneoeu
1062 224 1279 281 tPPENttlctts.
1718 222 1780 279 rost

99 402 101 406 ,
134 360 163 410 ct
173 352 209 411 ad
217 355 385 413 comitissam
400 351 563 410 Matbildcm
573 350 754 423 divertentes,
767 350 803 406 ab
815 366 846 407 ea
861 349 928 406 hila·
943 354 970 418 Α
984 352 1043 407 Hac
1052 349 1137 421 igitur
1148 349 1297 406 rebellione
1306 348 1434 420 durante,
1446 347 1611 423 hujusmodi
1619 345 1784 404 turbationis

136 446 203 502 riter
213 454 278 504 sunt
291 446 417 517 suscepti,
429 453 468 512 et,
478 445 584 517 magnis
597 444 743 518 gratificati
756 444 930 510 muneribus,
985 443 1103 500 civitatis
1117 457 1197 499 casus
1210 443 1300 499 cidem
1311 445 1460 500 comitissae
1471 443 1594 500 emersit.
1612 441 1783 499 Cumarum

135 538 171 595 ad
184 539 379 611 imperatorem
393 537 505 594 tandem
524 545 704 595 reverterunt.
725 537 827 594 Statim
841 537 932 610 impe·
985 538 1014 592 in
1029 544 1123 593 monte
1136 537 1270 592 Baruntio
1284 538 1424 593 comitissa
1437 544 1565 594 maneret
1580 535 1704 608 graviter
1713 531 1782 589 intir·

136 639 212 688 rator
234 631 389 688 coadunato
408 631 531 687 exercitu
544 630 744 687 Lombardiam
762 630 881 697 intravit,
904 639 933 686 ct
985 638 1071 698 mata,
1083 629 1163 686 fallax
1177 628 1212 686 de
1223 629 1281 701 ejus
1293 639 1383 687 morte
1391 629 1464 687 fama
1474 629 1630 702 personuit.
1640 625 1778 685 Mantuam

136 725 261 780 civitates
286 740 320 780 ac
341 732 430 782 castra
447 724 637 796 depopulatus,
659 730 775 781 cunctos
802 723 863 797 ejus
892 722 932 779 ira
985 724 1068 797 igitur
1081 724 1177 797 gavisi,
1192 730 1220 779 et
1236 722 1338 781 lamam
1354 724 1424 781 hanc
1440 723 1630 796 divulgantes,
1643 720 1780 792 Ripaltam

136 816 309 874 lumbardos
325 818 481 890 perterruit.
497 820 572 873 luter
591 817 641 873 has
654 818 780 874 civitates
794 832 859 873 cum
873 819 932 873 No·
984 816 1132 875 comitissae
1146 826 1267 874 castrum
1284 817 1367 873 tertio
1379 815 1415 874 eb
1427 816 1496 875 urbe
1509 818 1637 873 blantme
1655 813 1782 871 milliario

135 910 211 966 varia
223 910 252 966 in
269 911 419 967 rebellione
435 910 602 984 persisteret,
630 926 661 966 ea
682 925 823 979 succense,
836 925 932 967 muros
985 910 1090 968 distans
1108 910 1250 967 invadunt.
1266 911 1399 968 Custodes
1416 926 1480 966 vero
1500 904 1596 978 castri,
1617 915 1680 964 urm
1694 922 1729 963 ex
1740 921 1783 964 su·

136 1002 198 1076 ejus
216 1003 311 1071 diruit,
325 1003 500 1075 multamque
514 1003 578 1060 inde
593 1003 652 1060 auri
668 1011 697 1060 et
709 1003 815 1077 argenti
826 1002 933 1076 suppel-
986 1004 1041 1060 bita
1052 1004 1204 1071 invasione,
1220 1012 1280 1061 tum
1290 1020 1322 1060 ex
1333 1002 1404 1060 falsa
1418 1003 1573 1061 comitissae
1592 1000 1671 1058 fama
1683 1000 1782 1072 prolata

135 1095 256 1153 lectiiem
272 1097 435 1167 asportavit3
453 1096 511 1152 sola
529 1096 623 1154 civitas
643 1096 792 1153 Mediolani
810 1097 933 1168 impera·
984 1098 1183 1155 timoremulto
1194 1098 1326 1168 percussi,
1341 1102 1463 1155 castrum
1474 1095 1639 1153 Mantuanis
1652 1094 1707 1151 bac
1724 1108 1781 1150 con

136 1189 191 1245 tori
208 1205 267 1246 non
286 1189 485 1263 obtemperavit
505 1189 540 1246 ad
556 1197 659 1246 votum.
676 1190 801 1263 Cumque
820 1197 934 1262 propter
986 1190 1089 1248 ditione
1102 1190 1300 1248 tradiderunt:
1325 1198 1356 1251 ut
1377 1190 1510 1257 videlicet,
1530 1190 1553 1246 si
1576 1189 1685 1244 viveret
1697 1187 1778 1244 comi·

34 1330 52 1341 ,
137 1281 296 1354 hujusmodi
317 1282 471 1338 invasiones
495 1283 637 1339 comitissa
661 1282 857 1354 imperatorem
881 1280 933 1339 ha·
987 1285 1065 1351 tissa,
1082 1292 1179 1341 contra
1198 1299 1261 1340 eam
1286 1283 1443 1340 nuliatenus
1463 1291 1617 1340 teneretur.
1632 1279 1689 1339 Sed
1710 1282 1777 1337 Mun·

136 1373 215 1431 beret
227 1389 354 1443 exosum,
368 1374 501 1448 flagrabat
511 1391 576 1432 cum
591 1391 624 1432 ca
639 1391 734 1448 pacem
749 1374 859 1432 habere.
876 1378 933 1432 lm·
987 1378 1063 1433 tuani
1085 1376 1208 1449 perfidias
1222 1377 1287 1433 vitio
1306 1377 1412 1450 repleti,
1434 1374 1529 1432 habito
1549 1374 1634 1431 castri
1649 1372 1776 1439 dominio,

137 1474 246 1540 perator
266 1467 448 1524 nihilominus
469 1483 556 1541 usque
577 1467 612 1524 ad
629 1468 714 1525 Thari
728 1469 817 1539 ripam
842 1469 931 1538 senit3
986 1470 1165 1527 decreverunt
1179 1469 1247 1526 illud
1267 1470 1394 1528 incendio
1412 1469 1557 1541 dissipare.
1579 1470 1692 1525 interea
1705 1482 1774 1523 renc-

137 1560 277 1617 comitissa
306 1576 373 1619 vero
402 1564 562 1618 acanossa
593 1561 777 1619 Bibiauellum
800 1562 932 1635 perrexit.
985 1561 1254 1620 rabilisManiredus
1267 1563 1410 1636 episcopus
1423 1564 1568 1619 Mantuam
1581 1558 1776 1617 venitrcierert

137 1652 264 1710 Tandem
278 1654 353 1711 inter·
364 1670 426 1711 eam
440 1663 468 1711 et
476 1655 670 1728 imperatorem
682 1655 766 1728 legati
779 1657 870 1712 multo
883 1655 932 1711 ha·
988 1657 1158 1713 comitissam
1177 1657 1277 1713 vivere.
1299 1655 1379 1726 Quod
1396 1654 1512 1712 audiens
1528 1653 1651 1728 populus
1665 1655 1775 1710 llantu-

137 1744 197 1803 bito
211 1754 325 1803 nactatu
338 1763 435 1820 pacem
444 1756 572 1805 mutuam
586 1748 795 1816 confirmarunt,
804 1764 889 1820 quam
902 1763 933 1805 se
989 1765 1050 1817 nus,
1066 1748 1105 1805 ira
1116 1747 1255 1811 frendens,
1270 1749 1312 1805 vix
1326 1764 1423 1805 manus
1436 1747 1472 1804 ab
1491 1747 1552 1821 ipso
1571 1745 1727 1811 continuit,
1737 1743 1775 1802 sel

138 1847 306 1897 servaturam
319 1841 458 1898 comitissa
470 1842 626 1914 spopondit,
641 1844 777 1899 Romanae
797 1841 936 1899 duntaxat
989 1842 1094 1917 generis
1117 1842 1175 1915 ejus
1205 1841 1337 1898 nobilitas
1360 1857 1458 1899 eorum
1478 1840 1611 1912 repressit
1634 1837 1774 1896 audaciam.

138 1934 269 1991 Ecclesia
282 1933 414 1992 tidelitate
428 1943 545 1991 servata.
562 1935 614 1991 liis
634 1937 762 2006 peractis,
785 1935 936 2009 imperator
989 1938 1115 1993 Castrum
1133 1951 1198 1991 vero
1212 1935 1331 2008 Ripaltae
1345 1934 1466 1992 flammae
1478 1942 1507 1991 et
1518 1934 1611 1990 ruinae
1622 1931 1775 1998 traditona

138 2042 187 2098 per
200 2036 324 2084 montem
337 2027 476 2084 Burdenis
483 2033 557 2095 (957)
567 2029 695 2084 uanuvit
707 2030 737 2084 in
748 2030 889 2094 Tusciam,
901 2028 936 2084 de
989 2045 1038 2101 per
1051 2044 1174 2085 mensem
1193 2028 1256 2085 inde
1271 2030 1413 2084 Mantuam
1424 2027 1511 2101 spolia
1529 2026 1709 2084 aeternnm.
1723 2026 1776 2081 liae

139 2119 219 2192 cujus
232 2119 351 2176 adventu
367 2120 450 2176 Tusci
473 2120 642 2192 trepidantes
667 2121 693 2176 ei
706 2121 811 2178 tributa
833 2122 934 2193 persol·
990 2130 1083 2178 autem
1097 2122 1191 2178 omnia
1206 2121 1376 2178 comitissam
1391 2121 1551 2178 latuerunt:
1570 2119 1704 2176 nolebant
1715 2117 1775 2175 enin

139 2219 216 2267 vont.
238 2212 387 2269 Florentiae
408 2213 503 2270 Natale
522 2214 640 2270 Domini
659 2213 814 2270 celebravit.
829 2214 936 2271 Urbem
989 2214 1082 2271 fideles
1096 2214 1156 2287 ejus
1171 2213 1334 2288 egritudine
1353 2213 1486 2271 aillictam
1502 2213 1557 2269 hoc
1580 2211 1730 2269 damnabili
1741 2226 1775 2268 ru

80 2340 84 2345 -
139 2304 282 2360 treunam
296 2304 392 2361 tracus
417 2306 504 2361 muris
525 2306 698 2378 consumpsit
719 2305 854 2363 inccndio.
879 2310 936 2363 Ve—
989 2323 1068 2364 more
1085 2307 1252 2364 contristari.
1274 2308 1392 2364 sanitati
1412 2306 1526 2363 undem
1541 2302 1774 2377 restitutamque

139 2396 218 2454 niens
228 2397 343 2454 tandem
353 2400 472 2454 Romam
484 2407 583 2470 quarto
592 2398 657 2455 Idus
669 2400 820 2469 Februarii,
836 2415 851 2455 a
866 2415 936 2473 papa
988 2408 1071 2473 toque
1085 2402 1164 2471 quale
1177 2400 1228 2457 sibi
1242 2401 1384 2457 Mantuani
1397 2400 1532 2457 damnum
1544 2399 1706 2465 intulerant,
1721 2396 1775 2455 tiu

139 2497 169 2546 et
187 2491 262 2546 clero
277 2507 310 2547 ac
326 2490 429 2563 populo
441 2492 559 2548 solemni
581 2493 755 2565 processione
777 2494 933 2566 suscipitur.
990 2504 1099 2566 tempus
1118 2493 1214 2550 adesse
1237 2493 1314 2566 quod
1337 2494 1394 2549 suis
1420 2500 1479 2549 erat
1503 2491 1652 2548 demeritis
1674 2493 1774 2549 Mantua

58 2662 61 2667 .
140 2587 251 2641 intrans
270 2599 336 2641 vcro
351 2584 423 2641 beati
438 2585 511 2641 Petri
525 2584 679 2653 basilicam,
698 2595 727 2644 et
742 2586 778 2643 ad
792 2589 936 2645 universos
989 2586 1182 2643 subvertenda.
1196 2588 1266 2643 Suos
1284 2587 1367 2660 igitur
1380 2580 1555 2643 bortaturad
1571 2584 1689 2652 bellum,
1707 2592 1774 2640 etar-

139 2676 279 2734 scaiarum
293 2676 395 2750 gradm
408 2693 499 2751 genua
513 2679 636 2750 flectens,
650 2680 807 2737 antealtare
817 2681 852 2738 ad
861 2682 937 2754 pacis
991 2689 1064 2737 mata
1078 2680 1164 2736 classe
1173 2679 1207 2736 ad
1217 2682 1339 2736 Mantuae
1352 2679 1528 2736 obsidionem
1538 2679 1704 2751 properarit
1714 2678 1774 2734 um

142 2770 299 2827 osculuma
321 2786 390 2843 papa
411 2772 567 2844 suscipitur,
583 2774 748 2845 promittens
762 2775 788 2831 ei
809 2776 937 2832 ecclesias
990 2783 1084 2830 autem
1097 2773 1188 2846 gravis
1212 2775 1377 2829 Mantuanos
1399 2780 1517 2829 arctaret
1542 2771 1666 2841 obsidio,
1689 2783 1774 2843 magno

89 2898 92 2903 -
139 2863 191 2920 Dei
207 2879 265 2920 non
278 2862 462 2935 venditumm,
479 2881 532 2923 neo
545 2866 721 2923 investituras
734 2866 875 2925 iacturum
885 2869 936 2925 nisi
990 2868 1090 2923 timore
1117 2865 1284 2923 consternati
1315 2864 1473 2922 defensores
1497 2879 1596 2921 eorum
1625 2862 1773 2920 inditate!

140 2971 190 3030 per
210 2972 288 3030 papea
302 2957 453 3016 licentiam.
467 2959 592 3032 Cumque
610 2975 682 3032 papa
696 2960 730 3016 ad
745 2962 936 3019 coronandum
988 2959 1103 3017 trahunt
1117 2959 1274 3015 sententias.
1290 2957 1411 3029 Quidam
1430 2957 1505 3015 enim
1519 2955 1709 3014 resistendum
1725 2968 1772 3037 cn

35 3125 43 3137 .
140 3065 250 3107 eum‘se
265 3060 385 3122 pararet,
398 3051 520 3124 perfidiae
538 3068 633 3109 semen
651 3056 768 3110 aemulus
779 3055 853 3127 pecie
867 3055 935 3127 inJe·
953 3052 1149 3135 cdccemunt,
1171 3068 1235 3123 pars
1256 3051 1392 3108 infirmior
1410 3051 1513 3108 moenia
1539 3050 1618 3107 exire
1640 3047 1771 3107 contendit

139 3144 189 3212 cit,
204 3145 378 3216 propositum
392 3154 421 3201 et
436 3145 605 3217 promissum
620 3147 795 3220 imperatoris
813 3156 933 3205 mutans.
989 3148 1051 3202 Hac
1070 3143 1184 3201 undem
1201 3144 1382 3201 fluctuatione
1393 3142 1502 3217 trepidi,
1519 3143 1717 3210 vacillantes,a
1734 3155 1772 3199 eo·

140 3239 212 3293 Nam
224 3237 301 3309 petiit
313 3252 329 3292 a
343 3253 411 3310 papa
424 3238 475 3295 sibi
485 3240 531 3310 jus
544 3239 660 3296 concedi
673 3241 704 3297 in
723 3240 820 3297 dandis
834 3241 937 3313 episco-
990 3238 1093 3295 mitissa
1107 3238 1219 3311 utrique
1233 3239 1369 3311 supplices
1381 3236 1520 3310 petierunt
1533 3238 1656 3295 veniam.
1665 3237 1771 3307 qust

84 3316 94 3327 ”
141 3329 288 3402 patibuset
298 3331 416 3387 abbatiis
430 3348 479 3405 per
493 3333 598 3406 virgam
609 3343 637 3391 et
650 3333 794 3403 annulum,
805 3335 937 3407 quemad·
989 3332 1130 3389 comitissa
1141 3347 1238 3388 eorum
1250 3332 1345 3404 legatis
1364 3346 1444 3388 aures
1455 3330 1592 3403 preberet
1609 3331 1772 3397 adversust

141 3422 257 3480 modum
281 3423 322 3481 sui
345 3424 560 3498 predecessores
590 3427 722 3484 hactenus
745 3428 935 3485 contulerunt.
989 3426 1076 3481 torvis
1090 3424 1282 3496 eosaspiceret
1295 3424 1394 3492 oculis,
1407 3423 1562 3480 mitissimis
1577 3418 1771 3494 mmensuppi

141 3515 224 3588 Quod
246 3534 309 3575 eum
331 3534 399 3592 papa
421 3528 561 3589 renueret,
584 3521 675 3593 ipsum
699 3522 850 3595 imperator
873 3538 937 3579 oum
990 3517 1144 3576 canonibus
1163 3526 1192 3574 et
1209 3533 1355 3589 procerum
1366 3533 1481 3573 suorum
1500 3516 1704 3574 instantissimis
1721 3527 1770 3588 pst·

140 3610 259 3681 praelatis
282 3619 310 3666 et
333 3612 410 3668 omni
424 3613 499 3668 ouria
514 3614 671 3684 captivavit.
695 3615 770 3670 lnter
790 3631 861 3687 quos
885 3613 938 3671 iuit
990 3612 1069 3669 cibus
1093 3611 1151 3684 ejus
1169 3611 1293 3682 placatus
1315 3619 1357 3667 est
1379 3610 1497 3667 animus
1518 3609 1669 3668 Civitatem
1691 3609 1769 3680 tuque

141 3701 296 3757 bernardus
314 3705 470 3761 Parmensis
485 3705 644 3777 episeopus,
662 3708 800 3764 etSenior
814 3708 937 3780 Reginus
990 3706 1043 3762 eibi
1077 3703 1266 3773 tradiderunt,
1300 3702 1442 3761 fidelitatis
1474 3703 1637 3776 juramenta
1668 3699 1771 3759 universi

140 3793 292 3865 episcopus.
308 3797 361 3851 Pro
376 3796 475 3866 quibus
489 3797 621 3869 episcopis
636 3800 785 3855 etctetcris
800 3801 936 3857 Lcmbar·
991 3807 1162 3871 praestantes,
1189 3804 1218 3853 et
1245 3812 1361 3853 censum
1379 3812 1501 3853 annuum
1525 3796 1698 3868 pollicentes.
1715 3798 1771 3852 tea
1816 3856 1820 3861 ,

142 3887 186 3943 dis
197 3886 311 3959 captivis
322 3887 363 3943 vir
383 3887 486 3944 nobilis
506 3898 534 3945 et
544 3890 683 3962 eloquens,
698 3890 837 3948 arduinus
850 3894 937 3949 comi·
990 3900 1056 3947 sunt
1065 3891 1124 3947 haec
1140 3890 1263 3946 Bundoni
1279 3895 1351 3957 (958)
1367 3888 1396 3945 in
1409 3904 1505 3946 mense
1518 3889 1653 3949 Octobris
1665 3885 1772 3946 musal

141 3979 216 4036 tissae
234 3980 346 4053 legatus,
362 3981 560 4052 imperatorem
574 3982 731 4056 alloquitur,
752 3992 779 4040 et
797 3987 871 4056 pacis
888 4002 936 4057 pa·
991 3984 1131 4040 incarnato
1143 3983 1196 4040 Dei
1210 3983 1279 4039 sitio
1297 3987 1375 4039 1014.

68 4116 76 4129 ,,
142 4074 769 4143 ctumcummemorans,libertatidonatisunt.
784 4079 938 4149 imperator
1273 4095 1395 4152 cquT
1406 4096 1499 4151 xvn,

142 4166 266 4234 undem,
280 4166 315 4223 ad
326 4183 375 4223 cor
390 4166 497 4223 rediens
516 4176 544 4224 et
557 4166 653 4226 futura
667 4171 788 4243 pericula
799 4181 937 4242 metucns,
993 4201 1113 4270 (Mite,
1130 4215 1199 4269 ,wa
1221 4200 1271 4254 De,-
1288 4199 1389 4254 ,upum
1402 4200 1488 4266 sum-p
1504 4198 1614 4262 dmm,
1629 4202 1657 4254 ρ,
1678 4198 1711 4254 g,
1728 4195 1775 4266 g„

143 4268 284 4330 papamet
297 4261 425 4332 praelatos
438 4262 579 4329 relaxavit,
594 4270 632 4331 et,
647 4278 713 4337 pace
726 4280 792 4321 cum
807 4279 841 4321 eo
852 4264 936 4335 iacta,
1255 4271 1374 4325 nomeu
1392 4271 1517 4338 glorioso.

141 4351 175 4409 ab
181 4354 242 4426 ipso
251 4353 422 4426 imperialem
429 4354 651 4412 benedictionem
658 4365 686 4412 et
694 4357 936 4429 imperiidiadcma
1027 4373 1144 4431 lpum
1155 4373 1244 4446 itaque
1256 4372 1407 4440 eomitissa,
1422 4373 1501 4430 miris
1513 4373 1620 4430 florens
1634 4372 1776 4437 qimam,

142 4448 270 4520 suscepit.
286 4448 483 4504 ¹¹²l0⁸²lt¹¹i³¹¹¹
498 4463 608 4521 quoque
627 4449 710 4522 liidie
730 4451 976 4517 eta¹¹¹1¹¹¹i⁸ibili
992 4467 1077 4524 cultui
1087 4467 1180 4524 divino
1193 4482 1302 4538 semper
1314 4475 1374 4523 erat
1383 4467 1497 4536 intenta,
1513 4467 1614 4538 inopes
1624 4475 1777 4531 sustentans.

141 4541 276 4598 “incessit
293 4557 369 4597 ³111¹⁰
383 4540 486 4598 Chsiffi
510 4543 937 4616 ¹¹¹¹·R0d500858511115ffl90·
991 4575 1134 4632 oppressos
1163 4562 1295 4628 relevans,
1317 4570 1345 4616 et
1370 4559 1422 4616 Dei
1446 4558 1565 4616 famulos
1588 4560 1777 4632 perhonorans

141 4642 217 4690 rator
230 4634 428 4691 Lombardiam
446 4634 622 4691 Bibiauellum
638 4636 722 4702 venit,
736 4637 783 4692 ubi
796 4637 938 4694 comitisse
992 4656 1060 4709 ΗΜ
1078 4662 1106 4709 et
1123 4662 1224 4711 ganerae
1244 4653 1376 4725 religioni,
1397 4652 1559 4724 psalmodii,
1572 4663 1603 4710 et
1616 4651 1776 4711 orationibus

142 4725 289 4793 residebat,
304 4735 342 4793 ct,
355 4727 443 4783 tribus
454 4726 552 4784 diebus
562 4743 625 4784 cum
636 4743 667 4784 ea
680 4737 813 4798 moratus,
825 4730 936 4787 undem
992 4746 1101 4804 assidue
1114 4745 1284 4811 intendebat,
1299 4747 1427 4802 amposta,
1440 4754 1468 4802 et
1483 4746 1539 4802 net
1551 4747 1699 4804 ministro.
1707 4760 1777 4818 μη-

141 4820 170 4874 ifl
184 4819 378 4876 Alemanniim
394 4821 525 4892 liminii·
991 4841 1093 4895 mentis
1105 4848 1132 4894 et
1147 4839 1217 4895 vasis
1227 4839 1316 4895 meris
1329 4838 1475 4910 magnifice
1493 4837 1605 4896 ditarit.
1625 4840 1689 4896 Fuit
1705 4837 1776 4894 erim

113 4990 116 4995 ,
431 4930 552 4988 CAPUT
571 4933 648 4988 XVI.
992 4933 1170 4988 scientiarum
1191 4930 1283 4988 studio
1303 4930 1443 5000 dedicata,
1463 4939 1491 4987 et
1511 4930 1670 4989 liberalium
1688 4930 1777 4989 artiun

44 5012 51 5019 ’
142 5038 180 5091 pe
199 5031 344 5090 repellam
361 5036 497 5098 Manem,
524 5040 550 5090 et
568 5038 686 5106 qualeter
708 5052 736 5092 ,ρ
759 5038 938 5096 reddamm
991 5025 1105 5098 grandis
1115 5024 1281 5081 bibliotheca
1293 5023 1345 5080 sibi
1356 5040 1413 5081 non
1425 5023 1522 5081 deluit.
1534 5028 1590 5082 Pro
1605 5024 1706 5083 Christi
1719 5037 1778 5097 qno

463 5109 615 5164 comitissae.
991 5134 1045 5191 que
1057 5119 1176 5175 Ecclesia
1189 5119 1281 5190 praelia
1292 5119 1376 5175 multa
1387 5117 1481 5190 gessit.
1497 5118 1568 5174 Cum
1578 5127 1673 5177 autem
1683 5120 1778 5175 inlisu·

179 5209 249 5263 Cum
274 5215 368 5263 autem
390 5206 488 5263 eadem
513 5208 655 5266 comitissa
676 5209 818 5267 Matbiidis
837 5210 936 5279 duces,
992 5212 1063 5268 deno
1079 5228 1147 5285 pago
1171 5227 1280 5267 moram
1297 5211 1428 5278 traheret,
1443 5213 1538 5268 rolens
1558 5210 1599 5268 ibi
1614 5211 1710 5269 Matala
1731 5211 1778 5266 iio-

141 5301 287 5372 priscipee,
300 5301 419 5357 comites
434 5309 597 5372 superasset,
614 5318 647 5359 ac
660 5302 781 5359 cintates
794 5313 822 5360 et
838 5305 935 5377 oppida
990 5305 1019 5361 ni
1033 5304 1180 5372 celebrare,
1190 5305 1265 5361 venit
1277 5305 1312 5361 ad
1326 5321 1389 5361 eam
1400 5320 1517 5378 magnus
1528 5303 1573 5363 ille
1588 5304 1777 5379 religionisl’a

140 5392 192 5448 sibi
208 5393 318 5449 rebellia
335 5392 514 5458 subdidisset,
534 5394 592 5450 sola
611 5399 723 5452 Mantua
738 5413 785 5468 per
798 5413 885 5454 annos
900 5403 934 5455 2³
989 5408 1032 5454 ter
1045 5399 1148 5462 Ponzo,
1162 5397 1284 5455 cluniaci
1299 5399 1394 5466 abbas,
1409 5406 1505 5455 octavo
1520 5396 1565 5454 die
1579 5414 1615 5456 ex
1626 5414 1684 5472 quo
1696 5400 1777 5455 sona

142 5485 170 5541 in
187 5483 337 5542 rebellione
363 5487 524 5558 permansit,
539 5487 712 5558 imperatoris
734 5489 821 5547 edicta
845 5490 874 5546 in
894 5489 934 5546 ia·
989 5490 1171 5558 discesserat;
1188 5491 1245 5563 qui,
1259 5507 1309 5548 suo
1325 5507 1402 5549 more
1414 5492 1447 5548 ab
1461 5506 1493 5547 ea
1503 5501 1662 5566 susceptus,
1675 5487 1775 5548 dumis

140 5593 235 5634 vomm
249 5579 396 5636 comitissae
410 5579 448 5636 eis
461 5582 622 5637 transmissa
632 5582 742 5653 penitus
756 5582 934 5655 vilipendens.
990 5585 1085 5641 Natnle
1104 5584 1215 5641 Domini
1237 5584 1361 5642 cilicium
1383 5584 1560 5652 decantaret,
1580 5584 1723 5643 comitia
1735 5590 1777 5654 μθ

175 5759 251 5825 (stt)
271 5756 419 5815 Bardonis.
1025 5766 1099 5830 (ets)
1117 5761 1251 5818 Bondeni.
