3870 6164
136 245 185 301 les
712 244 811 301 blesa
829 244 980 312 QUINTUS.
1000 272 1036 287 -
1054 245 1158 301 EPIST.
1178 247 1212 300 V.
1328 262 1334 271 ⁵
1412 272 1415 279 ·
1732 258 1784 313 leo

134 375 190 427 stra
201 366 317 426 consilia
338 375 366 424 et
380 367 507 426 voluntas
526 382 624 426 eorum
639 369 685 441 qui
701 368 736 427 de
749 368 795 425 illa
810 369 934 427 Ecclesia
946 374 973 440 Α
987 378 1015 427 et
1029 369 1143 427 fideliter
1154 371 1182 426 in
1195 371 1324 429 omuibus
1336 373 1462 433 assistere
1473 377 1613 446 volumus,
1632 389 1661 436 et
1672 388 1784 452 aposto-

134 469 197 520 sunt
216 462 355 533 convenit,
370 463 523 535 apostolica
543 479 592 521 vos
611 463 772 521 auctoritate
788 478 932 522 monemus
986 462 1037 521 lica
1052 464 1212 521 auctoritate
1227 480 1371 525 monemus
1386 487 1394 525 z
1410 477 1437 526 et
1452 478 1481 527 ut
1495 472 1582 545 magis
1597 488 1709 531 securos
1725 491 1784 532 ma·

135 564 180 626 ut,
195 555 326 614 eamdem
349 557 498 615 Ecclesiam
507 557 654 628 adeuntes,
670 557 788 632 qualiter
800 556 931 632 generalis
985 557 1082 631 gisque
1103 558 1252 616 adomnia
1276 560 1347 618 inter
1367 578 1416 619 ros
1438 574 1584 638 promptus
1606 583 1665 624 esse
1686 568 1783 637 valeat,

135 651 234 708 electio
247 652 295 709 liat
309 652 344 709 ab
355 652 484 709 omuibus
505 652 616 721 curetis,
631 660 661 709 et
673 668 746 722 eam,
763 652 833 710 siem
846 651 932 711 moris
985 649 1146 708 fidelitatem
1160 669 1281 726 quoque,
1295 654 1317 712 si
1331 657 1518 729 postulaverit,
1538 661 1678 733 premissa
1692 670 1784 720 mmen

134 744 292 819 orantique
308 752 469 803 sanctorum
492 749 604 803 Patrem
618 745 764 804 traditione
777 745 862 804 fuisse
884 762 931 805 co·
984 746 1072 803 sancti
1085 747 1158 804 Petri
1182 756 1209 804 et
1227 748 1321 806 bostra
1340 760 1559 827 nostrorumque
1582 771 1781 827 successorum,

133 840 274 913 procons,
288 849 382 897 nostra
397 840 454 898 vice
473 840 649 898 confirmetis.
665 842 727 912 Quo
744 840 815 898 lacto
828 848 856 897 et
871 857 931 898 rem
984 856 1041 897 nou
1064 839 1213 915 denegetis,
1236 858 1288 900 nec
1301 843 1390 917 aliqua
1405 847 1547 905 occasione
1564 848 1616 906 sibi
1630 848 1718 908 lacere
1738 866 1781 908 re-

134 947 217 1006 quam
230 932 357 991 ordinate
371 932 444 991 iacta
457 933 542 992 luerit
560 935 640 991 uobis
650 934 708 993 sine
722 933 855 992 dilatione
868 950 931 992 cer·
985 933 1095 992 cusetis.

134 1027 167 1085 tis
180 1026 280 1085 litteris
293 1027 530 1099 restrhindicate,
547 1038 575 1086 et
587 1029 706 1087 electum
721 1045 771 1103 pro
784 1029 931 1102 suscipien·
1019 1031 1090 1086 Date
1111 1033 1210 1090 Rome
1225 1031 1335 1092 decimo
1356 1044 1433 1093 sesto
1447 1035 1578 1096 Kalendis
1590 1039 1728 1111 Octobris,
1742 1038 1781 1097 in·

136 1119 167 1179 ds
189 1121 396 1180 consecratione
415 1123 577 1197 quantocius
599 1124 635 1180 nd
652 1139 705 1181 nos
729 1139 794 1181 cum
815 1123 931 1182 solemni
984 1121 1102 1182 dictione
1113 1125 1211 1198 prima

136 1213 244 1274 decreto
257 1215 323 1273 cleri
338 1225 367 1274 et
380 1216 470 1289 populi
482 1217 627 1275 destinae.
1262 1234 1439 1291 EPlsTOLA
1470 1239 1504 1292 v,

168 1312 240 1367 Data
257 1312 357 1367 Romae
370 1309 566 1369 decimosexto
581 1309 720 1370 Kalendas
733 1311 871 1382 Octobris,
886 1311 930 1370 in·

137 1400 361 1476 dictionsprima.

411 1510 587 1567 EPISTOLA
605 1513 652 1567 lV.

1234 1351 1275 1392 au
1299 1352 1531 1406 soornnrnnsns.

1275 1439 1372 1505 (Anno
1393 1440 1488 1512 1077.)

985 1538 1057 1621 lllrtd
1070 1554 1097 1593 sc
1110 1540 1181 1594 ieter
1195 1543 1288 1595 omnio
1301 1544 1437 1612 praecipue
1449 1542 1605 1597 desiderare
1627 1544 1727 1606 scribit,
1751 1549 1784 1600 at

434 1630 477 1674 sp
503 1630 625 1676 cassos.
1019 1627 1049 1664 sn
1062 1626 1223 1681 comaeque
1236 1614 1353 1668 Ecclesia
1366 1615 1430 1668 telis
1441 1615 1574 1683 eligatur,
1589 1617 1639 1683 pati
1649 1629 1744 1670 atomon
1757 1622 1783 1670 et

434 1716 526 1786 (Anno
542 1718 634 1783 ¹077.)
1019 1683 1137 1765 officiosae
1146 1686 1263 1766 pastoris
1277 1684 1372 1767 leobae
1383 1685 1532 1768 digerasslt
1547 1703 1554 1738 ε
1568 1685 1668 1741 idcirco
1683 1687 1783 1770 legatos
1851 1760 1854 1765 .

143 1816 255 1875 letatur
278 1818 352 1890 qaod
377 1821 496 1876 irtsalam
526 1821 670 1882 Corsicam,
695 1835 756 1889 pare
777 1784 973 1890 orttiqat'tusB
1020 1754 1785 1899 ἶξωῃῑΐὸωδὲεαὲξιἓὲᾳὲἑςρᾜηέἱέέέἷρθςπωάζίᾳίᾚξέἰῒι

166 1893 238 1960 iaris
250 1897 309 1947 eret
322 1893 408 1947 coacti
421 1893 506 1953 Petri,
521 1892 555 1945 ult
569 1892 738 1947 irremoribus
751 1893 931 1955 vindicantes,
1020 1897 1181 1966 repererint,
1204 1901 1360 1969 confirment
1389 1917 1397 1949 :
1430 1900 1474 1954 sia
1495 1901 1595 1963 minas,
1630 1901 1702 1956 olias
1731 1902 1783 1956 eli-

171 1963 207 2017 ud
220 1964 375 2035 apostolicae
388 1963 462 2018 sedis·
475 1963 601 2018 ditionem
610 1964 709 2019 reuerti
718 1963 802 2019 velint
817 1983 825 2014 :
839 1966 868 2017 s'u
878 1980 933 2033 pao
1021 1972 1113 2039 portur.

169 2035 308 2161 ffim
324 2035 862 2176 “ggffiffl‘ffimffmzwffl
876 2051 934 2176 νέξ.
1022 2069 1367 2143 Guneontusepiscopus,
1382 2086 1476 2129 servus
1489 2071 1700 2135 servorumllei,
1711 2072 1785 2131 clero

167 2178 316 2246 pmipwiae
345 2180 463 2247 regimen
487 2178 616 2247 suscipiet
638 2178 753 2247 fidem&
780 2178 932 2248 obsequp.
987 2170 1015 2218 et
1028 2163 1129 2235 popilio
1139 2163 1320 2237 Aquileiensis
1336 2165 1468 2224 Ecclesiae
1494 2166 1613 2224 Salutem
1632 2173 1660 2223 θῙ
1673 2175 1783 2238 aposto·

170 2254 229 2304 tur.
986 2254 1069 2312 licam
1086 2253 1316 2317 benedictionem.

170 2350 348 2410 Gnaeosrus
362 2350 517 2425 episcopus,
531 2366 626 2409 servus
639 2367 782 2410 servorum
797 2352 857 2423 Dei,
872 2369 932 2410 om·
1023 2350 1143 2424 antiqua
1152 2360 1180 2409 et
1191 2361 1255 2409 nota
1264 2369 1350 2413 sacrm
1363 2355 1540 2413 institutionis
1554 2363 1597 2412 est
1609 2352 1711 2430 regula,
1729 2370 1786 2412 uon

145 2442 214 2502 situs
240 2445 376 2519 episcopis
397 2446 510 2504 ateiris
532 2445 680 2515 nobilibus,
702 2447 859 2522 cunctisque
877 2457 934 2505 mni
988 2443 1022 2500 ab
1042 2443 1211 2516 hominihus,
1226 2447 1274 2504 sed
1286 2448 1321 2505 ab
1336 2451 1401 2505 lesu
1414 2448 1522 2506 Christo
1546 2452 1604 2506 Deo
1625 2450 1785 2507 etDomino

145 2537 286 2611 missibus
299 2555 384 2613 quam
408 2538 563 2597 minoribus
576 2541 604 2596 in
623 2541 710 2598 insula
732 2542 843 2600 corsica
865 2557 935 2599 oon-
988 2545 1094 2608 nosne,
1109 2538 1266 2612 plenissima
1286 2557 1343 2599 suae
1362 2542 1501 2614 sapientia
1517 2542 1743 2612 consideratione,
1758 2552 1788 2601 et

145 2631 304 2703 sistentibus,
337 2632 453 2691 salutem
486 2642 514 2691 el
549 2633 726 2707 apostolicam
765 2635 933 2694 henedictio-
989 2630 1107 2689 veritatis
1124 2631 1293 2690 diffinitione
1309 2635 1428 2704 sancita,
1454 2636 1513 2709 ipso
1528 2637 1635 2694 dicente
1648 2637 1676 2693 in
1697 2640 1786 2694 Evan-

146 2739 211 2785 lem.
988 2724 1057 2798 golio
1074 2745 1080 2780 ι
1099 2728 1152 2795 Qui
1170 2729 1254 2783 irttrot
1270 2745 1320 2800 per
1335 2733 1435 2785 ostium
1452 2735 1549 2800 postor
1562 2736 1601 2787 cst
1619 2734 1720 2797 emutat,
1737 2736 1787 2803 pai

170 2821 262 2889 Scitis,
287 2820 386 2880 iratres
404 2831 433 2879 et
452 2822 605 2880 charissimi
627 2824 657 2881 in
679 2823 789 2881 Christo
803 2822 863 2892 lilii,
878 2839 936 2879 nou
989 2825 1079 2876 culon
1095 2837 1147 2877 oon
1167 2825 1252 2877 lantrat
1262 2839 1313 2894 per·
1327 2826 1438 2887 ostium,
1459 2824 1506 2878 scd
1522 2826 1642 2880 occcidit
1655 2827 1786 2894 otiando,

144 2915 223 2974 solum
240 2915 330 2984 robis,
352 2916 400 2974 sed
423 2916 515 2974 multis
529 2918 655 2991 gentihus
670 2916 848 2975 inaniiestum
863 2933 935 2984 esso,
990 2915 1042 2981 sar·
1055 2922 1094 2971 est
1108 2920 1133 2971 ct
1144 2917 1214 2971 latro
1227 2920 1312 2985 (lours.
1325 2916 1371 2987 x).
1386 2918 1557 2989 Quapropter
1568 2918 1644 2990 quod
1653 2918 1680 2973 iu
1691 2921 1785 2975 Eccle-

144 3005 267 3079 imnlam,
292 3026 379 3083 quam
392 3008 563 3081 inhabitatis,
573 3012 641 3068 nulli
664 3012 833 3081 rnortalium,
853 3010 936 3067 nulli·
990 3008 1029 3064 sia
1048 3008 1096 3066 diu
1118 3009 1234 3082 peccatis
1255 3010 1418 3068 facientibus
1440 3011 1598 3083 neglectum
1621 3019 1649 3067 et
1668 3011 1788 3070 nefanda

143 3116 186 3175 que
199 3103 345 3177 potestati,
359 3103 412 3161 nisi
430 3112 532 3161 sanctae
546 3108 681 3161 Romanae
696 3106 822 3162 Ecclesiae
843 3121 875 3161 ex
889 3105 935 3161 de·
990 3103 1188 3162 consuetudine
1200 3113 1363 3178 corruptum
1371 3103 1435 3174 fuit,
1446 3113 1474 3162 et
1487 3113 1538 3172 est,
1547 3120 1599 3161 nos
1608 3104 1643 3162 ad
1651 3103 1788 3162 honorem

142 3194 189 3257 bito
202 3198 333 3272 seljuris
347 3198 513 3270 proprietate
525 3199 662 3272 pertinere
684 3219 689 3254 :
706 3207 733 3256 et
747 3199 822 3271 quod
837 3199 878 3255 ilii
889 3199 935 3273 qui
950 3170 975 3238 c
991 3198 1043 3255 Dei
1059 3207 1086 3256 et
1098 3198 1215 3256 salutem
1230 3199 1315 3256 totius
1327 3199 1536 3257 Christianitatis
1553 3199 1683 3257 innovare
1706 3208 1733 3256 et
1744 3215 1787 3256 re·

141 3305 196 3350 eam
208 3292 349 3350 hactenus
363 3292 509 3362 violenter,
527 3293 595 3349 nihil
610 3293 726 3362 servitii,
742 3292 810 3349 nibil
823 3292 938 3350 fidelita·
990 3301 1116 3349 staurare
1137 3293 1274 3365 cupimus,
1297 3293 1424 3351 videlicet
1436 3301 1466 3349 ut
1478 3292 1513 3350 ed
1536 3292 1687 3366 regendum
1701 3309 1787 3366 popu·

138 3385 178 3454 lis,
191 3384 264 3444 nihil
279 3386 391 3459 penitus
408 3385 587 3458 subiectionis
601 3395 649 3444 aut
670 3386 833 3444 obedieutiae
855 3386 936 3445 beato
990 3384 1047 3442 lum
1061 3385 1111 3442 Dei
1130 3385 1158 3442 iu
1178 3402 1339 3460 unaquaque
1353 3386 1484 3452 Ecclesia,
1511 3386 1633 3460 exigente
1651 3395 1786 3459 tempore,

138 3481 218 3539 Petro
245 3479 419 3550 exhibentes,
445 3488 606 3551 tenuerunt,
627 3481 791 3553 semetipsos
821 3481 937 3539 criuiiue
990 3479 1051 3536 talis
1065 3488 1093 3536 et
1105 3495 1138 3536 eo
1153 3480 1249 3537 ordine
1263 3479 1378 3553 eligatur
1397 3480 1551 3552 episcopus,
1566 3481 1612 3553 qui
1623 3480 1702 3552 juxta
1715 3481 1786 3537 reri·

131 3573 286 3649 sacrilegii,
301 3583 329 3631 et
343 3573 499 3631 animarum
513 3588 627 3631 suarum
639 3575 715 3648 gratu
730 3573 852 3647 periculo
867 3574 936 3632 obli·
990 3573 1053 3630 tatis
1075 3574 1239 3630 senteutiam
1261 3589 1319 3630 nou
1333 3571 1377 3629 lor
1397 3581 1425 3629 et
1444 3573 1514 3629 latro
1537 3572 1589 3630 dici
1610 3574 1719 3644 debeat,
1738 3573 1788 3632 sed

137 3676 281 3742 gasenmt
296 3669 500 3742 cognoscentes
509 3677 616 3738 autem,
631 3684 679 3742 per
691 3668 822 3741 quosdam
843 3667 938 3728 fideles
990 3682 1091 3725 nomen
1113 3676 1142 3725 et
1163 3666 1286 3725 cilicium
1301 3666 1418 3740 pastoris
1439 3666 1540 3724 hahere
1557 3665 1656 3740 dignm
1678 3667 1786 3725 existat.

137 3768 254 3821 umas
264 3770 293 3821 et
305 3769 412 3820 scenos
424 3761 539 3832 amicos,
551 3777 601 3819 vos
613 3763 648 3820 ad
662 3761 798 3820 honorem
812 3771 840 3819 et
853 3762 937 3835 justi·
991 3763 1058 3820 Hac
1071 3761 1182 3834 quidem
1195 3769 1289 3818 nostra
1307 3760 1444 3832 voluntas,
1465 3760 1517 3818 boc
1537 3767 1666 3819 nostrum
1681 3770 1723 3819 est
1735 3760 1785 3819 de-

137 3853 210 3913 tiam
235 3854 375 3931 apostolici
394 3856 573 3931 principatus,
594 3856 667 3916 siem
687 3865 815 3932 oportere
835 3872 938 3931 coguo-
991 3853 1130 3926 siderium,
1141 3853 1205 3924 hoc,
1217 3855 1363 3913 miseramc
1372 3857 1445 3925 Deo,
1459 3862 1596 3925 noenum,
1611 3855 1702 3928 quoad
1715 3855 1787 3914 vire-

134 3949 227 4021 scitis,
241 3950 308 4009 rolle
329 3951 440 4018 reverti,
454 3958 483 4008 et
498 3948 548 4008 din
566 3951 734 4009 subtractam
755 3952 789 4009 ab
802 3952 938 4009 invasori·
990 3948 1088 4019 rimus,
1110 3947 1279 4007 indefessum
1294 3949 1343 4006 erit
1356 3947 1487 4006 modium.
1512 3949 1649 4006 caemrum
1662 3948 1738 4022 quod
1751 3949 1788 4007 ad

135 4041 190 4101 bus
212 4043 355 4118 justitiam
394 4045 476 4103 beato
512 4048 594 4102 Petro
631 4045 725 4103 vesnia
766 4045 938 4117 temporibus
990 4041 1132 4100 servitium
1146 4049 1175 4099 et
1191 4042 1312 4100 debitam
1330 4040 1491 4100 fidelitatem
1510 4041 1581 4116 regis
1599 4042 1726 4116 pertinet,
1740 4058 1787 4100 ue·

135 4137 291 4211 vanaque
310 4135 409 4196 studiis
432 4136 585 4207 redhiberi,
601 4137 679 4196 valde
698 4137 783 4212 gavisi
807 4153 904 4196 sumus
927 4146 942 4194 :‘
989 4151 1127 4210 quaquam
1153 4135 1339 4194 contradicere
1366 4144 1415 4194 aut
1441 4135 1573 4213 impedire
1584 4136 1721 4194 volumus.
1752 4138 1788 4193 lte

134 4230 259 4289 scientes
283 4228 362 4289 robis
384 4230 439 4289 hoc
451 4246 507 4289 uon
520 4231 613 4290 solum
633 4229 668 4288 ad
691 4238 871 4305 presentem,
886 4231 936 4289 sed
990 4229 1053 4288 ideo
1070 4229 1138 4287 nihil
1150 4229 1223 4298 novi,
1234 4229 1300 4287 nihil
1322 4229 1424 4288 noetus
1438 4229 1674 4288 adnuentiombus
1691 4245 1786 4304 super·

136 4323 222 4382 etiem
234 4323 271 4383 ad
283 4320 410 4382 interam
433 4323 581 4399 provenire
595 4323 743 4383 utilitatem
763 4332 791 4382 et
807 4325 934 4400 gloriam.
989 4322 1119 4381 iuducere
1132 4339 1275 4393 conamur,
1289 4322 1336 4381 sed
1351 4322 1417 4381 illud
1432 4321 1608 4380 solummodo
1627 4323 1786 4397 querimus,

136 4420 199 4477 tlec
208 4416 336 4476 dillidere
347 4417 462 4492 qudem
473 4426 521 4475 aut
530 4417 682 4493 qiudquam
693 4419 723 4475 in
732 4418 783 4476 bac
793 4435 877 4478 causa
890 4435 937 4478 vos
990 4417 1065 4492 quod
1077 4425 1106 4475 et
1118 4417 1245 4476 omnium
1260 4417 1334 4474 salia
1349 4415 1473 4491 postulat
1485 4424 1513 4473 et
1535 4415 1694 4486 necessitas,
1710 4425 1742 4474 ut
1755 4417 1786 4475 iu

137 4509 544 4585 dubitareoportetquoniam,
565 4511 685 4570 umodo
709 4521 798 4573 rmtra
812 4511 1160 4606 voluntasDordinetione
1187 4511 1392 4586 episcoporum,
1427 4509 1579 4568 secundum
1607 4524 1786 4570 communem

138 4604 220 4663 firma
231 4614 335 4680 storga
344 4605 460 4663 beatum
471 4607 584 4663 Petrum
597 4605 666 4664 fides
678 4605 793 4666 immota
807 4624 936 4681 perman·
991 4614 1149 4667 sauctorum
1161 4609 1274 4663 Petrum
1287 4603 1494 4678 intelligentiam
1508 4610 1537 4661 st
1549 4603 1786 4677 approbationem,

142 4699 218 4770 serit,
233 4698 369 4758 babeam
391 4714 440 4774 per
464 4699 682 4758 misericordiam
702 4701 754 4758 Dei
782 4701 812 4758 in
839 4702 937 4761 Tuscia
991 4699 1216 4774 primoomnium
1231 4698 1427 4772 evangelicaet
1448 4697 1583 4756 cauomca
1603 4708 1786 4757 serveturau·

144 4793 244 4851 nuru
255 4792 392 4851 comitum
406 4800 435 4851 et
447 4792 586 4852 nobilium
599 4793 723 4852 virorum
737 4795 832 4869 copias
845 4795 880 4853 ad
892 4811 937 4854 ve·
991 4794 1113 4852 ctoritas.
1138 4792 1219 4864 Quod
1241 4800 1335 4849 autem
1351 4791 1430 4850 nobis
1450 4790 1484 4849 de
1498 4791 1631 4851 electione
1652 4793 1724 4867 apud
1738 4809 1787 4852 vos

149 4886 680 4962 slrnmadJntorinm,siuecesseluerit,
692 4887 936 4964 defensionemque
991 4887 1062 4946 lacta
1083 4885 1264 4962 significastis,
1292 4893 1431 4960 muner
1456 4886 1632 4960 accepimus:
1654 4896 1691 4958 et,
1712 4888 1787 4947 siita

152 4988 259 5050 misus.
277 4982 462 5056 Quapropter,
481 4981 556 5056 quod
569 4981 598 5040 in
615 4982 667 5040 bac
686 4999 717 5042 re
737 4984 937 5058 opportunissi·
990 4983 1042 5040 rite
1055 4979 1158 5041 iactam
1169 4997 1228 5039 essa
1253 4981 1408 5039 consutorit
1422 4988 1452 5037 ut
1472 4979 1500 5036 iu
1517 4981 1593 5039 nullo
1611 4981 1688 5040 robis
1709 4998 1787 5041 mera

156 5085 225 5133 unm
234 5074 315 5135 nobis
327 5074 419 5135 rhum
441 5082 493 5144 est,
508 5074 634 5135 midmus
653 5077 689 5136 ad
703 5092 752 5136 ros
765 5076 880 5136 fratrem
895 5094 938 5138 re·
991 5076 1158 5135 contradicat
1171 5075 1328 5146 auctoritas,
1343 5082 1414 5132 teste
1425 5073 1589 5133 conscientia
1604 5084 1697 5134 nostra
1709 5076 1786 5135 valde

159 5170 235 5227 mam
245 5167 440 5243 landulphum
454 5168 559 5228 Pimnae
571 5168 700 5229 Ecclesiae
714 5171 872 5245 episcopum
892 5172 937 5244 [in
991 5169 1153 5246 gaudemus,
1171 5178 1198 5228 et
1215 5167 1395 5243 omnipotenti
1414 5171 1473 5226 Deo
1486 5169 1586 5242 mades
1599 5170 1715 5243 ammos.
1735 5171 1787 5229 Ve-

161 5257 302 5338 aiseepnm
319 5262 465 5334 electum],
480 5263 524 5321 cui
546 5263 631 5321 etiam
645 5264 715 5322 inter
728 5280 777 5323 ros
790 5265 876 5323 ricem
889 5281 939 5324 no-
991 5280 1055 5324 rum
1067 5265 1129 5339 quia
1140 5264 1224 5334 <siem
1245 5261 1475 5336 supradiximus)
1494 5260 1522 5318 in
1536 5261 1691 5336 hujusmodi
1705 5278 1787 5324 cansa

164 5352 232 5413 m
251 5356 281 5415 iu
304 5355 493 5431 spiritualibus
510 5357 711 5431 commisimus,
725 5368 756 5417 ut
779 5367 883 5417 terram
905 5376 938 5419 cr
991 5374 1049 5416 oon
1066 5355 1220 5417 secundum
1231 5356 1375 5415 arbitrium
1394 5363 1532 5428 noenum,
1544 5354 1593 5414 sed
1605 5371 1655 5429 per
1667 5356 1740 5414 rhm
1760 5366 1788 5417 et

164 5449 302 5513 Drltbeati
312 5450 387 5509 Petri
397 5456 427 5509 et
436 5459 531 5510 nostm
543 5451 602 5509 vice
611 5452 750 5526 suscipiat,
764 5462 793 5511 et
801 5469 863 5512 eam
873 5471 938 5513 cum
992 5450 1143 5511 doctrinam
1157 5450 1374 5509 orthodoxorum
1386 5452 1500 5508 Patrem
1513 5447 1636 5508 incedere
1649 5451 1786 5525 cupimus,
1890 5496 1898 5509 ,

164 5541 225 5600 tnui
235 5542 328 5604 studio
338 5542 516 5619 etdiiigentia
527 5553 615 5620 regat,
628 5553 657 5605 et
669 5545 843 5606 deomnibus
856 5548 939 5606 rebus
992 5545 1119 5614 misimus
1131 5544 1166 5603 ad
1187 5560 1235 5603 vos
1254 5544 1305 5603 bos
1318 5544 1423 5619 legatos
1440 5553 1552 5603 nostros
1570 5541 1672 5602 barum
1685 5545 1788 5603 littera·

162 5640 279 5698 &mis
295 5638 377 5697 besto
389 5640 473 5697 Petro
486 5646 514 5697 et
528 5639 608 5698 nohis
622 5655 671 5714 per
691 5636 769 5698 illum
782 5641 938 5715 pertinenti·
992 5656 1055 5700 mm
1066 5638 1223 5713 portitores,
1243 5646 1275 5696 ut
1287 5654 1399 5697 caumru
1413 5636 1533 5712 undique
1545 5635 1688 5708 diligenter
1699 5637 1786 5711 inqui·

160 5721 202 5789 im
212 5747 240 5792 se
250 5730 421 5791 intromittet
435 5750 443 5789 ι
456 5731 501 5792 cui
514 5749 562 5792 vos
577 5749 629 5808 pro
642 5749 739 5793 amore
750 5743 779 5793 et
789 5736 940 5797 reverentia
992 5742 1065 5805 rant,
1079 5741 1117 5804 et,
1132 5733 1155 5792 si
1168 5747 1233 5791 eum
1247 5748 1331 5807 quem
1345 5749 1394 5792 vos
1412 5731 1527 5803 elegisse
1541 5726 1642 5801 bans,
1657 5732 1719 5800 vita,
1733 5743 1790 5787 mo·

155 5820 266 5896 Μαι
287 5822 361 5887 besa
381 5824 454 5887 esst
466 5828 656 5902 apostolorum
678 5827 808 5905 principis
826 5828 941 5891 obedire
993 5828 1109 5903 ribnslet
1121 5825 1233 5889 menna
1242 5825 1277 5885 ad
1291 5825 1401 5902 apicem
1410 5830 1499 5884 mutae
1512 5819 1811 5963 hgmttx'ssihoneum

284 5914 404 5977 Psssat.
421 5914 547 5977 thllll.

1609 6076 1630 6109 ἱ
