3884 6158
80 252 88 265 ‘
167 277 219 331 rsa
518 274 546 328 e.
566 240 728 328 ouscouu
746 272 790 327 vu
809 271 885 328 orn.
904 269 991 329 rues
1010 270 1054 326 ru.
1074 298 1111 311 -
1129 269 1287 326 seucum
1305 269 1459 326 nouum.

49 452 62 463 ,
168 399 219 456 eiae
232 399 354 454 Domino
367 396 528 468 disponente
542 405 683 469 reguntur.
697 399 768 454 item
780 399 813 454 B.
837 394 962 454 Gelasius
974 399 1002 464 Α
1014 395 1163 467 apostolico
1188 410 1269 467 quam
1293 395 1404 468 proprio
1436 393 1565 465 episcopo
1584 390 1618 449 oh

173 492 271 550 doctor
282 488 459 562 apostolicus,
473 504 535 562 cap.
551 497 580 546 tt
596 511 602 546 :
627 491 735 547 Cuncta
749 505 798 562 per
824 488 964 546 mundum
1014 504 1079 547 cum
1093 489 1240 545 auctoritas
1251 488 1355 561 proprii
1369 488 1523 544 nullatenus
1537 501 1601 542 eum

168 585 244 641 novit
270 581 388 639 Ecclesia
404 582 478 654 quod
500 592 677 640 sacrosancta
692 586 820 641 ltomana
845 583 963 640 Ecclesia
1015 581 1195 639 damnatione
1208 582 1297 639 valeat
1309 580 1436 649 liberare,
1454 581 1476 637 si
1490 579 1618 652 apostolic

167 677 200 734 de
214 675 288 732 omni
304 675 421 731 Ecclesia
440 674 481 732 ias
493 675 595 733 habeat
615 677 815 750 judicare,'nec
835 677 963 749 cuiquam
1016 676 1174 734 inobediens
1196 676 1337 733 exstiterit.
1357 679 1391 731 Et
1404 683 1515 731 econtra
1538 673 1618 731 domii

166 770 200 827 de
212 769 273 842 ejus
287 768 363 826 liceat
368 768 493 843 judicare
504 770 625 842 judicio;
639 770 775 843 siquidem
787 769 823 828 ad
845 770 918 827 illam
928 770 962 827 de
1016 787 1074 841 cus,
1089 772 1111 826 si
1123 770 1147 828 ei
1159 769 1305 838 obedierit,
1318 768 1445 825 eumdem
1467 768 1501 824 ab
1515 767 1590 824 omni
1604 783 1618 823 e

164 862 392 936 qualibetmundi
403 871 481 935 parte
495 863 690 937 appellandum
702 863 798 934 est,ab
812 864 962 922 illaautem
1016 865 1066 937 prii
1093 863 1213 937 episcopi
1237 863 1367 920 facillime
1393 863 1490 936 poterit
1509 860 1618 918 delendi

163 957 269 1021 nemini
279 957 415 1030 appellare
425 957 528 1014 licitum
550 966 604 1014 est.
1016 966 1044 1015 et
1058 959 1149 1030 ipsum
1162 956 1357 1029 parochianum
1370 956 1428 1027 eius
1448 955 1555 1013 ditione
1568 969 1618 1024 pen

201 1050 256 1109 Sed
280 1066 332 1108 nec
356 1050 402 1107 illa
421 1051 603 1124 praeterimus,
618 1051 694 1124 quod
707 1052 857 1126 spostolica
871 1051 961 1121 sedes,
1016 1050 1109 1126 pando
1123 1060 1152 1108 et
1174 1052 1332 1124 episcopum
1346 1050 1378 1106 ab
1391 1050 1487 1122 injuria
1504 1063 1618 1120 percon

164 1130 223 1201 sine
237 1144 294 1202 nlla
307 1143 413 1218 synodo
428 1145 609 1217 praecedente,
622 1144 781 1203 exsolvendi
804 1161 875 1219 quos
886 1162 963 1219 syno·
1015 1144 1221 1203 damnationem
1235 1144 1381 1217 apostolica
1395 1142 1558 1199 auctoritate
1571 1139 1618 1199 reis

165 1239 218 1295 dus
230 1238 321 1311 iniqua
331 1237 520 1306 damnaverat,
535 1245 562 1296 et
571 1239 734 1308 damnandi,
746 1239 821 1295 nulla
831 1238 962 1297 existente
1016 1238 1112 1296 tendat
1125 1254 1190 1297 saue
1204 1238 1321 1311 cuiusvis
1346 1236 1468 1310 episcopi
1487 1235 1618 1304 subditus,

164 1331 270 1404 synodo
285 1348 355 1404 quos
377 1333 510 1404 oportuit,
526 1333 652 1390 habuerit
669 1331 835 1390 facultatem.
862 1337 899 1391 Et
910 1334 963 1390 hoc
1016 1335 1074 1406 prio
1089 1334 1215 1405 episcopo
1228 1340 1324 1389 contra
1345 1330 1493 1403 apostolica
1506 1338 1618 1402 praecept

168 1424 300 1482 nimirum
315 1441 364 1499 pro
383 1442 434 1483 suo
449 1426 610 1498 principatu,
626 1442 709 1499 quem
729 1429 762 1482 B.
777 1427 875 1484 Petrus
895 1443 962 1498 apo-
1016 1429 1117 1500 aliquo,
1145 1427 1259 1484 cums.
1292 1425 1440 1497 Gregorius
1462 1423 1616 1480 archidiaco

165 1519 253 1576 stolus
267 1519 378 1575 Domini
393 1535 459 1577 voce
480 1528 509 1578 et
525 1520 625 1591 tenuit,
648 1528 678 1577 et
694 1536 804 1594 semper
821 1521 961 1579 retinebit.
1016 1531 1123 1590 tanum,
1138 1521 1272 1578 inlocum
1285 1520 1420 1576 Honorati
1428 1516 1610 1591 jamdepositi

164 1611 216 1667 His
229 1620 324 1668 autern
339 1613 505 1671 sanctissimi
534 1615 629 1670 Patres
649 1613 790 1683 Callistus,
812 1614 961 1683 Fabianus,
1016 1612 1184 1686 deposuerit,
1210 1627 1243 1667 eo
1258 1610 1332 1683 quod
1354 1609 1428 1665 idem
1452 1607 1563 1680 proprio
1579 1606 1618 1679 epi

72 1740 74 1745 -
161 1704 267 1774 Sirius,
291 1706 426 1775 silvester,
449 1706 548 1775 Julius,
573 1716 602 1764 et
628 1707 725 1780 reliqui
748 1707 961 1765 innumerabiles
1015 1712 1108 1768 locum
1122 1705 1195 1762 illius
1222 1703 1340 1761 ordinari
1361 1709 1422 1775 post
1446 1702 1618 1774 apostolicam

163 1796 374 1871 adstipulantur,
389 1800 437 1873 qui
451 1798 678 1873 adeonmplerati
689 1810 755 1859 suut
766 1801 920 1871 veritatem,
930 1810 962 1858 ut
976 1774 1001 1837 Β
1014 1823 1079 1865 nem
1094 1802 1235 1862 obedierit.
1260 1799 1332 1856 Hinc
1352 1799 1434 1854 etiam
1451 1806 1526 1868 patet
1545 1812 1618 1869 quau

162 1892 255 1964 potius
266 1893 338 1949 mori
350 1909 435 1966 quam
447 1894 558 1951 mentiri
573 1893 770 1952 desiderarent.
785 1895 876 1968 Huius
896 1911 961 1969 ergo
1016 1901 1053 1958 illi
1065 1898 1202 1970 desipiunt
1215 1895 1261 1966 qui
1274 1894 1371 1950 dicunt
1392 1891 1467 1964 quod
1480 1890 1580 1947 subditi
1594 1906 1618 1946 ct

161 1986 296 2059 privilegii
315 1988 476 2044 auctoritate
496 1991 528 2044 B.
543 1988 698 2060 Simplicius
712 2004 782 2061 pspa
802 2003 874 2046 xcix
889 1990 962 2046 Gre-
1014 1987 1325 2066 scopiapostolieassedi
1346 1986 1504 2041 nullatenus
1518 1982 1618 2041 obediri

161 2079 270 2150 gorium
298 2080 484 2136 Mutinensem
509 2081 666 2153 episcopum
691 2082 855 2138 Ravennatis
872 2081 961 2139 archi·
1015 2082 1252 2161 proprioantistiti
1265 2079 1405 2146 obediant,
1419 2095 1513 2134 cuma
1538 2079 1567 2134 S.
1580 2077 1618 2134 Gr

160 2170 278 2244 episcopi
297 2171 534 2246 suffraganeuma
554 2172 659 2231 ditione
679 2172 802 2245 ejusdem
828 2175 961 2249 archiepi·
1015 2180 1115 2237 merito
1128 2175 1321 2250 degradaretur
1332 2177 1378 2245 qui
1394 2182 1420 2228 et
1436 2188 1483 2243 per
1495 2170 1618 2227 obedient

160 2265 235 2337 scopi
255 2266 365 2337 penitus
389 2267 516 2338 absolvit,
528 2276 556 2323 et
580 2267 632 2324 hoo
647 2267 721 2338 ideo,
732 2269 797 2340 quia
817 2267 892 2325 idem
914 2284 959 2326 ar·
1013 2270 1219 2345 suiapostolicae
1231 2268 1288 2326 sedi
1303 2266 1435 2323 adversus
1448 2264 1534 2321 luisse
1548 2263 1618 2337 detq

158 2356 350 2431 chiepiscopus
363 2374 427 2417 eum
449 2360 566 2416 inritum
586 2361 739 2418 Mutinensi
764 2361 905 2419 cathedra
920 2362 959 2418 in·
1012 2365 1104 2424 nullus
1118 2363 1239 2421 debitam
1255 2360 1439 2418 obedientiam
1461 2359 1574 2431 proprio
1589 2373 1618 2430 ep

158 2451 334 2509 thronizavit.
352 2456 432 2523 item,
448 2454 476 2511 S.
491 2454 640 2528 Gregorius
659 2456 836 2512 Honoratum
850 2456 957 2513 Saloni·
1012 2458 1197 2531 berepoterit,
1220 2456 1269 2512 nisi
1292 2455 1339 2527 qui
1362 2453 1519 2525 apostolica
1541 2450 1600 2508 sedi

160 2553 234 2603 tanae
247 2546 374 2604 Ecclesiae
387 2546 621 2616 archidiaconum,
635 2548 682 2621 qui
692 2548 753 2621 jam
774 2565 807 2605 er
822 2548 957 2606 archidia⁴
1012 2553 1125 2611 obedire
1137 2549 1281 2608 studuerit.
1296 2548 1396 2605 Omnis
1410 2547 1482 2602 enim
1503 2545 1550 2617 qui
1570 2543 1618 2600 vult

158 2648 259 2724 conatu
281 2640 315 2698 ad
339 2640 537 2713 presbyterium
556 2640 676 2710 devenit,
691 2642 779 2699 invito
797 2643 879 2700 etiam
900 2643 956 2716 epi·
1012 2664 1075 2721 pus,
1088 2647 1141 2703 hoc
1150 2644 1268 2701 manime
1280 2641 1398 2699 subditis
1408 2640 1463 2696 suis
1474 2640 1618 2695 inculcatu

65 2722 69 2734 '
157 2749 242 2806 scopo
256 2732 444 2806 edpristinum
452 2735 569 2809 gradum
577 2735 695 2804 reduxit,
704 2734 830 2808 deposito
843 2736 956 2811 quidem
1011 2743 1123 2798 Petrum
1137 2737 1271 2795 institutis
1289 2737 1392 2806 absque
1409 2734 1483 2790 omui
1507 2731 1618 2789 contrad

156 2841 189 2883 eo
210 2842 292 2899 quem
307 2826 381 2884 idern
398 2829 575 2886 salonitanus
597 2828 780 2902 episcopusin
793 2829 884 2887 locum
898 2829 957 2903 ejus
1010 2834 1105 2902 diant3
1121 2848 1182 2904 quae
1196 2840 1229 2886 ut
1242 2830 1402 2902 praedictunr
1413 2835 1465 2896 est,
1479 2826 1618 2899 apostolici

156 2918 302 2978 ordinavit.
323 2922 497 2996 Quapropter
523 2922 694 2995 apertissime
708 2922 855 2996 desipiunt,
870 2939 956 2998 seque
1009 2928 1130 3000 cipaliter
1152 2926 1186 2982 ab
1200 2923 1328 2981 omnibus
1351 2921 1531 2978 obediendum
1546 2935 1606 3002 esse

155 3029 218 3072 reos
245 3015 403 3088 apostoticae
433 3016 604 3073 auctoritatis
635 3014 774 3086 efficiunt,
803 3018 960 3090 quicunque
1014 3021 1178 3093 Quicunque
1189 3034 1254 3091 ergo
1277 3033 1327 3072 suo
1343 3016 1464 3088 legitimo
1487 3013 1618 3085 pastoris

154 3107 213 3180 ejus
235 3110 361 3182 potestati
388 3117 490 3166 temere
515 3109 706 3182 praeiudicant,
726 3125 788 3166 cum
813 3111 959 3187 cujuslibet
975 3162 998 3226 C
1013 3114 1147 3171 dientism
1176 3111 1339 3179 exhibuerit,
1375 3110 1457 3165 etiam
1492 3107 1618 3180 principat

154 3201 275 3275 episcopi
285 3202 412 3260 subditos
421 3218 479 3260 non
493 3206 712 3276 peritomanum
724 3203 895 3275 pontificem,
905 3204 954 3262 sed
1010 3208 1159 3282 apostolico
1172 3204 1282 3263 obedire
1304 3203 1433 3260 studebit.
1448 3205 1520 3258 llam
1543 3201 1618 3274 juxta

155 3310 205 3368 per
226 3296 372 3369 proprium
390 3297 585 3372 tantummodo
617 3296 782 3367 antistitem,
809 3296 885 3371 ligari
911 3297 954 3355 vel
1008 3303 1072 3360 tatis
1085 3297 1392 3371 edictumzniscipulns
1404 3313 1461 3354 non
1473 3304 1514 3352 est
1529 3294 1618 3352 honor

155 3388 225 3446 solvi
237 3404 318 3462 posse
344 3389 512 3464 confingant.
529 3391 669 3448 Praeterea
683 3393 715 3446 Β.
741 3392 798 3449 Leo
814 3406 894 3463 papa,
905 3392 953 3465 qui
1007 3396 1169 3469 magistrum
1183 3394 1298 3459 (Metti.
1312 3393 1355 3463 x).
1371 3392 1398 3448 Si
1412 3399 1505 3446 autem
1526 3389 1618 3445 Domir

154 3492 280 3553 quartam
289 3483 471 3542 universalem
485 3483 624 3556 synodum
642 3482 815 3542 Chalcedone
837 3501 951 3558 congre·
1006 3507 1056 3547 eus
1079 3489 1189 3563 proprio
1213 3496 1241 3543 et
1262 3486 1382 3559 legitimo
1409 3484 1509 3555 pastori
1539 3483 1601 3555 jure

152 3576 239 3648 gavit,
252 3577 321 3634 item
334 3577 451 3650 vigilius
464 3593 546 3650 papa,
560 3578 611 3634 sub
625 3593 679 3650 quo
700 3579 798 3651 quinta
815 3577 952 3636 universa·
1006 3582 1211 3657 quantomagis
1227 3579 1265 3637 illi
1280 3580 1325 3651 qui
1339 3595 1390 3634 nec
1409 3578 1507 3634 nititur
1520 3592 1579 3632 csse
1593 3591 1618 3649 qv

152 3665 185 3723 lis
207 3668 328 3740 synodus
351 3669 587 3740 Constantinopoli
606 3671 749 3740 convenit,
769 3671 838 3727 item
858 3672 952 3730 beatus
1006 3680 1064 3734 Has
1077 3693 1143 3751 ergo
1161 3684 1189 3732 et
1199 3672 1356 3747 hujusmodi
1380 3671 1501 3728 rationes
1512 3669 1618 3743 quicunv

152 3760 233 3816 Pater
245 3759 404 3832 Gregorius,
415 3760 452 3831 hi,
469 3761 593 3834 inquam,
616 3762 714 3835 singuli
733 3763 831 3820 cedem
858 3774 951 3823 sucto-
1005 3787 1038 3828 er
1052 3768 1176 3836 rudibus,
1194 3767 1312 3824 fideliter
1326 3766 1459 3836 inspicere
1469 3762 1618 3837 dignabitur

152 3851 232 3909 ritate
257 3852 400 3926 praecipui,
417 3869 485 3926 pene
505 3853 601 3911 eadem
622 3855 728 3911 vocein
750 3854 870 3914 decretis
895 3858 951 3915 suis
1004 3863 1134 3937 praedicta
1156 3858 1396 3932 nostriapostolici
1411 3865 1515 3915 statuta
1538 3872 1618 3930 prosc

152 3944 295 4002 verissime
309 3947 505 4003 testanturboc
518 3946 602 4004 modo
619 3966 626 4003 ι
642 3948 741 4004 Sancta
753 3951 882 4006 Romana
899 3953 951 4010 Ec·
1007 3957 1094 4026 bitur,
1117 3954 1268 4029 presertim
1294 3969 1359 4010 cum
1382 3952 1469 4009 videat
1491 3950 1618 4008 evidentis

153 4039 237 4097 clesia
252 4040 325 4097 vices
338 4054 402 4096 suas
424 4040 463 4096 ita
475 4039 535 4096 aliis
558 4040 709 4112 impertivit
720 4042 853 4099 Ecclesiis
869 4053 900 4101 ut
920 4045 949 4102 in
1003 4066 1038 4108 ex
1065 4059 1224 4107 sanctorum
1243 4051 1355 4104 Parrum
1381 4046 1535 4115 sententiis,
1572 4044 1618 4100 imi

114 4192 118 4197 ,
153 4141 260 4206 portem
274 4134 445 4191 vocataesint
465 4133 666 4205 sollicitudinis,
682 4135 780 4193 nonin
802 4137 949 4209 plenitudi·
1004 4146 1164 4217 scripturis,
1196 4157 1346 4202 emanasse.
1379 4144 1512 4197 Praeterea
1535 4153 1599 4195 vero

151 4241 218 4284 nem
243 4226 394 4299 potestatis.
412 4228 495 4285 Unde
519 4225 624 4301 liquido
648 4227 852 4288 demonstratur
874 4232 947 4304 quod
1003 4239 1069 4296 alias
1081 4239 1198 4295 rationes
1229 4234 1413 4308 superioribus
1435 4241 1618 4309 annecteree·

154 4319 269 4394 quilibet
283 4321 426 4394 episcopus
444 4336 495 4379 nec
512 4338 596 4395 super
616 4339 727 4398 gregem
744 4323 797 4382 sibi
823 4326 948 4384 commis
1001 4331 1075 4389 bilia·
1087 4341 1245 4389 sanctorum
1264 4333 1378 4386 Parrum
1398 4327 1522 4400 exempla
1547 4324 1618 4398 prael

150 4426 214 4472 sum
225 4423 331 4472 tantam
341 4423 503 4488 potestatem
512 4415 610 4475 habeat
619 4424 754 4489 quantum
770 4421 845 4489 [Pro,
861 4435 948 4493 quan·
996 4425 1150 4498 assignare,
1166 4424 1217 4479 hac
1229 4422 1448 4479 consideratione
1463 4416 1618 4492 praetermis

151 4511 220 4578 mm]
235 4508 335 4582 praesul
361 4510 543 4582 apostolicum
560 4509 607 4584 qui
629 4511 692 4566 licet
704 4527 802 4568 curam
823 4527 902 4570 suam
918 4513 947 4570 in
961 4522 988 4586 D
1002 4533 1090 4576 essem
1106 4517 1207 4585 idiotis,
1217 4516 1317 4589 quibus
1328 4516 1372 4571 hic
1396 4515 1550 4586 specialiter
1561 4512 1618 4570 sati

151 4601 272 4673 singulos
296 4601 439 4676 episcopos
463 4602 593 4671 diviserit,
608 4601 783 4661 nullomodo
799 4613 945 4665 tamense·
999 4611 1209 4686 posui:quibus
1242 4626 1329 4682 paues
1362 4625 1394 4666 ex
1422 4608 1515 4664 multis
1542 4616 1602 4664 tam

151 4695 242 4768 ipsum
264 4711 315 4754 sua
340 4696 484 4754 universali
500 4705 527 4752 et
551 4695 696 4769 principati
710 4706 848 4769 potestate
863 4700 950 4772 prive-
1003 4706 1124 4763 veritatis
1145 4703 1272 4762 sufficere
1287 4702 1443 4776 possunt,si
1463 4700 1618 4774 indagandas

150 4788 205 4857 rit,
218 4788 291 4847 sicut
304 4805 355 4847 nec
363 4805 410 4846 rer
424 4805 503 4847 snam
510 4788 630 4862 regalem
643 4790 793 4863 potentiam
807 4792 947 4866 diminuit3
1001 4799 1074 4856 ritsti
1097 4815 1182 4872 quam
1209 4796 1387 4854 infructuosae
1411 4794 1583 4853 contentioni
1604 4809 1618 4851 o

150 4880 341 4956 licetregnum
352 4898 434 4941 suum
456 4881 486 4939 in
499 4880 622 4941 disemos
644 4883 743 4955 duces,
758 4887 875 4944 comites
888 4887 947 4946 sive
1001 4893 1107 4951 volunt.

145 4976 254 5049 jndices
266 4975 399 5033 diviserit.
413 4976 482 5033 Cum
497 4975 582 5048 igitur
595 4974 725 5035 dominus
737 4980 905 5051 apostolicus
918 4982 947 5038 in

150 5067 227 5126 omni
246 5068 366 5126 Ecclesia
380 5077 440 5125 tam
453 5068 629 5143 principalem
643 5078 823 5143 postestatem
831 5073 943 5143 haheat,

148 5169 180 5217 ut
193 5161 276 5218 ettam
291 5161 377 5219 uuu
399 5162 529 5235 episcopo
555 5162 700 5235 cuguuuu
718 5164 848 5222 nutasse
865 5167 946 5240 quid·
1000 5134 1618 5277 nusshfe‘ssdssmssswngussmoesshm

147 5268 231 5327 ‘lum
244 5253 272 5309 in
293 5268 325 5311 θ’
340 5253 421 5328 jum
447 5253 590 5313 ⁰⁸⁰⁰¹¹5⁰⁸⁸
610 5255 766 5315 ⁸³⁰⁰u⁸⁰¹10⁸
788 5259 874 5330 9083ὴ
891 5259 945 5317 ἆῑῧ·
999 5281 1072 5332 circu
1098 5282 1147 5344 est,
1174 5276 1232 5332 too
1247 5277 1327 5331 babet
1349 5245 1618 5345 securissimam

145 5361 261 5420 ponere,
275 5347 338 5420 quis
350 5347 489 5421 denegare
504 5350 603 5423 poterit
616 5349 683 5424 quin
698 5349 801 5425 ubique
821 5353 944 5426 gentium
1000 5349 1127 5405 Ghrooico
1145 5348 1321 5411 Virduucnsi,
1331 5364 1362 5418 p.
1380 5351 1440 5416 196,
1452 5356 1521 5404 tom.
1536 5349 1552 5402 i
1560 5347 1618 5403 dibi

144 5449 205 5499 tun
223 5439 349 5498 subditos
375 5442 565 5516 cpiscoporum
594 5459 680 5519 quam
702 5443 777 5518 ipsos
803 5445 945 5518 episcopos
998 5423 1063 5474 *Μ
1075 5420 1299 5475 ”Woeh'brm‘m
1319 5435 1383 5475 W·

144 5534 302 5609 apostolicae
315 5535 493 5594 institutionis
514 5546 715 5612 contemptores
729 5537 858 5598 damnare
880 5555 943 5614 pos·
1032 5545 1101 5602 Cum
1116 5556 1181 5617 ergo
1192 5549 1289 5603 Romae
1302 5546 1382 5618 positi
1394 5544 1552 5615 (dnselrnus
1566 5543 1616 5601 scil

143 5629 200 5688 til?
998 5638 1036 5695 sis
1045 5646 1073 5694 et
1087 5640 1168 5711 Hugo
1181 5640 1298 5711 Diensis)
1313 5639 1541 5712 praestolarentur
1555 5635 1618 5695 dien

179 5724 284 5782 XXIV.
302 5725 354 5782 His
375 5733 468 5783 sutem
493 5726 647 5786 rationibus
665 5736 692 5784 et
712 5726 766 5785 hoc
786 5727 943 5785 declaratur
995 5727 1081 5784 tionis
1094 5743 1162 5796 suae,
1178 5737 1311 5784 venerunt
1332 5727 1420 5784 nuntii
1441 5727 1513 5801 regis
1524 5725 1618 5784 licerit

142 5817 217 5888 quod
232 5819 350 5893 cujusvis
361 5819 482 5893 episcopi
505 5820 689 5893 parochianus
712 5820 803 5892 potius
825 5820 938 5878 domino
997 5830 1125 5895 rogantes
1134 5836 1169 5878 ne
1179 5829 1275 5879 contra
1298 5836 1404 5879 morem
1427 5821 1618 5893 predecessori

1108 5032 1298 5076 osssuvsrto
1320 5030 1465 5074 reinseri
1491 5030 1600 5086 LABBB,
