3870 6164
79 224 133 293 'sxa
621 240 875 296 elementatus
896 268 931 280 -
950 240 1053 297 misr.
1075 241 1192 297 nxxxn
1678 250 1731 306 aet

10 392 14 397 -
113 360 269 433 Stephanus
288 360 393 419 electus
407 371 496 423 vester
508 363 612 437 [noster
625 365 711 433 mele,
732 364 873 438 cedimus]
889 364 1082 436 Aconjunctis
1096 365 1148 421 tibi
1174 362 1356 439 suiirageneis
1367 365 1517 438 episcopis,
1537 368 1661 427 videlicet
1678 374 1731 428 He-

79 468 109 510 ca
121 468 176 527 qua
185 453 281 511 debuit
292 456 468 528 apostolicam
482 457 578 515 sedem
592 457 748 515 humilitate
762 458 876 530 requisi·
929 458 1057 515 rimanno
1070 457 1252 532 [Hermanno]
1267 461 1401 527 llletensi‚
1415 467 1445 516 et
1457 463 1569 534 Popone
1592 463 1731 534 Tullensi‚

82 546 125 613 xit,
141 556 292 605 etmanum
302 550 480 607 suammanui
489 559 592 608 nostrae
602 550 692 608 dando
703 566 733 607 se
741 554 877 609 Romanae
930 551 1076 622 praelatum
1100 551 1258 625 episcopum
1294 552 1328 609 ad
1352 554 1521 626 colloquium
1553 564 1647 613 nostra
1674 557 1731 613 vice

80 640 207 698 Ecclesiae
219 640 397 700 obediturum
411 630 549 717 promisit,
573 660 605 700 ac
619 660 669 715 per
690 644 743 701 hoc
759 645 876 718 gratiam
930 660 1079 711 convoces,
1098 644 1224 702 indicans
1238 645 1355 703 sibinos
1367 662 1423 703 non
1433 663 1514 721 aequo
1534 650 1627 706 animo
1642 651 1733 721 negle-

79 734 148 805 ejus,
166 750 251 807 quam
264 744 345 795 antea
359 736 432 795 visus
444 737 535 794 iuerat
547 737 713 810 perdidisse,
725 753 876 810 recupera·
930 745 1003 792 ctam
1014 738 1049 793 ab
1063 753 1096 794 eo
1110 738 1183 795 sedis
1199 739 1357 811 apostolicae
1377 743 1558 799 reverentiam
1574 744 1729 815 accepisse:

79 826 124 881 rit.
145 829 236 898 Quem
254 830 318 902 quia
338 830 476 886 Eclesiam
505 839 628 888 vestram
661 830 812 904 prudenter
831 831 877 888 de·
931 830 1088 903 pariterque
1102 847 1166 889 eum
1180 832 1361 889 admonemus
1375 842 1406 889 ut
1424 835 1556 906 praedicto
1575 836 1636 893 ioco
1651 853 1732 892 com-

79 917 212 990 lendisse‚
232 930 260 978 et
276 923 463 981 simoniacum
484 924 652 997 Stephanum
666 933 694 981 et
726 923 877 981 invasorem
930 924 1090 981 munionem
1112 926 1279 981 sacrosancti
1306 933 1333 981 et
1346 927 1431 982 divini
1452 929 1598 986 ministerii
1621 930 1730 1001 reddat,

77 1013 169 1070 sttrdio
194 1030 245 1072 suo
267 1017 401 1088 expulisse
427 1016 617 1089 probavimus,
640 1017 763 1091 regimen
792 1019 878 1075 totius
931 1017 988 1073 etsi
1001 1016 1184 1090 quidjustltiae
1196 1035 1226 1076 se
1238 1019 1353 1075 confidit
1370 1019 1489 1090 habere,
1503 1038 1639 1081 concesso
1654 1024 1731 1095 prius

77 1108 346 1180 episcopatusvestri
369 1108 420 1166 sibi
434 1111 643 1177 commisimus,
667 1127 700 1167 eo
720 1118 814 1167 tenore
828 1120 876 1180 ut,
931 1109 1036 1167 eisdem
1061 1111 1219 1169 hominibus
1248 1120 1324 1168 tanto
1360 1115 1563 1186 tranquillitatis
1590 1125 1730 1189 tempore,
1811 1130 1814 1135 ·
1858 1186 1862 1193 Ι

78 1216 223 1274 quousque
235 1202 272 1258 ad
286 1202 450 1269 nosredcat,
468 1202 501 1259 de
515 1203 662 1276 pontificali
677 1203 769 1260 cilicio
783 1220 878 1261 senon
931 1213 1033 1276 quanto
1057 1221 1090 1262 eo
1109 1205 1243 1263 violenter
1257 1205 1413 1275 adstrinxit,
1438 1216 1532 1279 postea
1551 1218 1598 1265 aut
1620 1210 1648 1265 in
1671 1227 1732 1266 con-

78 1293 260 1365 intromittat,
276 1296 323 1353 sed
339 1312 529 1370 quemcunque
553 1298 670 1354 voluerit
687 1298 878 1371 episcopomm
931 1306 1013 1354 ventu
1028 1299 1220 1372 religiosorum
1244 1300 1452 1372 episcoporum,
1474 1310 1523 1358 aut
1546 1302 1574 1357 in
1588 1304 1732 1374 praesentia

77 1388 270 1463 religiosorum
291 1391 510 1462 patriaevestrae,
532 1407 564 1447 ea
591 1407 655 1465 quae
668 1390 703 1448 ad
725 1392 878 1464 episcopale
931 1392 1051 1448 Romani
1073 1392 1223 1463 pontificis,
1237 1408 1299 1465 quae
1316 1394 1442 1465 suijuris
1457 1395 1587 1464 aestimat,
1603 1395 1732 1453 ordinate

78 1482 201 1539 officium
222 1484 376 1555 pertinent,
393 1483 482 1542 faeere
506 1493 691 1541 commoneat.
717 1488 774 1541 Vos
788 1487 878 1559 itaque
931 1486 1060 1558 requirat.
1075 1488 1173 1559 Neque
1186 1486 1262 1543 enim
1274 1486 1370 1544 adhoc
1384 1488 1486 1559 praelati
1504 1504 1612 1556 sumus,
1631 1497 1664 1545 ut
1682 1505 1733 1546 no·

76 1576 228 1648 apostolica
247 1576 411 1634 auctoritate
429 1578 612 1636 admonemus
632 1587 663 1634 ut
683 1577 735 1634 sibi
756 1578 879 1637 debitam
932 1585 996 1634 etrae
1013 1579 1176 1636 commissos
1188 1580 1376 1652 'providentia
1400 1589 1526 1653 potenter
1544 1582 1630 1654 magis
1648 1598 1731 1654 quem

77 1669 104 1725 in
117 1670 251 1726 omnibus
269 1671 455 1727 reverentiam
474 1671 632 1739 exhibeatis,
647 1679 675 1727 et
692 1671 726 1726 ad
745 1671 879 1729 defensio·
928 1671 1002 1743 juste
1016 1681 1176 1729 tractemus.
1200 1678 1238 1728 At
1251 1674 1272 1729 si
1287 1673 1333 1729 ille
1352 1674 1413 1731 haec
1430 1682 1528 1731 nostra
1544 1684 1619 1747 parte
1635 1690 1733 1746 procu·

76 1778 141 1818 nem
156 1763 287 1821 Ecclesiae
309 1773 408 1821 vestrae
431 1764 599 1836 adjutorium
621 1773 742 1821 restrum
760 1765 876 1823 fideliter
892 1764 1014 1828 Branda
1029 1766 1135 1822 monita
1151 1766 1303 1837 adimplere
1327 1768 1476 1839 spreverit,
1491 1768 1543 1823 tibi
1561 1767 1733 1839 injungimus

76 1855 262 1929 impendatis:
285 1866 436 1930 quatenus,
453 1859 566 1932 expulso
590 1858 747 1916 simoniacae
769 1859 880 1917 haeresis
932 1866 974 1926 ut,
987 1860 1138 1930 apostolica
1153 1858 1237 1915 iultus
1257 1861 1439 1928 auctoritate,
1458 1877 1511 1916 una
1538 1876 1602 1917 cum
1626 1860 1734 1917 confra-

75 1949 217 2008 demedio
230 1959 354 2008 vestrum
368 1952 444 2008 omni
467 1952 647 2025 contagione,
663 1952 777 2026 legalem
793 1954 879 2027 ponti·

75 2043 156 2099 ficem
177 2044 315 2114 habeatis,
340 2055 368 2103 et
386 2061 483 2117 puram
504 2046 613 2103 Christo
627 2047 748 2103 Domino
766 2056 876 2119 nostro,

74 2138 206 2195 etbeatae
228 2139 325 2196 itariae
348 2139 471 2213 genitrici
495 2140 567 2212 ejus,
590 2139 749 2198 servitutem
771 2140 877 2214 impen-

73 2230 155 2288 datis.

108 2329 179 2382 Data
200 2328 300 2384 Romae
315 2326 422 2384 decimo
437 2327 519 2384 tertio
541 2327 681 2384 Kalendas
695 2329 775 2400 Maii,
805 2330 876 2387 indi·

931 1951 1020 2008 tribus
1045 1954 1100 2008 tuis
1123 1954 1323 2026 antesignatum
1353 1954 1443 2011 locum
1464 1953 1497 2010 ab
1523 1953 1599 2010 οιιιιιί
1621 1953 1732 2011 interdi-

930 2045 1019 2101 ctione
1030 2055 1057 2101 et
1070 2048 1356 2103 excommunicatione
1370 2047 1508 2113 absolvas,
1520 2057 1558 2116 et,
1574 2045 1670 2104 eadem
1684 2063 1733 2103 au·

930 2140 1056 2196 ctoritate
1076 2141 1241 2213 presbyteris
1253 2141 1354 2197 ibidem
1374 2141 1590 2197 consistentibus
1609 2140 1645 2196 ad
1663 2140 1731 2197 cele·

929 2231 1066 2289 brandum
1081 2233 1205 2290 divinum
1219 2233 1343 2290 oiiiciurn
1354 2234 1503 2301 roboratis,
1518 2234 1689 2306 episcopum,
1698 2243 1730 2290 ut

928 2326 1011 2383 nobis
1035 2327 1069 2384 de
1096 2328 1244 2399 pertinacia
1270 2336 1364 2384 suaet
1386 2336 1547 2401 contemptu
1570 2337 1667 2383 nostro
1690 2342 1732 2383 re·

73 2420 167 2477 ctione
180 2419 357 2477 duodecima.

310 2514 481 2572 EPISTOLA
493 2516 626 2572 LXXXI.

109 2621 153 2663 ιιι
171 2621 301 2664 uuonan
321 2623 538 2665 rusvxennsttnt
558 2624 837 2667 ancutnrtscorttnt.

391 2706 485 2771 (Auno
506 2703 595 2774 toll.)

76 2796 112 2851 ut
124 2794 323 2852 Vt'rduuensem
336 2799 490 2867 episcopum
501 2798 556 2851 vice
578 2812 629 2851 suu
649 2800 768 2867 increpet
783 2797 817 2852 de
834 2813 877 2852 ue-

929 2422 1075 2492 spoudeat,
1091 2430 1213 2494 exparte
1233 2423 1302 2479 boati
1318 2422 1403 2490 Petri,
1415 2432 1444 2479 et
1456 2431 1566 2491 nostra,
1589 2438 1637 2493 per
1652 2421 1731 2479 illum

929 2517 1000 2582 (355)
1011 2516 1160 2586 apostolica
1175 2516 1357 2588 praeceptiune
1371 2531 1559 2573 commoneas.
1588 2517 1644 2571 Has
1668 2530 1731 2572 vero
1785 2544 1792 2559 =

929 2607 1031 2664 litteras
1041 2617 1151 2665 nostras
1165 2608 1267 2665 idcirco
1286 2617 1380 2680 aperte
1394 2609 1541 2681 significari
1554 2607 1683 2672 fecimus,
1700 2616 1732 2664 ut

907 2705 910 2711 '
929 2709 986 2757 tam
1009 2701 1189 2758 Viridunensi
1210 2700 1399 2775 [virdunensi]
1411 2717 1495 2773 quam
1507 2701 1614 2759 caeteris
1629 2702 1733 2773 episco-

929 2795 970 2865 pis
993 2802 1123 2861 osteusae‚
1142 2795 1299 2851 commissae
1311 2794 1360 2850 tibi
1375 2795 1574 2867 procurationis
1589 2802 1617 2851 et
1629 2803 1730 2851 aucto-

108 2867 196 2935 ploctc
207 2868 359 2937 apostoleco
367 2868 439 2923 sedis
452 2870 626 2935 auctoritate,
638 2884 750 2938 curaque
760 2874 874 2936 mortrui,
929 2888 1015 2943 spatis
1026 2886 1219 2944 certitudinem
1240 2888 1390 2959 praebfflng

110 2941 453 2995 rrtmorreeteriumscucli
466 2940 654 2995 Michaelisod
668 2942 877 2995 communionem
1461 2979 1476 2991 ..
1505 2980 1510 2990 .
1553 2980 1558 2991 .
1590 2979 1596 2991 .

110 3011 249 3065 resumat.
263 3012 295 3067 εἰ
305 3012 373 3080 quid
386 3026 447 3066 vm
458 3012 756 3081 commemoraverint,
771 3013 800 3067 in
812 3027 875 3065 con,
964 2983 1031 3035 Data
1045 2984 1143 3038 Itomae
1166 2980 1289 3037 secundo
1301 2983 1393 3037 Nonas
1414 2981 1488 3050 blau,
1503 2980 1651 3037 indictione
1663 2980 1732 3037 duo-

110 3086 193 3135 ceutu
207 3082 404 3151 episcoporum,
432 3082 477 3138 uel
501 3098 591 3136 corum
612 3098 715 3138 mammo
735 3085 874 3154 pontifice,
928 3073 1044 3130 decima-

108 3154 245 3222 requiret.
258 3153 676 3224 Quodsiporereueqliqat,ipse
695 3155 876 3224 archiepisco·
890 3141 912 3204 C

107 3238 161 3293 pus
184 3229 348 3281 uuclmrlcle
369 3227 483 3295 propria
497 3225 600 3279 dicium
623 3228 814 3281 monesterium
838 3226 873 3280 ob

108 3294 259 3350 interdicto
282 3296 420 3360 obsoleat,
436 3301 461 3351 el
485 3298 636 3366 ept'suopum
654 3300 767 3355 Romam
781 3298 874 3353 reture

107 3371 285 3422 commoueat.

108 3458 708 3533 Gnrcontusepiscopus,servusservorum
716 3462 780 3528 Dei,

1157 3179 1333 3236 aristote
1351 3180 1501 3235 Lxxxtt.

1093 3300 1132 3341 au
1152 3300 1319 3343 untmnsos
1340 3301 1553 3345 cnnxsntnnos

1232 3388 1325 3459 (Antio
1346 3389 1436 3461 1074.)

796 3463 877 3518 ΠΜ
928 3491 1331 3546 Eccemmuuicolesdenuutiol
1350 3495 1501 3562 omnesqui
1521 3492 1645 3548 detineri
1667 3493 1733 3548 boec

76 3552 274 3610 ntTrevirensi
296 3553 505 3626 archiepiscopo
518 3554 635 3611 salutem
655 3559 682 3610 et
695 3553 876 3626 apostolicam
963 3563 1098 3630 Aequoris
1120 3565 1194 3631 (556)
1214 3565 1373 3618 morroslerii
1392 3565 1489 3618 collato
1504 3564 1540 3618 ob
1561 3564 1673 3620 Alberlo
1686 3565 1734 3621 Si·
1794 3618 1799 3631 ,
1898 3618 1910 3633 ,

962 3635 1092 3687 auctricae.

73 3644 307 3703 benedictionem.

109 3739 362 3797 reuiraternoster
372 3739 559 3798 Theodericus
569 3740 748 3798 Virdunensis
763 3741 874 3813 episco-
964 3724 1145 3795 Gnnoonxus
1157 3737 1287 3795 omnibus
1298 3737 1334 3794 ad
1345 3739 1520 3810 quoslitterae
1534 3739 1595 3797 istae
1609 3755 1734 3812 perrene-

74 3848 142 3905 pus,
165 3840 197 3890 ut
220 3850 293 3906 saepe
307 3834 385 3891 nobis
406 3835 523 3891 relatum
544 3844 603 3903 est,
630 3834 799 3891 habitatores
819 3835 873 3891 loci
928 3830 993 3900 rint,
1006 3839 1061 3887 etc.

75 3926 152 4001 apud
164 3927 364 3986 monasterium
385 3927 524 4001 quoddam
539 3928 626 3985 sancti
649 3928 789 3985 Michaelis
803 3928 873 3985 inira
965 3926 1131 3997 Quanquam
1141 3923 1176 3981 ad
1186 3926 1384 3999 propulsandas
1405 3926 1533 3984 omnium
1547 3928 1734 3985 Ecclesiarum

75 4020 233 4093 parochiam
252 4038 344 4090 suam,
357 4022 391 4079 ad
407 4022 541 4094 quaedam
561 4037 647 4079 novas
663 4022 874 4079 consuetudines
928 4026 956 4073 et
970 4018 1166 4075 venerabilium
1185 4020 1311 4076 locorum
1324 4020 1449 4093 injurias,
1473 4037 1505 4077 ex
1533 4020 1627 4078 debito
1650 4019 1733 4077 oiiicii

74 4130 125 4171 sua
139 4114 238 4172 virtute
251 4123 279 4173 et
293 4116 412 4186 potentia
423 4116 533 4173 flectere
547 4123 575 4172 et
586 4131 712 4172 coercere
726 4113 772 4171 diu
787 4131 874 4171 cona·
926 4111 1024 4181 nostri,
1040 4120 1068 4168 et
1091 4112 1234 4169 universali
1249 4113 1434 4186 providentia,
1451 4129 1535 4187 quam
1559 4130 1608 4186 per
1621 4113 1734 4171 beatum

74 4216 121 4265 tus
134 4216 185 4277 eet,
200 4207 328 4265 videlicet
341 4218 444 4266 utcum
452 4210 553 4267 litaniis
562 4209 701 4282 majorem
711 4209 874 4274 ecclesiam,
927 4207 1039 4261 Petrum
1058 4206 1246 4278 apestolorum
1261 4208 1411 4279 principem
1431 4207 1494 4264 licet
1513 4207 1615 4280 indigni
1637 4222 1735 4264 susce-

75 4300 130 4359 boc
142 4310 183 4360 est
199 4318 276 4359 suam
297 4303 480 4375 episcopalem
493 4303 599 4373 sedem,
624 4303 706 4360 simul
725 4318 875 4376 congrega·
930 4298 1034 4370 pimus,
1048 4298 1166 4355 sollicite
1184 4300 1266 4356 nobis
1282 4300 1474 4373 invigilandum
1490 4309 1518 4357 et
1538 4300 1743 4361 elaborandum¹
1850 4284 1853 4289 ¹
1894 4304 1898 4311 '

76 4394 238 4471 tissingulis
252 4396 332 4453 annis
349 4396 498 4454 visitarent.
518 4396 597 4467 Quod
612 4413 676 4453 cum
694 4396 732 4452 illi
759 4395 875 4453 inusita-
929 4405 1158 4461 essenoscamus;
1184 4392 1228 4448 his
1248 4402 1343 4448 tamen
1357 4392 1423 4448 locis
1444 4393 1602 4465 apostolicae
1616 4396 1736 4450 auctori·
1797 4440 1800 4445 .
1844 4426 1849 4433 ·

75 4496 154 4557 tum,
166 4506 203 4547 ne
217 4489 289 4547 iorte
302 4488 338 4547 ad
358 4490 470 4547 alterius
483 4489 576 4563 ilceto,
597 4490 624 4548 id
641 4490 761 4563 alterius]
783 4490 875 4557 daret,
892 4498 918 4560 1)
932 4484 995 4541 tatis
1009 4500 1090 4556 opem
1113 4494 1141 4542 et
1155 4495 1264 4543 scutum
1283 4486 1434 4559 impensius
1454 4486 1630 4543 circumferre
1644 4486 1735 4560 dupli-

74 4582 190 4657 nrm]
204 4599 283 4642 norae
296 4584 445 4641 exactionis
460 4584 635 4640 occasionem
647 4584 754 4650 darent,
770 4582 826 4654 pati
841 4598 883 4639 re·
935 4578 1002 4634 citer
1017 4578 1435 4652 quodammodocompellimur,
1451 4596 1514 4652 quae
1528 4588 1557 4636 et
1570 4578 1597 4636 in
1614 4581 1734 4653 generali

75 4686 210 4745 nuerent,
235 4678 361 4736 divinum
385 4678 422 4735 ibi
450 4676 571 4735 cilicium
596 4678 706 4751 penitus
731 4676 880 4734 interdixit.

75 4772 118 4826 iix
134 4786 187 4844 qua
200 4787 232 4829 re
254 4788 319 4828 cum
340 4772 484 4845 episcopus
497 4771 659 4843 apostolicas
670 4758 728 4844 jam
751 4780 814 4827 ante
836 4771 880 4828 lit·

76 4872 153 4921 teras
168 4865 327 4937 recepisset,
350 4865 536 4922 commonitus
555 4873 586 4920 ut
603 4864 695 4921 locum
711 4864 878 4933 absolverem

76 4966 105 5014 et
124 4957 192 5014 nihil
211 4957 289 5027 inde,
305 4958 354 5015 nisi
364 4958 437 5032 quod
453 4958 614 5015 canonicum
628 4967 655 5014 et
661 4958 766 5031 justum
790 4957 879 5025 ieret,

77 5052 216 5124 exigerem
231 5052 314 5108 rerba
330 5050 445 5125 quidem
463 5067 519 5107 non
535 5051 621 5124 plenae
634 5059 804 5108 conservatae
822 5066 880 5106 ma-

75 5145 154 5201 teriae
169 5161 267 5217 pamm
290 5142 415 5200 modeste
435 5144 558 5213 notavit,
583 5144 633 5201 sed
648 5146 834 5212 voluntatem,
852 5152 881 5200 et

76 5238 220 5311 cognitam
233 5241 374 5312 magistrae
383 5236 472 5311 [sert.,
482 5236 593 5311 nostrae]
603 5238 881 5295 intentionissenten·

77 5331 149 5387 tiam
164 5331 278 5388 omnino
291 5330 420 5403 neglexit.
434 5330 516 5387 Unde
527 5345 578 5388 nec
589 5347 641 5388 nos
658 5330 766 5404 quidem
777 5331 811 5388 de
823 5330 882 5402 ejus

77 5423 249 5494 obedientia,
261 5424 284 5482 si
296 5424 423 5497 privatim
437 5423 585 5496 loquimur,
611 5425 727 5481 multum
741 5424 882 5482 conliden-

76 5526 124 5575 tes
143 5516 345 5576 fraternitatem
363 5526 441 5575 tuam
461 5519 611 5591 apostolica
629 5519 795 5576 auctoritate
822 5534 881 5574 mo·

76 5628 181 5669 nemus
204 5621 250 5681 ut,
280 5628 312 5669 ex
332 5620 426 5670 nostra
448 5623 476 5669 et
500 5621 548 5669 tua
571 5621 649 5685 parte
672 5612 830 5670 convocatis
853 5619 883 5668 et

115 5750 193 5816 (555)
208 5746 286 5874 gum
303 5744 355 5803 sibi
372 5745 434 5803 velit
450 5746 503 5806 hcc
512 5764 566 5820 per
578 5747 673 5817 idum,
702 5762 752 5804 nos
770 5763 827 5804 nun
842 5746 879 5802 in·

74 5818 204 5893 colligere
238 5825 341 5877 lemur.

935 4680 1036 4729 sanctae
1057 4676 1193 4729 Romanae
1213 4673 1340 4729 Ecclesiae
1358 4673 1554 4749 membrorum
1569 4674 1736 4731 continentie

935 4765 1041 4821 eaeteris
1056 4774 1243 4837 coaequantur,
1268 4775 1297 4822 et
1321 4766 1467 4838 singularis
1484 4766 1626 4839 patrocinii
1656 4768 1736 4840 privi-

935 4857 1003 4932 legia
1018 4860 1189 4930 praecaeteris
1199 4860 1363 4917 sortiuntur.
1379 4862 1415 4915 Et
1422 4861 1522 4933 quibus
1534 4861 1667 4934 quoniam
1675 4866 1735 4918 Au·

935 4966 1017 5023 gense
1032 4952 1230 5009 monasterium
1249 4952 1316 5009 huic
1336 4963 1439 5011 sanctae
1459 4963 1487 5011 et
1507 4955 1664 5027 apostolica
1677 4953 1736 5011 sedi
1838 4966 1843 4976 ·

935 5045 1055 5116 quadam
1078 5046 1218 5119 principali
1245 5054 1273 5103 et
1286 5046 1428 5104 individua
1449 5048 1570 5105 cohaeret
1593 5048 1679 5117 linea,
1701 5047 1735 5105 de

934 5136 1104 5211 dispersione
1122 5140 1261 5198 bonorum
1280 5142 1340 5213 eius
1360 5141 1437 5198 valde
1454 5141 1589 5211 dolentes,
1604 5140 1671 5213 quid
1684 5140 1734 5197 do-

936 5232 1028 5289 minus
1057 5243 1083 5291 et
1104 5243 1262 5292 antecessor
1283 5244 1378 5291 noster
1404 5234 1556 5292 Alexander
1573 5232 1737 5291 venerandae

936 5328 1080 5385 memoriae
1093 5345 1163 5401 papa
1177 5328 1242 5385 inde
1255 5327 1375 5385 decrevit
1391 5330 1511 5385 recolere
1530 5337 1559 5384 et
1571 5328 1736 5384 sententiam

934 5434 1037 5483 nostrae
1049 5420 1266 5479 confirmationis
1287 5422 1315 5478 in
1331 5421 1451 5495 idipsum
1464 5422 1605 5490 omnibus,
1620 5421 1655 5477 ad
1667 5434 1737 5493 quos

936 5518 1017 5591 bujus
1030 5517 1157 5588 epistola}
1172 5524 1275 5573 nostrae
1299 5516 1396 5572 notitia
1411 5515 1550 5589 pervenire
1564 5515 1672 5588 poterit,
1686 5514 1737 5570 de·

936 5610 1101 5668 stinavimus
1121 5610 1251 5667 indicare.
1273 5611 1423 5682 Postquam
1442 5608 1588 5680 praedictus
1608 5607 1737 5665 deminus

974 5748 1048 5815 (355)
1065 5747 1210 5815 Attqieusis
1234 5743 1411 5800 scribendum
1437 5740 1517 5797 docet
1535 5742 1581 5814 qui
1595 5738 1664 5795 inira
1678 5753 1736 5795 me-

939 5825 1065 5875 moratur
1083 5813 1302 5874 comtanticnsis
1318 5828 1363 5884 ep.
