3870 6164
619 263 834 341 ,concisius
852 260 1021 323 noussen
1039 266 1061 324 ι.
1625 258 1677 325 uo

116 390 224 461 oportet
246 392 336 446 autem
362 394 388 447 et
421 390 500 447 ilium
522 389 703 447 testimonium
725 392 823 448 babere
835 396 862 460 Α
876 400 988 467 propter
1011 387 1162 449 nuiersnds
1178 389 1324 448 schismata
1347 389 1376 447 in
1391 395 1452 449 tolo
1471 387 1613 450 deomtum
1636 398 1679 450 est
1744 436 1750 443 .

116 484 229 541 sabbis
245 488 294 555 qui
310 486 381 551 loris
396 489 461 541 suast
481 489 513 540 ut
532 501 586 541 aon
607 487 637 539 s'n
650 486 826 557 opprobrium
880 485 947 544 orbs
969 493 1001 544 ut
1014 500 1085 543 unsis
1098 484 1133 543 dc
1153 484 1322 559 presbyteris
1337 491 1542 558 preponeretur
1561 485 1679 556 semus,

116 582 182 634 tet
210 580 240 632 in
267 579 393 649 laqueum
424 579 537 635 diaboli.
571 581 701 637 Diaconos
726 581 824 635 simili·
880 580 1009 655 adonem
1029 579 1120 637 omnis
1138 594 1203 635 cura
1218 580 1348 636 Ecclesia
1370 578 1525 651 pertineret,
1547 581 1614 637 Post
1629 578 1679 637 de-

116 672 211 737 rdioos,
235 688 289 728 non
306 673 447 743 biliupues,
466 689 520 729 non
531 675 615 729 multo
632 677 696 729 uino
710 674 836 743 deditos„
879 673 1162 747 scriptionemsntem
1176 670 1295 746 episcopi
1309 673 1498 748 etpresbyteri
1514 682 1595 732 cauto
1607 679 1679 747 spo*

116 782 172 838 sape
181 768 285 822 lucrum
297 771 434 837 sectantes,
449 767 579 824 babentes
590 770 748 839 mysterium
761 768 827 838 pact
880 767 968 824 stolus
982 766 1120 842 arbjangit
1138 765 1174 824 de
1197 765 1359 824 diaconibus
1375 766 1412 825 ita
1427 767 1577 825 decernens
1591 786 1599 825 ε
1613 768 1681 826 nra·

116 860 323 930 maentiapura.
342 861 420 916 litii
434 862 558 931 primurn
573 861 734 931 probentur,
749 862 826 915 etsie
880 876 956 917 conos
969 862 1106 925 similiter,
1130 859 1158 917 id
1179 868 1231 929 est,
1246 865 1352 933 oportet
1372 876 1426 917 esse
1444 862 1570 934 pudicos,
1588 867 1640 919 etc
1656 860 1682 933 (l
1770 892 1774 899 ·

116 957 192 1017 rent,
206 954 312 1010 nullum
330 956 431 1009 crimen
450 955 585 1010 babentes.
609 955 734 1011 ltalieres
747 956 826 1009 simi·
883 959 950 1013 lim.
966 958 1027 1025 xxx),
1041 971 1074 1011 ac
1084 955 1107 1012 si
1125 954 1228 1011 diceret
1252 974 1259 1010 z
1275 954 1358 1025 Quod
1378 954 1413 1012 de
1426 954 1561 1029 episcopis
1574 963 1602 1013 ct
1616 968 1679 1029 praa

116 1048 238 1119 pudicos,
258 1064 312 1103 non
333 1048 518 1111 detrahentes,
542 1047 662 1111 sobrias,
688 1048 779 1117 fideles
796 1050 826 1102 in
880 1049 996 1123 sbyteris
1022 1048 1147 1119 decrevi,
1172 1050 1226 1105 lroc
1248 1047 1322 1106 idem
1344 1055 1373 1105 et
1397 1045 1432 1105 de
1454 1048 1613 1106 diaconibus
1633 1058 1680 1106 nte

116 1155 157 1197 as.
176 1143 302 1197 mmcnes
323 1143 379 1196 sint
400 1142 454 1195 uirs'
476 1143 559 1196 unius
579 1142 684 1207 unoris,
699 1142 750 1210 qui
760 1137 826 1210 plius
881 1142 972 1200 sciatis
985 1142 1146 1201 decrevisse.
1170 1142 1241 1199 Satis
1258 1157 1323 1216 ergo
1345 1140 1485 1199 endenses
1499 1150 1583 1214 patet,
1600 1150 1680 1201 nsua

116 1250 168 1290 erse
184 1236 299 1305 prosim
322 1240 347 1290 et
369 1235 491 1289 domibus
510 1235 583 1303 suis5
606 1236 656 1304 qui
675 1234 746 1288 euim
765 1233 828 1288 berse
881 1238 975 1306 stimo,
999 1237 1162 1310 Apostolum
1183 1237 1212 1293 in
1235 1236 1420 1309 superioribus
1433 1236 1492 1294 suis
1512 1232 1681 1295 diffinitioni·

116 1331 248 1395 raserint,
262 1329 377 1397 praalum
394 1328 447 1384 sibi
458 1329 553 1383 bouem
563 1328 706 1398 acquirent
719 1332 744 1382 et
757 1327 827 1382 mul·
882 1330 934 1388 bns
949 1331 1033 1388 etiam
1047 1331 1221 1404 presbyteros
1242 1346 1307 1387 eum
1320 1330 1454 1405 episcopis
1474 1336 1502 1387 et
1519 1328 1682 1387 diaconibus

116 1422 229 1479 deciam
241 1424 271 1477 in
281 1422 334 1493 tide
345 1438 405 1493 quo
424 1425 464 1477 est
479 1424 508 1477 in
521 1422 627 1477 Glsrtsto
639 1424 702 1478 les-u
712 1421 745 1492 (l
756 1422 825 1478 lim.
881 1423 1120 1500 comprehendisse
1135 1442 1143 1480 ι
1158 1423 1231 1481 unde
1252 1433 1280 1482 et
1294 1423 1393 1481 merito
1410 1423 1525 1496 quilibet
1546 1438 1644 1482 comm
1665 1436 1681 1481 a

116 1532 165 1577 eni
176 1516 212 1573 ad
221 1517 312 1573 Titum
325 1536 335 1572 .-
348 1517 446 1586 HuJ‘us,
462 1515 557 1589 inquit,
571 1519 612 1572 rei
624 1519 714 1586 qratia
728 1518 829 1587 reliqui
881 1518 965 1575 sacris
986 1516 1086 1575 oficiis
1105 1517 1290 1588 dimoventur,
1311 1517 1466 1591 quicunque
1486 1533 1519 1576 ss
1540 1518 1591 1575 illis
1605 1518 1633 1575 in
1651 1529 1683 1576 se
1704 1556 1707 1567 ·

116 1616 344 1681 rimatusque
363 1612 459 1666 meatu
481 1613 612 1682 corriqas,
628 1615 654 1665 et
678 1612 826 1665 constituos
880 1612 1058 1685 apostolicam
1082 1609 1308 1669 informationem
1336 1611 1490 1683 corrupisse
1519 1612 1681 1684 probantur.

116 1707 217 1762 mseras
228 1706 411 1776 presbyteros,
432 1707 501 1760 sicut
517 1720 564 1775 eqo
579 1705 631 1758 tibi
649 1704 785 1774 disposmr
800 1706 827 1760 si
880 1709 987 1779 Nempe
1002 1705 1150 1779 Apostolus
1167 1714 1284 1762 testatur
1299 1706 1451 1778 episcopos,
1466 1702 1639 1778 presbyteros
1652 1709 1683 1763 el

116 1800 158 1855 ins
171 1801 282 1854 omnine
297 1804 347 1866 est,
363 1801 445 1853 arrius
463 1800 556 1853 tenoris
570 1800 624 1861 air,
636 1798 706 1867 plius
725 1799 824 1853 babens
843 1772 1012 1857 Bdiaconos
1037 1807 1164 1873 oportere
1188 1800 1276 1871 turpis
1299 1798 1366 1854 lucri
1390 1814 1447 1854 non
1472 1814 1533 1856 esso
1556 1798 1682 1872 cupidos.

116 1936 123 1957 ,
138 1909 191 1950 nus
207 1894 412 1948 insecucutione
423 1893 552 1955 lunurioe,
567 1896 616 1946 aaut
629 1907 682 1946 non
694 1892 824 1948 subditos.
881 1894 979 1951 Omnis
992 1902 1085 1950 sutem
1097 1892 1267 1950 Simoniacus
1284 1890 1433 1964 turpissimi
1448 1898 1477 1948 et
1489 1886 1683 1949 nefandissimi

116 1992 135 2042 rt
148 1991 236 2043 aulem
249 1989 399 2056 episcopum
413 1988 471 2041 sine
483 1987 595 2040 crimine
607 2000 676 2049 esse,
697 1987 765 2040 sicut
778 1988 827 2042 ilci
881 1987 949 2045 lucri
966 1986 1150 2044 indubitanter
1164 1993 1206 2042 est
1218 1984 1342 2058 cupidus,
1357 2001 1423 2060 ergo
1446 1986 1518 2043 inter
1530 2000 1626 2044 sacros
1638 2000 1683 2044 os·

116 2084 253 2147 nolorcm3
272 2096 326 2134 non
339 2081 498 2149 superbum,
519 2095 571 2133 non
584 2078 757 2141 iracundum,
773 2096 826 2134 non
880 2080 960 2138 dines
977 2080 1130 2138 nullatenus
1150 2087 1192 2137 est
1212 2078 1425 2152 computandus,
1444 2080 1549 2137 scilicet
1571 2073 1683 2153 jainda-

116 2178 200 2237 ntum,
215 2190 269 2230 non
277 2189 468 2244 percussorem,
484 2189 536 2228 nou
550 2174 637 2243 turpis
659 2173 732 2227 lucri
752 2176 827 2242 cupi·
881 2173 947 2230 dum
961 2189 1011 2247 per
1023 2174 1203 2247 apostolicam
1217 2172 1382 2230 sententiam
1403 2172 1509 2245 penitus
1526 2173 1563 2231 ab
1579 2170 1682 2231 eisdem

121 2268 170 2325 sed
189 2269 360 2339 sospitatem,
387 2268 538 2336 lanimem,
564 2266 694 2335 sobrium,
708 2267 825 2337 justum,
881 2276 1047 2341 segregatus.
1072 2266 1233 2325 Notandum
1259 2274 1367 2333 autem,
1392 2266 1415 2324 si
1436 2267 1591 2341 neophytus
1612 2266 1684 2324 inter

116 2379 157 2430 m,
169 2364 356 2427 continentem,
376 2362 576 2431 amplectentem
597 2376 657 2416 eum
671 2364 720 2432 qni
732 2378 826 2417 secun·
881 2376 975 2419 sacros
989 2361 1099 2419 ordines
1113 2377 1169 2418 non
1186 2361 1325 2434 recipitur,
1341 2359 1387 2434 qtri
1403 2369 1499 2417 tamen
1514 2361 1587 2418 inter
1599 2360 1683 2420 laicos

116 2457 257 2512 botrum
276 2460 316 2512 est
335 2456 440 2526 fidelem
457 2471 613 2525 sennonem,
633 2460 664 2511 ut
674 2460 767 2527 potens
790 2458 827 2511 sit
881 2470 961 2528 posse
978 2456 1076 2513 salvari
1092 2455 1219 2525 ereditur,
1236 2465 1342 2526 natanto
1366 2455 1454 2529 magis
1475 2451 1539 2511 inde
1559 2464 1625 2512 sunt
1637 2470 1683 2514 so-

116 2553 205 2607 ortori
217 2552 248 2605 in
260 2550 381 2606 doctrim
396 2565 464 2604 sasso
481 2553 507 2604 et
520 2564 562 2605 eos
575 2551 627 2619 qui
638 2551 828 2606 contradicunt
880 2548 1009 2622 gregrorii
1021 2547 1125 2621 cupidi,
1140 2549 1196 2605 sire
1208 2549 1293 2615 arari,
1308 2548 1357 2621 qui
1372 2547 1587 2607 suntidolorum
1593 2550 1682 2619 serris

116 2660 148 2700 ·e.
166 2646 236 2702 Sunt
251 2645 332 2699 multi
343 2644 532 2710 inobedientes,
549 2645 690 2713 vaniloqui
701 2647 729 2698 et
745 2644 841 2707 sactu„
880 2645 935 2713 qui,
945 2641 1024 2714 juxta
1037 2643 1211 2714 Apostolum,
1222 2642 1487 2698 nulluteuusliobent
1499 2644 1685 2701 hereditatem

116 2740 251 2797 ‚manime
265 2739 313 2807 qui
324 2737 356 2791 de
368 2738 564 2791 circumcisione
573 2740 651 2802 sunl3
667 2750 733 2806 quos
746 2752 826 2806 opor-
880 2739 909 2790 in
934 2736 1041 2793 cbristo
1056 2741 1082 2790 et
1103 2752 1183 2805 raquo
1198 2738 1246 2789 lici
1263 2736 1373 2806 (pres.
1391 2735 1426 2807 r).
1450 2738 1520 2793 ltem
1535 2739 1685 2809 Apostolus

116 2830 219 2901 lorpui,
233 2833 282 2901 qui
295 2833 433 2885 uniuersas
448 2830 539 2885 domos
548 2830 717 2897 subvertunt,
732 2830 825 2885 maen·
880 2827 1005 2901 praecipit
1025 2827 1053 2883 in
1080 2827 1268 2896 superioribus
1296 2835 1325 2883 ut
1352 2828 1489 2900 episcopi,
1512 2831 1682 2903 presbyteri,

116 2940 148 2981 ιιι
159 2939 212 2979 non
222 2928 334 2994 oportet,
348 2926 436 2994 turpis
449 2923 519 2978 lucri
526 2925 625 2991 qratia.
639 2924 672 2977 Et
686 2929 748 2995 post
758 2937 825 2994 pau·
879 2920 988 2978 diaconi
1001 2921 1057 2978 sint
1070 2920 1162 2994 pudici
1176 2929 1203 2977 et
1216 2920 1403 2989 continentem
1418 2936 1468 2977 nec
1482 2922 1601 2994 mirum,
1619 2940 1685 2981 eum

116 3033 206 3088 ses-epa
225 3018 284 3072 illos
299 3018 376 3081 dure,
390 3021 420 3071 ul
440 3018 620 3079 sinicensis
638 3016 702 3085 tide,
718 3031 772 3071 nou
784 3019 825 3070 in·
880 3024 908 3072 et
922 3015 1004 3071 laicos
1017 3014 1142 3070 hortetur
1153 3012 1188 3070 ad
1202 3013 1411 3082 continentiam,
1422 3014 1537 3072 dicens:
1554 3018 1622 3073 Volo
1633 3034 1685 3074 ou·

116 3116 165 3167 ster
193 3112 316 3168 ludaricis
339 3100 443 3178 fabulis
467 3114 493 3165 et
517 3109 659 3165 mandatis
685 3109 823 3165 bominum
839 3121 860 3185 ρ
879 3115 931 3165 tem
945 3124 1032 3165 omnes
1045 3109 1167 3164 domines
1185 3123 1240 3164 esse
1256 3110 1326 3163 sicul
1339 3111 1482 3179 meipsum,
1503 3110 1599 3182 utiquo
1617 3127 1684 3168 eon-

116 3207 212 3261 sntium
225 3221 279 3261 sea
292 3207 404 3259 ommate
417 3203 481 3275 (iit.
498 3207 530 3268 ι).
878 3203 999 3259 sinentes
1013 3202 1038 3273 (l
1048 3202 1112 3258 Gor.
1127 3202 1193 3270 ιιι).
1209 3204 1278 3257 item
1294 3219 1301 3256 :
1315 3202 1457 3275 Reliquum
1471 3207 1521 3272 est,
1535 3207 1566 3258 ut
1577 3205 1631 3274 qui
1639 3204 1685 3261 bu·

118 3341 127 3355 .
143 3300 174 3355 ln
186 3298 276 3371 primo
292 3298 371 3370 igitur
386 3296 540 3353 notandum
556 3305 599 3353 est
617 3297 645 3353 in
658 3296 699 3352 his
713 3304 823 3368 aposto-
880 3297 1057 3364 bentuoores,
1069 3301 1201 3365 tanquam
1210 3312 1263 3350 non
1274 3296 1401 3351 babentes
1412 3296 1579 3366 ιιιιι(16ι’ὀ.).
1591 3299 1661 3355 ltess
1674 3315 1682 3354 ε

116 3391 319 3449 nstitulionibus
333 3390 384 3446 sub
404 3390 515 3446 nomine
527 3390 646 3463 episcopi
666 3390 751 3447 etlam
767 3405 826 3461 pre-
883 3392 956 3457 Viri,
969 3390 1183 3460 dilipileuuores
1196 3394 1312 3456 uestras,
1327 3391 1401 3444 sicut
1416 3393 1442 3445 et
1456 3391 1582 3448 carnae
1594 3393 1683 3449 limis·

116 3500 154 3543 ns
173 3484 388 3557 eomprelxcndl3
409 3482 632 3540 inconvenienter
654 3483 729 3539 enim
754 3488 828 3553 Apo·
882 3485 952 3538 siam
970 3484 1079 3554 (pres.
1098 3487 1136 3550 s).
1151 3480 1233 3538 Unde
1248 3483 1434 3555 Hieronymus
1458 3501 1466 3539 s
1489 3483 1519 3539 Si
1541 3483 1684 3555 Chrisnss,

126 3586 190 3652 post
206 3577 420 3648 descriptionem
436 3576 546 3649 episcop
576 3575 672 3632 statim
686 3575 719 3632 de
732 3574 828 3631 diaco·
883 3576 981 3648 inquit,
999 3584 1104 3643 sancte,
1125 3582 1209 3643 ceste,
1230 3576 1252 3630 si
1270 3574 1372 3647 abelque
1393 3576 1448 3632 xilla
1470 3578 1578 3635 meula
1598 3577 1688 3652 dirps

120 3671 269 3739 subinfert,
292 3671 314 3727 si
332 3688 388 3727 non
408 3679 437 3727 et
460 3669 635 3742 presbyteros
658 3669 710 3725 sub
725 3669 828 3740 episco-
882 3669 1044 3738 Ecclesiam,
1059 3668 1108 3725 viri
1123 3683 1232 3740 quoque
1247 3668 1274 3724 in
1295 3669 1422 3726 castitate
1439 3685 1538 3727 uxores
1558 3686 1623 3728 suas
1639 3671 1683 3729 dii·

116 3766 271 3839 scriptione
279 3763 589 3837 comprelrenderet,qnl
598 3771 659 3835 post
668 3761 829 3834 episcopum
882 3764 968 3831 liant,
990 3772 1017 3820 et
1034 3766 1102 3819 sciat
1122 3764 1308 3833 unusquisque
1328 3777 1377 3818 uas
1399 3778 1479 3819 suum
1499 3765 1638 3835 possidere
1654 3767 1689 3820 in

116 3858 160 3930 ni,
174 3859 281 3931 stipsis
301 3857 463 3915 diaconibus
478 3856 663 3913 indubitanter
680 3863 744 3912 stunt
756 3863 829 3912 ante·
882 3858 1092 3927 sensificatione
1109 3860 1136 3911 et
1157 3855 1263 3919 bonore,
1283 3871 1336 3911 non
1355 3856 1388 3911 in
1405 3858 1532 3926 passione
1545 3856 1691 3923 desiderii.

116 3952 289 4011 ‚Austonim
312 3966 448 4023 nusquam
470 3949 505 4006 de
525 3950 696 4008 ordinatione
716 3948 829 4022 presby·
882 3952 951 4005 sicut
971 3954 998 4005 et
1010 3954 1112 4021 pentes,
1135 3964 1196 4019 quoe
1216 3951 1300 4004 ileum
1325 3950 1454 4019 iquorant
1476 3950 1501 4021 (l
1522 3951 1613 4007 stass
1636 3955 1691 4017 nlt-

116 4063 157 4104 un
178 4046 260 4113 dixit,
285 4054 334 4101 aut
358 4044 410 4101 snb
433 4044 543 4099 nomine
566 4043 758 4115 episcoporum
782 4059 830 4100 eos
883 4044 973 4112 erem
1003 4041 1136 4099 honorem
1167 4040 1204 4098 ita
1233 4041 1429 4115 interpretatur
1458 4041 1554 4100 beotm
1587 4044 1695 4101 niune

118 4140 184 4215 psit.
208 4139 262 4196 Sed
287 4139 470 4211 incongruum
495 4144 566 4192 esset
590 4143 621 4193 nt
644 4137 829 4209 praetermisso
882 4151 983 4209 nymus
1003 4154 1010 4193 ε
1027 4137 1065 4204 Si,
1089 4136 1187 4207 inquit,
1202 4136 1371 4192 abstinemus
1391 4151 1443 4193 nos
1463 4137 1581 4206 accitu,
1596 4137 1694 4195 bono·-

116 4244 165 4292 tro
186 4233 344 4290 ministrum
364 4232 425 4304 eius
446 4229 630 4298 describeret,
645 4244 710 4286 cunt
734 4237 830 4286 tamen
882 4246 941 4285 rom
956 4228 1203 4285 muliebrlsnsculo
1217 4228 1382 4299 tribuimus;
1397 4229 1489 4286 sinon
1502 4229 1693 4302 abstinemus,

116 4336 163 4385 ter
184 4325 376 4395 ecelesiastlpis
398 4321 622 4396 dispositionibus
643 4323 730 4395 magis
758 4330 830 4379 esset
884 4323 1691 4397 perspicuumestlronoricontrariommoosrtumeliams·

116 4420 208 4479 sadus.
232 4421 367 4477 Praeterea
391 4434 455 4475 cum
480 4417 628 4488 Apostolus
652 4420 714 4473 Tito
733 4417 829 4489 prisci·
884 4421 1016 4474 Praeterea
1030 4417 1122 4473 omnis
1137 4417 1254 4489 populus
1268 4417 1390 4475 liliorum
1403 4418 1494 4488 lsrael,
1509 4419 1543 4477 ad
1557 4429 1694 4477 montem·

116 4524 192 4588 sper
205 4513 326 4570 civitates
340 4511 512 4585 presbyteros
526 4509 646 4579 ordinet,
659 4510 751 4566 strum
765 4526 828 4567 eum
844 4512 869 4574 l)
884 4526 1040 4568 amcssnrus
1049 4519 1078 4567 et
1093 4510 1145 4566 Dei
1158 4509 1299 4584 eloquium
1312 4510 1346 4567 de
1360 4511 1509 4584 longinquo
1518 4519 1625 4568 tontum
1637 4528 1697 4569 au-

117 4608 258 4665 dinatione
270 4622 367 4663 eorum
383 4602 535 4661 informans
546 4602 701 4660 subinfert:
718 4605 827 4675 Oportet
881 4605 999 4671 diturus,
1017 4603 1113 4660 triduo
1133 4602 1296 4660 sonctlbcnri
1313 4611 1341 4659 et
1359 4619 1389 4660 se
1404 4603 1545 4661 continere
1565 4604 1600 4661 ab
1615 4619 1694 4662 uso--

116 4718 186 4775 pron
206 4704 263 4758 sine
282 4703 392 4757 crimine
416 4715 470 4754 esse
492 4700 555 4763 (lit.
579 4699 612 4763 x).
629 4695 707 4753 ldem
733 4698 829 4753 Timo·
883 4698 960 4754 ribsn
971 4696 1084 4769 julrctnr
1103 4696 1202 4768 (onom
1218 4694 1284 4767 six).
1302 4697 1369 4751 lure
1387 4711 1452 4769 crgo
1473 4697 1622 4768 spcnclus
1642 4714 1696 4756 sa·-

116 4796 213 4853 soritit
233 4815 240 4850 :
264 4795 326 4853 liols'
344 4794 477 4864 nepliqere
495 4793 614 4860 prolium
628 4806 689 4860 quoe
711 4791 830 4848 dolorm
884 4806 996 4847 crorum
1016 4790 1148 4846 ministris
1169 4789 1395 4846 incontinentiam
1415 4790 1566 4862 interdixit,
1587 4793 1634 4865 qni
1657 4798 1696 4850 eu

116 4888 569 4961 erpropbetiamcumimposiubne
580 4900 711 4940 manuum
722 4886 832 4957 presby·
884 4883 1062 4941 annularibus
1082 4882 1184 4939 debent
1204 4882 1367 4954 preminere
1388 4883 1417 4939 in
1436 4884 1577 4955 castitate,
1594 4886 1642 4958 qai
1656 4892 1694 4943 etl

116 4986 138 5057 [l
151 4986 220 5040 lim.
238 4983 294 5054 sris
317 4980 359 5037 cni
380 4980 408 5036 in
429 4977 607 5051 sentientibus
627 4979 721 5033 statim
744 4978 829 5034 dixit:
885 4977 971 5050 ipsius
993 4976 1108 5049 Spiritus
1134 4975 1221 5033 sanati
1246 4976 1412 5033 locutorium
1435 4975 1541 5054 effecti,
1564 4979 1692 5051 quandin·

116 5080 143 5135 ιι·
152 5092 265 5133 manum
279 5076 331 5130 cito
345 5076 504 5145 imposueris
516 5072 621 5143 (ibid),
638 5071 711 5144 quod
725 5072 831 5144 proprie
887 5070 1039 5128 Dominum
1061 5085 1110 5142 pro
1133 5069 1233 5142 populo
1254 5069 1354 5127 debent
1366 5070 1546 5143 interpellare.
1564 5072 1692 5141 Quicun-

116 5186 230 5246 rpornm
257 5175 323 5225 est:
347 5182 413 5240 erpo
433 5165 565 5223 eumdem
584 5165 743 5237 episcopum
766 5164 833 5221 dicit
885 5181 939 5238 quo
953 5179 1019 5238 ergo
1035 5164 1137 5220 borum
1156 5163 1558 5237 incontinensessedetegitur,
1576 5164 1610 5222 ab
1625 5165 1693 5238 ipso*

133 5274 164 5323 et
181 5262 370 5337 presbyterum
385 5259 543 5316 nominarit.
559 5258 603 5315 Sic
621 5256 717 5315 beatus
732 5258 827 5314 Hiero·
885 5258 1019 5330 Apostolo
1034 5257 1119 5314 sacris
1133 5256 1275 5313 ordinibus
1287 5257 1422 5314 interesse
1436 5256 1609 5330 prohibetur,
1622 5275 1694 5315 cuna

116 5366 185 5418 sot
203 5364 313 5413 sanctus
339 5352 518 5417 Ambrosius,
541 5351 686 5424 praedictas
706 5351 839 5424 Apostoli·
887 5367 934 5424 per
964 5351 1163 5409 incontinentia
1187 5351 1343 5423 apostolicae
1366 5350 1532 5407 institutioni
1565 5350 1696 5423 seipsum

116 5451 187 5509 otios
204 5449 319 5507 lidelites
343 5453 523 5520 exponentes,
542 5453 677 5501 testantur
696 5444 769 5517 apud
786 5461 835 5501 sn·
886 5444 1053 5502 subtraxisse
1074 5444 1205 5501 rideatur.
1229 5447 1301 5501 llam
1323 5442 1397 5516 quod
1419 5444 1569 5515 Apostolus
1589 5443 1656 5503 dicit
1678 5464 1694 5503 ::

116 5560 128 5603 s
148 5543 225 5602 idom
242 5541 326 5599 luisse
351 5540 514 5612 episcopum
528 5546 556 5597 et
576 5538 783 5611 presbyterum,
802 5545 834 5603 ut
891 5540 974 5595 Unius
984 5541 1080 5594 uaeris
1094 5540 1185 5594 uirum
1197 5541 1224 5608 (l
1235 5541 1303 5595 lim.
1318 5542 1374 5606 ιιι),
1390 5536 1467 5607 iuxts
1486 5538 1699 5597 sumtationemr

116 5652 142 5697 m
159 5652 248 5695 unum
261 5642 334 5693 esset
353 5632 449 5699 oflicii,
468 5630 542 5689 aiud
560 5632 658 5688 artatis.
675 5635 770 5688 Postea
784 5647 833 5687 au·
887 5641 1046 5689 sanctornm
1058 5632 1182 5699 Patroni,
1197 5641 1260 5689 antc
1276 5629 1481 5689 ordinationem
1497 5640 1616 5702 tantum,
1629 5647 1701 5693 non.

119 5740 156 5791 nt
173 5731 359 5804 Hieronymus
379 5726 487 5795 asserit,
501 5741 565 5783 eum
581 5725 767 5799 unuquisque
786 5740 835 5782 eos
889 5731 951 5799 post
969 5724 1056 5797 ipsam
1071 5733 1112 5781 est
1128 5720 1442 5798 intelligendumtlnde
1455 5733 1566 5781 sanctm
1574 5723 1702 5795 cyprin·

125 5825 314 5901 bsptissssrst
335 5838 403 5882 suos
421 5836 481 5879 esse
503 5827 624 5894 putaret,
646 5835 702 5876 non
721 5819 832 5889 Christi,
888 5832 951 5889 nus,
971 5818 1000 5875 in
1014 5817 1085 5874 libro
1099 5821 1142 5876 De
1156 5817 1302 5875 duodecim
1320 5813 1509 5887 abusionibus,
1529 5814 1597 5871 dicit
1611 5821 1710 5887 neom
