3870 6164
136 248 206 304 1083
637 243 685 300 ab
702 242 818 301 OPERA
835 241 864 299 S.
885 240 1047 299 Gillitiolill
1063 237 1284 299 anmantuus.
1720 238 1783 295 sest

70 420 73 425 .
136 370 256 431 videaris
270 369 428 445 suffragari,
442 368 525 429 mant
543 334 669 443 iubujus
684 368 820 441 temporis
833 367 969 437 diaco-A
985 374 1043 424 tem
1061 365 1172 423 tuberis
1190 365 1277 436 ipsius
1290 362 1441 421 Historiam
1458 361 1489 419 iu
1506 360 1654 436 aliquibus
1672 375 1731 419 csse
1744 378 1782 420 rs

135 467 228 537 uibus,
251 474 282 523 ut
308 465 334 522 in
358 462 511 536 predictis,
534 462 766 520 incontinentiam
787 461 933 520 contendis
988 462 1153 537 spueudam,
1166 475 1231 518 cum
1241 458 1493 527 ilistoriaEusebii,
1507 474 1597 532 quam
1610 460 1642 516 S.
1658 456 1784 532 llimosp

136 576 195 621 csse
213 557 398 626 merendam
418 557 467 616 sed
486 557 599 616 inistis.
621 560 844 631 consequeretur
857 557 934 614 enim
988 574 1052 616 mus
1071 560 1135 628 (imo
1149 554 1289 623 Rufinus)
1303 555 1338 612 ds
1357 555 1455 613 Graeco
1473 555 1501 611 in
1518 554 1660 610 latirmm
1677 568 1782 611 convu-

139 662 169 710 ut
182 652 339 725 coniugium
353 651 381 708 in
393 658 490 725 quarta
505 652 685 725 generatione
699 651 784 708 etiam
794 649 880 708 modo
890 658 933 708 to·
989 654 1032 724 tir,
1049 653 1092 708 vix
1111 651 1140 708 in
1153 648 1287 723 praedictis
1310 648 1427 707 decretis
1448 647 1554 706 Gelasii
1573 663 1660 721 papae
1673 648 1782 705 obtineat

137 746 291 812 immature
313 745 388 819 quod
407 745 482 804 idem
502 746 600 804 doctor
618 746 787 818 apostolicus
803 745 860 813 (lib.
880 760 934 812 ιιι,
988 763 1024 805 ne
1038 747 1153 803 omnino
1177 752 1321 808 renuatur,
1344 743 1407 800 lieet
1427 743 1549 800 multum
1565 741 1701 799 utilitatis
1713 742 1740 798 in
1756 757 1781 799 sa

107 911 110 917 Ι
136 842 270 913 remando
288 841 327 896 ad
344 855 379 898 nt
398 843 635 912 mbmopntiooem
654 840 819 911 Augustini)
843 838 936 912 Angiis
989 842 1150 915 reperiatur.
1176 840 1270 898 Sancti
1286 838 1412 895 videlieet
1438 837 1489 894 viri
1507 838 1599 894 multa
1615 834 1655 893 ad
1670 844 1780 893 nosnan

137 935 243 992 noviter
256 935 397 993 murensis
417 934 452 993 ad
468 943 578 1008 tempus
594 934 804 991 seconcessisso
821 932 935 1006 profite-
989 934 1176 994 eruditionem
1196 933 1275 991 utilis
1296 948 1354 990 non
1378 931 1468 988 solum
1493 931 1719 997 transtulerunt,
1743 929 1781 986 sel

137 1037 191 1086 nar.
211 1028 241 1086 Si
260 1029 335 1085 enim
352 1028 405 1085 boe
423 1037 548 1101 tempore
563 1029 728 1085 alterutrum
747 1026 847 1083 borum
863 1035 938 1084 esset
989 1030 1074 1088 etiam
1096 1045 1129 1086 ex
1150 1043 1247 1086 eorum
1272 1027 1384 1099 propria
1405 1040 1523 1098 persona
1549 1024 1779 1096 consederemus,

74 1194 78 1207 ¹
138 1124 295 1193 tolerabis,
308 1125 402 1197 potius
415 1124 470 1181 tale
483 1123 644 1196 conjugium
659 1122 743 1181 modo
759 1130 832 1179 esset
849 1120 936 1179 sulle-
990 1139 1109 1198 quorum
1124 1123 1215 1194 eliqua
1234 1121 1326 1193 stipsi
1342 1117 1729 1193 postmodumjudicaserunt
1746 1132 1780 1174 re

137 1219 256 1277 rendum
269 1216 345 1291 quod
357 1217 457 1275 saltem
470 1217 616 1291 aliquando
629 1217 743 1274 licenter
755 1216 856 1289 legitur
867 1231 936 1272 eon·
989 1217 1120 1291 spuenda.
1137 1216 1225 1289 Hujus
1232 1216 1272 1272 rei
1284 1215 1350 1272 satis
1362 1213 1473 1271 evidens
1484 1211 1689 1270 testimonium
1697 1213 1726 1269 S.
1737 1215 1781 1268 tu·

134 1328 260 1379 cessum,
270 1328 356 1386 quam
369 1312 567 1370 incontinentia
586 1311 782 1381 diaeonomm,
795 1325 858 1383 qute
870 1325 936 1368 uus·
991 1313 1119 1388 gentinus
1132 1310 1215 1368 sliert
1234 1309 1315 1366 nobis
1328 1309 1358 1365 in
1377 1308 1449 1365 libro
1469 1306 1730 1371 lletraetationum,
1741 1305 1780 1361 nbi

136 1422 219 1480 quam
241 1407 278 1462 ibi
298 1422 440 1476 concessa,
456 1404 507 1463 sed
526 1405 569 1464 vir
585 1407 614 1463 in
628 1406 733 1478 paucis,
755 1404 789 1462 ad
812 1413 935 1477 tempus,
992 1424 1060 1481 pene
1081 1422 1114 1464 er
1134 1404 1248 1479 ungulis
1268 1403 1346 1460 libris
1371 1417 1442 1475 quos
1464 1401 1525 1474 ipse
1545 1400 1718 1472 composuit,
1736 1415 1782 1455 nou

137 1512 305 1561 nontamen
319 1504 381 1561 siue
402 1503 587 1576 subsequente
610 1500 739 1572 vindicta,
757 1509 789 1558 ut
809 1500 936 1574 praedixi,
992 1517 1077 1574 pauca
1089 1500 1205 1573 ipsemet
1220 1497 1359 1554 renuenda
1371 1496 1491 1553 censuit.
1512 1496 1576 1552 lios
1592 1494 1671 1551 enim
1692 1493 1781 1551 denum

139 1598 241 1670 legitur
253 1614 313 1655 esse
332 1598 515 1656 dissimulata.
539 1600 612 1670 Ergo
625 1612 691 1654 cum
706 1596 761 1655 tale
775 1595 937 1668 conjugium
992 1595 1102 1669 proprie
1115 1592 1288 1665 sapientibus
1301 1590 1370 1648 adeo
1391 1598 1434 1647 est
1447 1588 1639 1657 attributum,
1655 1596 1687 1644 ut
1704 1586 1781 1645 nes'n

138 1692 224 1750 modo
244 1693 401 1752 nullatenus
421 1691 450 1748 iu
464 1692 570 1765 aliquo,
591 1691 768 1764 quantumvis
787 1690 822 1747 ad
845 1688 936 1745 couti-
991 1689 1059 1757 suis,
1081 1687 1183 1755 nedum
1197 1686 1227 1742 in
1253 1686 1373 1742 aliorum
1386 1683 1464 1742 libris
1481 1681 1641 1740 defendere
1668 1681 1781 1739 veluti

138 1787 261 1844 nentium
276 1786 396 1856 inilrmo,
415 1787 452 1844 sit
471 1784 654 1851 tolerandum,
669 1784 761 1843 multo
781 1783 874 1840 minus
885 1782 938 1839 boc
991 1781 1058 1856 quid
1077 1782 1105 1838 in
1118 1778 1309 1838 eiscathnlicat
1320 1777 1428 1835 veritati
1441 1779 1624 1843 eontrarium
1640 1774 1780 1832 invenerint

139 1887 263 1953 tempore
275 1878 458 1939 diaconorum
468 1879 669 1937 incontinentia
683 1877 784 1936 alicubi
798 1885 839 1935 est
850 1875 938 1933 suile·
992 1875 1069 1933 idem
1081 1874 1164 1932 etiam
1175 1873 1356 1947 Augustinus,
1366 1871 1488 1929 sedbens
1500 1870 1538 1928 ad
1551 1872 1581 1928 S.
1599 1869 1781 1942 Hieronymum

140 1978 236 2032 reuda.
993 1973 1081 2042 (epist.
1098 1972 1137 2037 9),
1157 1984 1186 2026 ss
1201 1967 1288 2040 ipsius
1301 1975 1331 2024 et
1344 1964 1534 2039 quorumlibet
1550 1973 1715 2022 sanctorum
1727 1962 1780 2020 seri·

176 2069 219 2123 Ει
235 2067 277 2123 his
291 2082 357 2140 ergo
378 2064 535 2122 rationibus
547 2072 577 2121 tu
602 2065 663 2137 ipse
685 2064 798 2137 subigas
819 2062 885 2136 quid
903 2061 939 2119 de
993 2073 1038 2136 pta
1053 2064 1091 2120 ita
1110 2063 1198 2136 legere
1208 2069 1336 2130 testatur,
1348 2068 1379 2115 ut
1392 2068 1486 2117 tamen
1501 2058 1675 2116 nuliatenus
1687 2056 1781 2128 rsdpin

140 2157 305 2217 sacerdotali
326 2158 436 2230 tautgto
457 2172 570 2214 censere
591 2155 705 2213 debeas.
728 2155 783 2214 Sed
803 2171 861 2213 uon
882 2155 939 2228 jam
993 2155 1093 2230 siquid
1108 2155 1146 2211 ibi
1159 2165 1262 2228 apertae
1275 2153 1383 2211 veritati
1399 2153 1578 2210 contrarium
1594 2152 1723 2225 reperiat
1735 2152 1780 2207 lise

140 2251 246 2309 diutius
270 2252 298 2308 iu
322 2249 499 2323 exquirendis
521 2251 672 2308 rationibus
686 2248 863 2317 demorabor,
877 2264 941 2306 cnm
992 2250 1076 2325 igitur
1087 2248 1307 2308 consideratione
1321 2245 1620 2305 ilistoriacassiodori
1634 2243 1780 2320 estlegenla

141 2346 273 2419 quaslibet
292 2361 346 2402 una
360 2344 556 2417 praedictarum
571 2344 636 2401 satis
656 2343 844 2402 indubitanter
860 2352 941 2401 tuum
994 2349 1398 2417 (statquamnontantnmex
1412 2356 1598 2414 suapsrsona
1611 2335 1781 2415 [nomedll

141 2438 442 2511 destruatcapitulum;
459 2436 535 2510 quod
549 2454 609 2494 non
620 2453 654 2495 ex
667 2437 760 2510 aliquo
770 2438 838 2495 libro
851 2455 868 2495 a
881 2453 942 2494 sau-
993 2438 1160 2512 compesuit,
1173 2437 1287 2510 sedjam
1297 2435 1404 2494 dudum
1415 2434 1531 2493 atribns
1540 2430 1781 2494 Graecianonadse

143 2533 195 2590 ctis
215 2532 341 2590 Patribus
358 2532 536 2601 canonizato,
556 2529 607 2588 sed
621 2547 654 2587 ex
672 2531 820 2603 Tripartita
838 2546 944 2589 assunt·
995 2533 1069 2591 notis
1083 2531 1266 2604 compositam
1273 2529 1422 2598 ordinavit,
1434 2538 1462 2586 et
1474 2528 1592 2586 cuilibet
1602 2529 1702 2586 borum
1711 2528 1782 2583 mum

144 2634 224 2698 ptum
241 2633 285 2682 est
298 2625 438 2694 Humum
452 2641 515 2699 quaa
532 2625 659 2698 quamvis
672 2624 754 2681 nobis
771 2641 829 2681 non
842 2640 942 2696 parum
995 2626 1138 2700 proprium
1149 2641 1219 2698 opus
1233 2624 1389 2699 assignavit.
1407 2621 1491 2681 Unde
1502 2638 1561 2679 non
1578 2631 1641 2679 tam
1652 2620 1701 2680 sbi
1712 2634 1783 2694 quan

144 2718 179 2776 ad
197 2720 326 2777 notitiam
348 2734 443 2776 rerum
463 2726 603 2791 gestarum
624 2717 661 2775 sit
688 2718 772 2788 utilis,
797 2733 943 2791 nunquam
996 2720 1156 2778 auctoribus
1170 2719 1294 2793 ejusdem
1311 2718 1442 2775 Historias
1455 2725 1499 2774 est
1511 2710 1783 2795 imputandumqund

142 2810 392 2869 tameneiflcietut
405 2811 508 2884 aliquid
521 2811 546 2868 si
560 2808 672 2869 credam
685 2811 760 2884 quod
772 2827 860 2869 sacrae
870 2812 943 2869 Scri·
997 2815 1024 2871 in
1053 2830 1088 2871 ea
1115 2814 1252 2870 invenitur
1276 2811 1501 2885 reprobandum,
1527 2819 1581 2868 aut
1604 2809 1698 2867 forsan
1728 2806 1783 2878 lpi-

143 2913 233 2979 pmrae
246 2899 411 2979 statutisque
424 2914 585 2963 sauctorum
605 2908 729 2973 Petrum,
752 2906 810 2962 imo
831 2907 944 2978 Spiritui
999 2908 1119 2981 plrauius
1132 2906 1227 2963 nescio
1242 2907 1305 2979 quis
1318 2905 1508 2972 scholasticus,
1531 2919 1601 2961 cum
1624 2899 1784 2961 eamdemdc

142 3008 254 3070 musto,
280 2998 381 3056 borum
409 3000 527 3069 auctori,
554 2998 762 3071 deprehendam
791 2997 941 3057 adeersmi
998 3003 1095 3059 Graeco
1108 3001 1136 3057 in
1148 3001 1281 3058 Latirmm
1293 3007 1423 3065 verteret,
1438 3015 1495 3055 non
1507 2993 1784 3055 iideliterlatinisiit

142 3095 246 3151 Beatus
268 3108 370 3166 nempe
390 3093 515 3151 Gelenius
540 3109 611 3166 papa
632 3098 718 3162 (978),
739 3093 941 3165 seripturarum
959 3082 1061 3153 Cteris
1074 3093 1279 3153 commendavit
1290 3094 1366 3167 quod
1379 3101 1476 3150 umen
1490 3091 1672 3164 probabiliter
1684 3089 1783 3147 iutra

143 3186 290 3261 indagator
308 3186 517 3255 solertissimus,
540 3186 569 3243 iu
588 3186 707 3243 decretis
720 3186 787 3256 suis,
811 3186 860 3244 ubi
878 3203 944 3244 cum
996 3190 1174 3261 rescriptum
1183 3184 1784 3256 invenit(litotbtrumautemerbacrsex

144 3279 337 3338 eruditissimis
359 3295 418 3338 ιιι
442 3280 576 3352 episcopis
603 3278 775 3337 diversorum
798 3289 943 3338 auctomm
997 3283 1049 3340 sila
1059 3282 1182 3355 qualibet
1196 3297 1278 3339 causa
1287 3280 1382 3340 cadem
1397 3280 1524 3338 Historia
1535 3281 1681 3337 canonicae
1690 3275 1784 3334 usui

144 3384 204 3433 tam
217 3375 382 3434 Graecorum
395 3389 482 3448 quam
494 3373 658 3431 [annorum
672 3374 756 3432 libros
764 3375 943 3446 examinarit,
996 3392 1054 3434 non
1073 3391 1173 3449 parum
1189 3376 1345 3433 inveniatur
1358 3373 1502 3448 refragari,
1524 3382 1576 3430 tuo
1590 3372 1695 3446 judicio
1710 3370 1784 3445 pelin-

145 3477 175 3527 et
194 3468 339 3542 diligenter
359 3468 407 3540 qui
424 3483 522 3525 eorum
545 3477 639 3525 essent
659 3467 812 3539 recipiendi
835 3468 877 3526 vel
899 3484 943 3525 re-
997 3468 1137 3544 quendum
1153 3470 1275 3527 testimo.

145 3562 248 3622 nuendi
269 3561 444 3630 deliberavit,
472 3577 609 3634 nusquam
634 3560 763 3619 eamdem
788 3562 943 3619 Historiam
1033 3566 1104 3622 Cum
1117 3565 1202 3638 igitur
1215 3562 1378 3636 praedictum
1391 3570 1473 3619 tuum
1493 3568 1590 3635 caput,
1605 3558 1728 3617 nmmum
1744 3571 1783 3613 ae

142 3654 310 3728 iamdudum
321 3671 337 3712 a
349 3655 436 3712 tribus
449 3655 554 3712 Graecis
569 3655 763 3725 compositam.
782 3655 945 3728 recipiendis
998 3657 1126 3715 monitate
1139 3657 1316 3725 destitutum,
1330 3655 1448 3714 decretis
1467 3663 1632 3718 sanctorum
1645 3656 1785 3710 Pauumet

147 3747 339 3806 adnumeravit
348 3748 506 3820 scripturis,
520 3746 569 3804 sed
585 3749 675 3819 ipsam
691 3747 721 3804 in
736 3748 789 3807 boc
804 3757 854 3807 tuo
868 3749 944 3823 eapi-
999 3751 1163 3826 evangelicis
1182 3738 1264 3822 atque
1282 3749 1439 3822 apostolicis
1459 3749 1622 3821 scripturis,
1637 3748 1695 3806 imo
1711 3743 1783 3817 Spir'r

147 3843 207 3900 tulo
222 3841 404 3914 respuendam
421 3858 481 3899 esse
498 3841 673 3910 monstravit,
688 3843 788 3917 quippe
801 3844 944 3903 venerabi·
999 3846 1039 3903 tui
1051 3853 1158 3914 sancto,
1171 3844 1252 3919 cujus
1270 3844 1402 3902 instinctu
1416 3843 1476 3901 baec
1489 3843 1587 3900 omnia
1601 3841 1696 3915 procul
1714 3838 1783 3898 dubit

148 3937 211 3994 liter
228 3933 403 4008 smcipiendo
417 3942 578 3991 sanctorum
598 3938 712 3992 Patmm
729 3935 841 3994 decreta
855 3936 945 3996 eidem
1000 3948 1066 3997 sunt
1074 3939 1249 4012 deprompta,
1261 3937 1412 3995 mrdssime
1425 3937 1572 4011 probatum
1585 3937 1623 3994 sit
1631 3946 1784 4009 amentatis

147 4026 242 4104 capiti,
256 4037 287 4086 ut
299 4028 431 4100 brimus,
442 4028 552 4103 penitus
563 4028 713 4086 contraria.
1001 4032 1069 4106 quid
1083 4033 1159 4090 aliud
1179 4040 1276 4099 restat,
1297 4031 1351 4089 nisi
1369 4039 1400 4088 ut
1419 4030 1599 4104 Gregorirno
1623 4016 1784 4086 anatbsmatt

183 4125 423 4183 Fortassisautcm
439 4123 582 4181 contendis
599 4122 735 4197 praedictae
747 4122 873 4183 Historiae
885 4125 946 4184 ideo
1000 4125 1117 4184 leniatur
1135 4126 1289 4199 quicunque
1303 4123 1371 4183 illud
1386 4123 1514 4197 deinceps
1534 4132 1636 4181 eontra
1655 4120 1786 4180 monnicae

151 4235 199 4292 psr
224 4218 318 4277 omnia
339 4217 509 4275 eredendum
529 4233 599 4288 aas,
622 4218 697 4290 qnod
716 4217 895 4278 Cassiodorus
912 4234 947 4277 ex
1001 4221 1156 4278 unedone
1169 4218 1320 4278 defendere
1333 4223 1468 4277 conatur?
1489 4220 1588 4277 &sset
1599 4218 1688 4291 itaque
1701 4214 1785 4272 irater·

149 4311 453 4381 senatoremonacbus,
463 4312 507 4368 vir
517 4312 548 4370 iu
557 4311 659 4370 divinis
669 4320 697 4368 et
707 4312 838 4370 immanis
848 4313 946 4372 litteris
1001 4314 1076 4372 uitas
1089 4322 1136 4370 tua
1148 4312 1215 4371 illud
1229 4314 1342 4386 postbac
1362 4311 1557 4371 samanssimis
1570 4311 1679 4369 Nieaeni
1694 4304 1787 4367 merilli

148 4406 364 4475 smditissimus,
391 4406 527 4464 ordinavit
552 4406 692 4462 eamdem.
715 4405 771 4463 Sed
794 4406 875 4480 buius
898 4408 948 4464 viri
962 4421 987 4483 1)
1003 4407 1128 4481 capitulis
1140 4423 1336 4477 annumerare,
1360 4407 1401 4465 vel
1419 4407 1504 4464 etiam
1522 4404 1642 4478 aiicujus
1665 4398 1789 4461 memnii

4 4518 22 4533 ‘
148 4501 470 4575 persona,quantnmvis
483 4498 722 4566 veneranda,non
735 4501 945 4572 poteritannul-
999 4501 1151 4570 estimem
1180 4518 1232 4570 ue,
1258 4501 1282 4558 si
1305 4500 1373 4558 iilud
1395 4515 1445 4573 pro
1466 4499 1628 4557 authentico
1652 4495 1788 4570 necocia

149 4595 207 4653 lars
228 4595 376 4652 canonicas
396 4595 445 4651 ss.
470 4595 585 4651 Petrum
607 4592 805 4663 insumrioues,
818 4610 900 4668 quas,
915 4602 947 4651 nt
999 4594 1111 4668 Spiritui
1133 4604 1239 4664 mucro,
1266 4603 1296 4652 ut
1309 4593 1467 4668 predictum
1482 4601 1534 4662 est,
1556 4607 1714 4667 repugnans
1723 4587 1789 4665 jedi-

150 4687 282 4760 preedixi,
299 4686 456 4744 nullatenus
474 4687 618 4745 observare
634 4686 769 4757 valemus,
782 4687 807 4744 si
825 4703 874 4761 pro
888 4688 947 4761 ejus
999 4691 1083 4762 ceris,
1111 4690 1186 4764 quod
1206 4699 1347 4764 peceatum
1364 4704 1415 4747 nse
1443 4689 1488 4755 bic
1505 4704 1558 4745 nec
1586 4689 1617 4745 iu
1638 4687 1735 4745 luntre
1748 4697 1790 4741 au

151 4780 301 4838 moerentia
316 4781 408 4852 ipsum
420 4788 500 4837 mum
516 4788 599 4853 caput
610 4781 805 4855 adimplemus.
820 4784 883 4839 lion
898 4797 948 4840 eu-
1001 4784 1062 4840 culo
1077 4799 1135 4842 esse
1146 4783 1345 4841 dimittendum
1356 4790 1468 4841 conatu
1480 4782 1591 4850 (bistili.
1607 4785 1679 4849 ιιι).

336 4958 657 5024 coNtUMaLlost
680 4961 931 5027 RESCRIPYIO
950 4962 1032 5025 PRO
1051 4963 1279 5029 SUPERIOBI
1301 4961 1510 5026 CAPITULO
1525 4960 1621 5041 (981).

184 5143 350 5203 Ennaton
363 5149 461 5201 contra
475 5141 578 5201 librum
586 5144 759 5217 superiorem
772 5143 949 5206 molamsbs·
1037 5149 1101 5205 Non
1114 5147 1318 5207 ambidextrum
1340 5144 1493 5214 AodUud.
1506 5146 1554 5209 ιιι)
1572 5151 1633 5203 tam
1653 5137 1793 5216 improuiso

150 5252 205 5311 que
217 5236 351 5296 hierius
366 5235 501 5297 feneranti
516 5239 550 5307 [t.
565 5237 695 5308 versentr]
710 5240 878 5297 innotans.
1004 5241 1082 5315 quasi
1103 5241 1177 5299 inter
1194 5240 1346 5299 oscitantes
1366 5255 1448 5314 posse
1462 5236 1583 5313 opprimi
1609 5238 1713 5307 (⁹81¹),
1731 5235 1793 5291 ieta

187 5380 263 5445 (971)
283 5378 402 5434 Decreta
424 5373 460 5433 de
479 5374 642 5451 apocryphis
661 5375 826 5450 Scripturls;
845 5377 949 5450 episto·
1003 5382 1056 5447 223
1082 5386 1111 5435 et
1131 5379 1270 5448 Socrates,
1286 5376 1334 5435 lib.
1351 5392 1374 5446 1,
1395 5392 1456 5450 esp.
1479 5382 1509 5445 s,
1527 5373 1588 5432 dno
1611 5389 1648 5432 ex
1667 5372 1793 5430 tribuet

129 5524 132 5529 Ι
151 5446 241 5503 larum
251 5447 394 5517 deemtai„
408 5449 494 5506 Rom.
510 5448 576 5506 edit.
587 5455 657 5506 tom.
674 5452 697 5519 i,
712 5464 775 5523 pag.
786 5454 840 5507 itti
851 5458 948 5523 etseq.
1004 5466 1123 5523 quorum
1136 5450 1218 5508 dictis
1233 5451 1356 5535 ilistoria
1373 5448 1525 5533 impartita
1544 5446 1739 5531 eonmrrinata
1750 5445 1793 5498 su

152 5518 267 5658 affl
282 5520 565 5664 etrigprstattouem
588 5589 744 5649 cassiodori
765 5592 793 5649 in
815 5592 951 5666 Triparti-
1005 5524 1174 5665 iuoeplfflialif³
1186 5518 1794 5667 §gowozplgicghluffitgmdgxffiuimffl

154 5668 263 5806 ιιι113110)
276 5798 279 5803 ,
292 5729 423 5793 fideliter
447 5734 531 5794 vertit
551 5728 745 5808 'Epiphanius
781 5733 894 5795 Fabulae
917 5733 953 5793 de
996 5730 999 5736 '
1039 5738 1101 5804 titt
1124 5730 1313 5804 ⁸illitordium
1336 5732 1506 5809 mendosam
1524 5738 1555 5793 et
1570 5661 1795 5799 inuitatum

151 5802 310 5878 Paphnutio
335 5810 461 5865 auctores
483 5813 551 5865 sunt
569 5806 752 5878 sozomenus,
777 5804 825 5865 lib.
845 5822 869 5881 1,
888 5822 950 5881 cap.
1006 5806 1071 5868 mile
1084 5807 1136 5867 toti
1153 5808 1285 5884 epistole.
1412 5876 1415 5881 ,
