3870 6164
155 240 223 294 lose
494 230 497 237 ’
653 238 699 293 ΑΙ)
716 238 830 295 OPERA
848 238 878 293 S.
896 237 1060 295 desuetus
1076 233 1297 292 APPENDICES.
1737 232 1799 285 lose

150 363 200 429 Te,
220 360 367 418 Benediete
394 361 485 426 Pater,
508 359 630 416 moriens
657 360 717 418 lraec
741 370 818 417 curat
842 377 947 433 amare,
964 367 991 429 Α
1004 359 1099 416 Paruit
1112 358 1141 414 in
1157 355 1238 414 terris
1249 355 1332 413 nimis
1345 354 1406 413 hec
1419 356 1447 411 in
1459 370 1578 428 corpore
1596 367 1733 410 versans:

151 455 368 527 Coenobiumque
382 453 454 523 (925)
463 462 544 515 tunm
554 453 657 509 ditatur
667 469 783 525 corpore
797 454 891 528 cujus3
1004 456 1060 510 Vos
1073 451 1125 506 sibi
1137 466 1211 507 nunc
1224 464 1321 507 omnes
1332 449 1438 521 requiei
1450 448 1559 522 porgite
1571 455 1692 505 sortem.

153 548 202 605 Cui
226 562 305 619 prece
321 544 478 602 demonstra
500 546 563 603 coeli
577 562 743 619 cognoscere
755 557 857 618 portas.
1093 546 1192 600 Amen.

152 643 183 696 ln
203 656 317 698 numero
340 641 428 713 major
446 639 625 708 duodenario,
652 643 744 708 Petre,
770 645 865 698 Pastor
1057 686 1181 756 &pm
1194 697 1305 739 mm
1323 682 1417 736 mm
1430 678 1734 737 mmmm·

151 735 202 792 Cui
216 734 334 805 propriae
349 742 455 790 sortem
469 734 574 790 telluris
583 733 704 791 subdidit
724 750 857 790 omnem:

152 828 250 884 Valvas
263 836 293 884 tu
313 829 387 900 regui
403 827 454 884 sibi
484 836 611 900 prompte
626 826 714 898 pande
728 827 858 900 supemi;
1039 828 1365 874 sxnoararsocsuusrr
1377 828 1416 869 ns
1433 826 1577 869 sermo
1588 824 1794 871 sternamus

150 921 247 978 Edidit
270 921 330 979 baec
343 921 432 979 aedem
446 920 510 988 tibi,
529 920 642 989 Jacobe,
652 936 770 992 cumque
779 920 895 995 jaceret,
1305 900 1344 941 ΕΤ
1366 898 1496 940 mm·

151 1016 298 1087 Speremus
313 1015 449 1087 quamvis,
465 1013 539 1087 quod
550 1013 586 1070 ob
596 1012 651 1070 boc
663 1015 752 1085 ipsam
768 1012 838 1081 bene
847 1014 948 1082 sancis,
1002 1014 1075 1070 Pelle
1089 1015 1216 1082 timores,
1228 1030 1286 1070 non
1295 1021 1323 1069 et
1336 1012 1468 1080 bonores,
1481 1009 1605 1069 candida
1620 1012 1703 1067 Petra
1717 1012 1793 1093 (929),

151 1110 272 1165 Maxime
291 1123 356 1164 oum
377 1109 472 1165 laetum
485 1108 522 1163 sit
531 1122 610 1178 passa
625 1110 697 1176 (926)
712 1115 792 1163 tuum
806 1123 891 1179 prope
909 1106 949 1165 ie·
1002 1111 1138 1179 Tempora
1167 1106 1272 1163 dudum
1299 1122 1428 1178 prospera
1452 1105 1573 1161 multum
1600 1103 1668 1161 laeta
1686 1102 1795 1169 iercbas,

794 1203 910 1268 [stum:
1002 1198 1342 1274 Magnablatbildisquod
1353 1198 1404 1255 tibi
1419 1198 1507 1266 fluxit,
1521 1197 1748 1271 temporcmulto

152 1296 192 1351 Ut
203 1303 296 1351 tamen
311 1309 438 1351 accurras
445 1294 497 1350 sibi
511 1295 651 1366 poscimus
665 1302 730 1350 ante
742 1293 876 1351 tribunal.
1001 1296 1037 1350 Et
1057 1294 1194 1367 genitores
1214 1292 1363 1349 nobiliores
1377 1291 1464 1364 ipsius
1477 1292 1551 1348 nltro

154 1390 249 1459 Pastor
274 1387 400 1460 Apolloni
411 1386 564 1443 Matbildim
576 1402 704 1459 spernere
718 1387 785 1453 noli,
1002 1390 1041 1443 Te
1055 1394 1242 1458 peramarunt,
1258 1394 1286 1442 et
1299 1384 1467 1443 fabricarunt
1488 1384 1612 1456 deniqne
1626 1384 1713 1452 eelse3

83 1506 87 1513 ·
155 1480 194 1535 Sit
214 1480 278 1537 licet
291 1480 426 1554 injustum
439 1480 519 1554 'qnod
544 1480 656 1552 respicit
675 1485 747 1547 (est)
772 1480 831 1551 ipsa
855 1480 947 1552 sepul·
1001 1479 1151 1552 Progenies
1171 1496 1233 1552 quae
1250 1479 1310 1552 Jam
1324 1479 1508 1551 requiescens,
1521 1477 1607 1535 desiit
1616 1493 1689 1534 esse.

791 1576 913 1641 [crum,
1003 1574 1133 1644 Plangere
1145 1588 1230 1638 cessa,
1240 1571 1337 1646 gaudia
1347 1580 1450 1645 specta,
1462 1571 1550 1628 stabis
1563 1570 1697 1639 honeste,

149 1666 229 1737 Quod
255 1652 302 1722 tua
319 1666 373 1723 lert
391 1666 473 1735 ardes,
489 1683 545 1739 quo
560 1674 650 1739 patres
664 1666 723 1738 ejus
743 1665 888 1723 inhaerent.
1002 1668 1093 1724 caesar
1107 1665 1232 1733 honorat,
1247 1673 1330 1738 teque
1342 1664 1466 1732 decorat,
1482 1666 1522 1722 sis
1531 1681 1580 1721 sua
1591 1679 1712 1736 semper.
1731 1682 1739 1692 ·

149 1767 202 1816 Ast
215 1761 300 1818 altare
310 1769 389 1817 tuum
401 1768 498 1817 tamen
511 1760 570 1817 baec
588 1760 674 1818 coluit
684 1760 748 1831 quia
761 1759 892 1827 multum,
960 1755 984 1819 B
1000 1760 1130 1831 Plangere
1142 1759 1208 1830 noli,
1224 1758 1458 1816 culmenbonoris
1472 1766 1504 1816 tu
1514 1757 1661 1826 retinebis,

149 1856 222 1908 Ante
236 1854 312 1925 plum
323 1868 415 1926 regem
434 1853 540 1909 reniam
560 1852 611 1908 sibi
623 1868 705 1924 posce
719 1852 841 1909 libenter.
1000 1853 1063 1908 Alta
1076 1851 1216 1909 Matbildis
1231 1861 1340 1908 mortua
1352 1852 1428 1920 sirit,
1442 1850 1599 1925 splendida,
1611 1849 1696 1906 felix:

149 1946 233 2017 Virgo
246 1932 332 2003 Maria
350 1946 398 2002 Dei
413 1946 542 2017 genitrix,
557 1945 698 2018 noctisque
710 1944 765 2000 diei
1000 1949 1069 2019 Quae
1089 1961 1160 2004 nova
1176 1953 1265 2002 mater
1283 1961 1369 2018 regna
1383 1945 1475 2014 beata,
1489 1953 1572 2018 teque
1583 1943 1688 2008 beabit,

150 2040 218 2095 Haec
239 2039 332 2099 audire
346 2047 426 2094 tuum
443 2054 500 2095 non
521 2037 622 2093 destitit
634 2037 770 2104 cilicium,
781 2054 856 2094 nunc
1000 2042 1047 2095 Est
1063 2055 1146 2112 snper
1158 2039 1234 2095 illam
1246 2049 1494 2096 commemoratam
1507 2039 1624 2095 nomine
1638 2038 1710 2094 talis.

149 2133 205 2187 Fac
216 2139 249 2186 ut
261 2139 288 2187 te
303 2131 403 2199 rideat,
429 2131 477 2186 tibi
489 2130 601 2197 serviat,
615 2139 642 2186 et
654 2147 737 2203 super
751 2130 839 2187 aetltra
997 2133 1114 2189 Caesaris
1136 2132 1229 2189 hostes
1242 2133 1297 2188 sint
1311 2132 1406 2205 procul
1420 2148 1529 2199 omnes,
1539 2131 1601 2204 ipse
1616 2131 1712 2187 beetur

148 2223 295 2291 Omnibus,
310 2224 340 2279 in
353 2223 431 2280 eoelis
445 2222 600 2281 habitacula
611 2224 659 2294 qui
668 2223 801 2290 retinetis,
836 2288 840 2301 ¹
998 2228 1033 2280 Et
1054 2241 1103 2281 sua
1117 2224 1218 2299 conjux
1232 2224 1333 2299 fulgida
1348 2240 1462 2299 prorsus
1476 2226 1548 2281 rirat
1560 2226 1593 2282 in
1603 2241 1703 2282 aarum

482 2525 778 2618 culusum
810 2526 1119 2619 COMlTlSSAE
1152 2527 1458 2619 MATHlLDlS

447 2716 542 2795 Super
561 2719 747 2777 rummiens
765 2716 910 2777 bonerum
930 2735 1050 2778 suorum
1071 2714 1156 2795 foeta
1178 2716 1320 2778 nomana
1338 2715 1494 2778 Ecclesia.

179 3027 211 3080 ln
222 3026 334 3082 nomine
345 3033 449 3081 sanctas
459 3033 487 3080 et
500 3024 650 3081 individua
660 3024 811 3091 Trinitatis,
820 3040 892 3080 anno
903 3023 940 3080 ab
957 3024 1064 3097 cgari.
1085 3022 1139 3080 Sed
1154 3023 1215 3095 quia
1230 3021 1354 3080 chartula
1370 3039 1507 3095 nusquam
1520 3032 1648 3097 apparet,
1671 3035 1701 3082 et
1714 3026 1781 3082 anu

146 3117 628 3176 lucarnatiouellomininostrilesu
640 3117 832 3184 Christiitot,
844 3117 941 3190 quinto
996 3133 1032 3174 ne
1052 3115 1165 3172 donatio
1187 3125 1215 3172 et
1237 3116 1341 3172 oblatio
1358 3131 1421 3171 mea
1443 3117 1473 3171 in
1493 3116 1610 3174 dubium
1636 3129 1780 3182 reroceurs

144 3212 252 3269 decimo
264 3210 379 3268 dieKal.
391 3210 562 3277 Decembris,
575 3209 720 3266 indictione
732 3209 847 3267 decima.
859 3214 941 3267 Tem·
996 3210 1057 3266 ideo
1071 3225 1133 3283 ego,
1148 3225 1211 3282 quar
1229 3225 1322 3281 supra,
1337 3210 1478 3267 mmitissa
1503 3210 1654 3282 blatlrilda,
1669 3213 1781 3269 iteraret

145 3321 210 3379 pore
232 3305 328 3362 domni
342 3302 470 3377 Gregorii
490 3303 597 3376 septimi
616 3319 694 3376 papae
709 3304 737 3359 in
762 3304 940 3360 lateranensi
996 3305 1123 3376 praesenti
1139 3303 1184 3359 die
1197 3302 1270 3360 dono
1283 3312 1312 3359 et
1332 3302 1419 3360 oilero
1439 3303 1527 3360 eidem
1551 3307 1693 3364 Romanae
1712 3306 1782 3364 Facie

144 3399 254 3472 palatio,
270 3399 298 3454 in
311 3396 414 3469 capella
427 3399 536 3455 Sanctae
559 3398 665 3467 Crucis,
676 3398 703 3452 in
718 3398 862 3469 praesentia
873 3400 942 3453 Cen·
995 3399 1042 3455 siae
1068 3413 1116 3469 per
1135 3413 1253 3453 manum
1267 3397 1398 3453 Bemardi
1412 3395 1560 3455 cardinalis
1583 3407 1612 3455 et
1627 3400 1707 3471 legati
1727 3401 1782 3474 eju

144 3493 178 3547 cii
197 3490 379 3564 Frangipane‚
397 3491 534 3561 Gratiani,
547 3490 639 3547 cencii
655 3491 809 3547 Franculini
822 3490 941 3547 etlilbe·
994 3490 1059 3547 dem
1076 3494 1210 3547 Romanae
1229 3491 1367 3559 Ecclesiae,
1383 3491 1455 3547 sicut
1474 3491 1501 3546 in
1521 3490 1571 3548 illo
1586 3500 1715 3566 tempore
1725 3492 1780 3559 aad,

145 3585 195 3640 rici
205 3584 240 3640 de
252 3588 332 3641 Petro
342 3587 447 3650 Leone,
458 3593 485 3639 et
499 3584 660 3648 Beniucasa,
672 3583 764 3640 fratris
777 3583 941 3654 ejusUberti
995 3601 1043 3657 per
1054 3600 1171 3641 manum
1183 3583 1291 3640 domini
1307 3584 1442 3657 Gregorii,
1458 3586 1554 3642 omnia
1569 3585 1646 3644 bona
1657 3603 1728 3656 mea,
1737 3596 1781 3644 tsu

143 3676 178 3732 ds
192 3677 301 3742 Tuscia,
313 3685 339 3731 et
353 3676 473 3733 aliorum
485 3677 613 3747 plurium.
633 3679 689 3748 Ego
720 3677 870 3743 blathildis,
885 3677 937 3734 Dei
994 3693 1057 3750 quse
1071 3694 1143 3733 nunc
1156 3676 1253 3745 habeo,
1269 3692 1353 3749 quam
1366 3693 1428 3746 qum
1448 3678 1476 3734 in
1490 3687 1649 3750 posterum,
1672 3684 1781 3754 osope

143 3769 469 3841 gratia,comitissa‚pro
490 3769 613 3824 remedio
628 3769 727 3826 animae
750 3785 820 3827 mete
849 3778 940 3841 etpa-
996 3772 1073 3844 pitio,
1093 3771 1260 3844 acquisitura
1274 3787 1346 3839 sum,
1368 3779 1398 3827 ct
1417 3779 1475 3829 tam
1492 3787 1524 3828 ea
1538 3788 1601 3846 quse
1611 3791 1649 3832 ex
1663 3775 1715 3832 bac
1724 3780 1782 3848 parts

144 3870 253 3917 rentum
267 3877 392 3918 meorum
408 3861 468 3917 dedi
483 3870 509 3916 et
522 3861 608 3916 olrtuli
627 3862 750 3918 ecclesiae
764 3862 854 3918 Sancti
868 3862 941 3918 Petri
995 3865 1144 3933 montium,
1166 3880 1249 3937 quam
1273 3864 1301 3920 in
1316 3864 1531 3922 ultramontanis
1556 3869 1689 3939 partibus
1701 3867 1779 3929 babet.

144 3955 380 4026 perinterueutum
391 3953 485 4009 domui
493 3953 617 4024 Gregorii
627 3969 703 4024 papae
711 3955 941 4011 Vllomniaboua
995 3959 1202 4031 quamquain
1228 3966 1380 4028 postemm,
1402 3963 1460 4016 Deo
1475 3961 1608 4032 propitio,
1632 3963 1781 4037 acquisitus

143 4064 215 4115 mea,
237 4048 300 4119 jure
319 4046 496 4119 proprietario
518 4056 577 4103 tam
598 4062 659 4118 quae
680 4055 747 4103 tunc
775 4046 940 4117 habueram,
994 4069 1055 4107 sum
1074 4053 1128 4107 alio
1154 4066 1318 4123 quocunque
1328 4052 1401 4124 jure,
1426 4067 1476 4125 pro
1493 4056 1624 4112 mercede
1639 4053 1781 4114 etremeslio

143 4157 228 4213 quam
249 4156 357 4213 eaquae
372 4141 400 4196 in
423 4148 503 4197 antea
518 4139 681 4213 acqrrisitura
697 4157 784 4210 eram,
806 4141 861 4197 sive
879 4141 941 4214 iure
994 4145 1094 4201 animae
1106 4159 1177 4200 meas
1190 4151 1217 4201 et
1231 4153 1375 4217 parentum
1390 4161 1528 4202 meorum.
1546 4149 1619 4217 Quas
1641 4148 1783 4207 autemists

142 4234 328 4299 successionis,
343 4235 399 4289 sive
414 4234 467 4289 alio
486 4248 652 4306 quocunque
663 4235 727 4307 jure
740 4235 775 4291 ad
792 4251 836 4291 me
854 4236 939 4307 perti·
995 4253 1056 4293 mea
1071 4238 1140 4292 bona
1154 4237 1221 4306 juris
1235 4237 1291 4293 mei
1311 4239 1437 4310 superius
1457 4238 1541 4309 dicta,
1557 4258 1617 4299 una
1630 4258 1698 4300 cum
1710 4254 1783 4299 sem·

142 4336 221 4394 nent,
243 4336 271 4382 et
293 4336 352 4383 tam
366 4342 407 4395 ea,
423 4342 485 4398 quae
501 4342 534 4382 ex
550 4326 602 4383 bac
617 4320 694 4399 parte
709 4328 845 4384 montium
855 4328 937 4386 habe
990 4330 1122 4399 sionibus,
1145 4347 1194 4387 seu
1211 4347 1276 4387 cum
1289 4332 1477 4404 superioribus
1490 4339 1517 4389 et
1531 4334 1715 4395 inferioribus
1731 4348 1780 4393 me

142 4422 218 4489 bam,
239 4436 321 4493 quam
336 4421 380 4477 illa
396 4436 457 4490 nuae
480 4421 507 4476 in
520 4421 735 4479 ultramontanis
751 4422 873 4493 partibus
897 4422 935 4480 ad
952 4406 978 4468 D
993 4440 1066 4491 rum,
1079 4424 1198 4498 qualiter
1207 4440 1291 4498 supra
1304 4425 1390 4500 legavi
1411 4432 1497 4496 (929),
1511 4428 1543 4483 in
1552 4428 1781 4503 integramus·

140 4531 186 4571 me
202 4515 334 4586 pertinere
355 4513 529 4578 ridebantur,
552 4514 645 4571 omnia
669 4515 740 4571 sicut
759 4514 865 4572 dictum
886 4523 938 4582 est,
993 4516 1048 4585 die,
1063 4517 1093 4572 in
1112 4518 1208 4574 eadem
1222 4517 1432 4586 ecclesiadono,
1447 4520 1591 4591 etoliere,
1614 4530 1644 4580 et
1659 4541 1708 4597 per
1723 4537 1781 4595 prr·

143 4624 189 4679 per
205 4623 320 4665 manum
335 4607 441 4664 domiui
449 4606 574 4680 Gregorii
590 4610 640 4663 Vll
650 4623 727 4681 papae
738 4609 874 4666 Romanae
887 4611 938 4665 Ec-
991 4618 1097 4667 sentem
1112 4610 1262 4668 chartulam
1274 4611 1427 4669 offertionis
1437 4612 1540 4672 ibidem
1550 4614 1782 4684 habendarum)

141 4699 231 4757 clesiae
244 4699 308 4760 dedi
323 4707 352 4755 et
372 4699 483 4766 tradidi,
499 4709 528 4756 et
550 4700 704 4758 chartulam
730 4700 794 4758 inde
815 4700 874 4759 fieri
889 4718 937 4758 ro·
992 4703 1138 4761 confirmo.
1155 4707 1270 4778 insuper
1292 4721 1340 4779 per
1360 4706 1513 4775 cultellum,
1540 4707 1677 4768 lestucarn
1698 4708 1779 4768 no&-

175 4842 249 4905 (ets)
272 4837 382 4895 Scilicet
396 4836 609 4897 Padolironense
621 4839 715 4897 Sancti
724 4839 877 4907 Benedicti,
889 4839 936 4898 ubi
1026 4849 1098 4911 (926)
1122 4843 1233 4915 corrige
1257 4843 1403 4900 eanostris
1425 4844 1588 4904 codicibus:
1616 4848 1780 4906 0111111111

142 4910 230 4975 primo
240 4909 406 4965 tumulatum
419 4910 479 4980 ejus
488 4926 598 4982 corpus,
611 4921 671 4968 tum
682 4912 745 4968 inde
754 4911 806 4969 sub
821 4912 935 4970 Urbano
991 4918 1027 4970 sit
1038 4931 1131 4987 passo.
1150 4919 1232 4971 Mna.

140 4984 205 5037 Vlll
223 4980 351 5053 pontifice
369 4983 490 5037 Romam
512 4985 684 5038 translatum.
701 4984 770 5040 Cum
789 4982 879 5040 adbuc
899 4983 934 5040 ad
1026 4991 1099 5052 (927)
1114 4986 1271 5053 Cedant,
1286 4990 1402 5058 respuit.
1432 4987 1581 5071 Displicuit
1615 4990 1720 5049 scilicet
1740 5003 1780 5043 su·

139 5054 246 5110 Padum
269 5054 328 5121 ejus
347 5052 472 5107 tucrulus
502 5054 619 5109 intactus
649 5062 831 5125 permaneret,
861 5069 934 5110 anno
989 5057 1141 5131 ctoriqued
1159 5057 1411 5114 Matbildissenon
1425 5058 1636 5131 jussrtinarce
1654 5060 1780 5120 0111111111

141 5130 221 5191 1919,
237 5123 281 5179 dic
296 5128 330 5178 22
352 5124 435 5185 iunii,
454 5124 493 5178 uti
514 5124 645 5196 scripturn
669 5140 702 5179 eo
717 5136 839 5196 tempore
861 5126 933 5183 inve·
989 5129 1104 5198 sepeliri.
1125 5132 1214 5186 Lern.

139 5196 198 5263 nic,
220 5195 273 5250 dux
290 5198 457 5249 iliautnanus
471 5193 629 5253 curiositate
642 5196 741 5252 ductus
754 5211 846 5251 arcam
860 5193 932 5252 iran·
1023 5204 1096 5270 1928)
1109 5200 1141 5256 ld
1154 5209 1195 5255 est
1209 5202 1340 5266 Canossa,
1361 5216 1409 5256 seu
1427 5202 1591 5271 Genusium,
1615 5218 1666 5261 err
1676 5201 1779 5261 anua

142 5268 170 5338 gi
188 5267 280 5335 jnssit.
299 5267 396 5320 Visum
417 5265 454 5320 ibi
473 5266 575 5323 nobilis
589 5283 622 5324 ac
634 5268 818 5323 celeberrimae
832 5267 888 5322 vira
909 5269 933 5323 i·
987 5286 1067 5341 super
1077 5270 1181 5327 silicem
1191 5269 1363 5328 albicantem.
1377 5274 1443 5329 Haec
1453 5283 1548 5331 alitem
1563 5277 1673 5332 bonizo
1684 5273 1778 5335 scribit

138 5339 181 5392 nis
194 5352 293 5408 carpus
307 5337 455 5462 integrum,
484 5352 515 5392 os
529 5348 665 5408 apertum,
690 5339 818 5394 dentibus
836 5284 931 5396 111151-
985 5341 1049 5413 quia
1064 5356 1136 5397 anuo
1155 5347 1221 5397 1116
1238 5344 1371 5398 Hernicus
1391 5344 1455 5399 Vin
1478 5344 1586 5401 ltaliam
1611 5344 1778 5411 ommim,

138 5408 268 5471 dissirriis,
285 5416 312 5462 et
326 5424 364 5463 nu
378 5410 402 5462 lo
415 5424 448 5462 er
463 5409 504 5463 eis
515 5425 640 5466 excusso.
656 5409 833 5466 Sudariolum
854 5409 930 5466 faciei
984 5421 1072 5468 totam
1087 5412 1139 5467 sibi
1158 5413 1282 5469 attribuit
1303 5412 1494 5471 haereditatem
1507 5416 1665 5475 comitissas
1678 5413 1777 5473 Marii·

135 5480 307 5550 impositum,
322 5480 365 5535 vix
380 5480 727 5541 manibuseontrectatum.
747 5480 775 5537 in
791 5481 930 5553 pulverem
984 5483 1037 5549 dis,
1062 5492 1143 5553 atque
1158 5483 1227 5540 inter
1241 5494 1339 5542 caetera
1355 5485 1446 5556 ipsam
1464 5486 1632 5547 canossam.
1649 5490 1732 5546 11111.

135 5551 211 5606 abiit.
223 5552 428 5607 Ornamentum
445 5566 508 5606 vero
522 5552 619 5624 capitis
634 5554 836 5625 incorruptum,
851 5552 932 5625 qna!
1019 5559 1092 5620 (929)
1106 5557 1233 5626 vulgaris
1247 5572 1344 5612 comm
1359 5566 1518 5626 temporum
1528 5556 1653 5619 formula
1663 5567 1705 5617 est

135 5622 164 5677 in
176 5622 234 5694 ejus
245 5621 360 5692 picturis
372 5620 504 5687 cernitur,
520 5637 552 5678 ac
566 5625 700 5695 praecipue
714 5639 796 5696 super
819 5620 929 5680 Padoli-
984 5626 1046 5683 liter
1058 5640 1144 5697 aspro
1164 5628 1280 5697 irritum
1296 5635 1323 5683 at
1345 5642 1379 5684 ue
1394 5627 1487 5685 itabic
1500 5628 1692 5690 scribendum.
1732 5640 1774 5685 us.

134 5709 249 5749 renense
272 5692 437 5762 sepulcrum,
453 5703 481 5747 et
490 5694 564 5763 apud
578 5694 754 5751 marchiones
764 5694 929 5771 Canossinos
1020 5697 1094 5769 (920)
1110 5699 1144 5753 In
1164 5699 1299 5769 ejusmodi
1323 5714 1338 5753 c
1360 5699 1427 5755 artis
1440 5698 1599 5759 meadum
1621 5702 1722 5762 usitata
1739 5700 1773 5754 111

39 5774 42 5779 ·
133 5765 285 5837 Regiense
296 5763 433 5834 patricios.
450 5764 530 5820 Mus.
982 5770 1153 5827 notariorum
1165 5768 1291 5828 iormula.
1307 5771 1392 5829 Mna.
1699 5798 1718 5835 s
