3870 6164
203 303 236 356 sn
815 297 844 355 e.
865 297 1056 354 aumonius
1070 297 1120 354 vu
1139 298 1238 354 nien.
1464 248 1467 253 ⁴
1819 291 1853 345 sa

204 423 332 494 occurrit,
352 423 390 481 ad
411 425 543 480 ottonem
577 422 815 480 Constantiensam
831 423 999 495 Episcopum
1011 428 1039 490 A
1051 422 1170 497 guendo,
1185 419 1367 490 obsecrando,
1391 418 1555 492 increpando
1571 433 1637 474 cum
1658 417 1734 473 omni
1750 415 1853 489 patien-

204 516 389 590 directaque
402 516 438 572 ita
453 515 583 572 sehabet.
1054 519 1090 574 tia
1112 526 1139 574 et
1157 514 1281 572 doctrina
1295 520 1435 586 portatum
1461 512 1509 569 sed
1523 527 1554 567 ex
1568 518 1634 568 tunc
1658 509 1732 582 iusta
1751 508 1854 565 ultione

242 617 286 670 st.
302 633 315 660 ι
336 610 483 682 Gregorius
500 609 766 681 episcopusservus
781 623 924 687 servorum
939 609 1000 679 Dei,
1055 610 1137 668 divini
1152 609 1202 665 zeli
1217 617 1387 681 exportatus,
1407 606 1557 663 secundum
1571 603 1694 660 ordinem
1706 618 1787 675 quem
1798 602 1855 658 suis

206 705 305 763 dilecto
318 704 346 761 in
362 702 472 759 Christo
496 701 572 759 tratri
592 702 698 770 Ottoni,
718 702 917 759 constantiensi
936 702 1001 776 Epi·
1055 704 1191 762 ultoribus
1204 703 1261 775 ipse
1281 701 1416 757 Dominus
1440 715 1488 771 per
1501 697 1672 754 Ezechielem
1686 695 1854 768 Prophetam

206 813 301 869 acopo,
319 796 434 853 salutem
455 804 483 852 et
503 793 690 867 apostolicam
712 794 938 852 benedictionem.
959 798 1004 851 lu·
1056 797 1187 865 ostendit,
1202 795 1294 852 dicens
1314 797 1362 849 :lt
1382 793 1536 849 sanctuario
1561 805 1624 847 meo
1651 790 1770 862 incipite.
1792 788 1855 845 Cla-

206 890 307 947 stantia
322 889 483 946 nuntiorum
496 895 619 955 tuorum,
648 910 661 937 »
682 895 734 944 eto.
753 889 822 945 Vide
835 889 912 961 insrn
932 892 1004 944 inter
1057 907 1120 948 mor
1130 905 1247 961 namque
1261 887 1446 945 Sodomorum
1462 895 1489 942 et
1510 884 1749 942 Gomorrheorum
1769 897 1856 953 usque

206 983 380 1054 ‘immis-
394 982 527 1053 Grtdffi'l‘·
1057 985 1092 1042 ad
1107 985 1190 1057 ipsius
1224 981 1415 1038 Pontificatum
1440 979 1635 1051 multiplicatus
1665 975 1753 1034 iuerat
1773 976 1856 1031 nimis

243 1082 287 1133 tt.
304 1076 362 1146 Qua
379 1089 443 1130 vero
464 1072 635 1130 contumacia
655 1073 868 1146 prenominatus
891 1075 1004 1147 Episco-
1058 1081 1123 1145 (iso.
1142 1093 1164 1146 ι,
1180 1076 1207 1148 9)
1224 1075 1313 1131 :ineo
1328 1072 1428 1129 scilicet
1446 1070 1520 1143 quod
1538 1068 1658 1142 praedicti
1679 1068 1799 1125 haeretici
1813 1084 1857 1124 eo·

151 1180 163 1193 ‘
207 1184 259 1242 pus
279 1166 393 1224 decretis
415 1165 579 1223 mluturibus
593 1167 774 1235 resultaverit,
798 1168 838 1223 vel
865 1167 953 1240 potius
965 1169 1005 1224 iu·
1058 1185 1175 1242 rumque
1186 1169 1318 1235 fautores,
1333 1167 1416 1222 nimia
1437 1163 1565 1238 peccandi
1579 1164 1699 1219 libertate
1709 1161 1856 1230 etiraenati,

208 1261 357 1328 sultaverit,
380 1274 496 1331 sequens
517 1259 635 1331 Epistola
662 1259 761 1334 prodit.
793 1284 807 1310 ι
845 1262 1004 1334 Gregorius,
1059 1273 1202 1339 peccatum
1222 1277 1304 1318 suum
1329 1260 1401 1318 sicut
1417 1258 1537 1316 Sodoma
1567 1255 1783 1330 praedicaverunt
1805 1271 1857 1311 nec

209 1368 306 1410 servus
332 1367 475 1409 servorum
502 1353 563 1422 Dei,
595 1355 650 1424 (tii)
676 1354 771 1410 ottoni
805 1354 1005 1412 constantiensi
1061 1356 1263 1414 absconderunt
1278 1373 1285 1411 ι
1301 1355 1426 1425 ideoque,
1450 1353 1501 1408 nisi
1527 1352 1664 1408 Dominus
1687 1348 1856 1406 exercituum

208 1445 356 1518 Episcopo,
375 1445 491 1502 salutem
513 1454 541 1503 et
564 1447 748 1519 apostolicam
780 1447 1005 1505 benedictionem.
1060 1451 1212 1524 reliquisset
1224 1448 1302 1505 nobis
1325 1463 1418 1504 semen
1438 1444 1660 1516 incorruptionis,
1671 1442 1749 1513 quasi
1769 1440 1858 1497 Sodo-

212 1537 272 1594 Peri
279 1546 355 1595 utum
370 1547 411 1595 est
423 1538 458 1595 ad
468 1541 558 1605 Νοε,ι
575 1549 627 1597 etc.
647 1542 717 1599 Vide
729 1545 801 1597 inter
812 1543 950 1612 epistolas.
1062 1561 1105 1601 ma
1122 1544 1279 1610 fuissemus,
1299 1550 1326 1598 et
1337 1541 1414 1614 quasi
1428 1537 1585 1597 Gomorrha
1604 1537 1709 1593 similes
1721 1549 1855 1590 essemus.

247 1637 291 1687 3³.
308 1633 359 1688 Hic
372 1632 452 1688 clero
476 1635 616 1706 etpopulo
628 1633 775 1692 demandat
793 1649 829 1691 ne
842 1634 1006 1691 inobedienti
1098 1644 1142 1694 88.
1169 1638 1225 1693 llac
1245 1634 1318 1691 hma
1334 1631 1534 1706 justificationis
1565 1629 1683 1703 instigati
1707 1626 1850 1684 Babenber

211 1723 346 1796 Episcopo
367 1724 504 1782 obediant.
533 1749 545 1774 ι
566 1727 713 1799 Gregorius
735 1728 897 1799 Episcopus,
914 1742 1008 1784 servus
1061 1746 1158 1804 gauses
1177 1728 1270 1785 Clerici
1286 1728 1351 1800 (30),
1369 1725 1524 1784 detulerunt
1537 1723 1572 1780 ad
1586 1738 1665 1780 aures
1685 1721 1745 1794 eius
1767 1721 1858 1776 Simo·

211 1831 353 1874 servorum
377 1817 436 1887 nei,
462 1818 571 1875 clericis
585 1827 614 1876 et
638 1821 727 1877 Laicis
741 1821 891 1892 maioribus
911 1830 938 1878 et
957 1822 1007 1877 mi·
1026 1798 1172 1881 Bniircum
1182 1822 1325 1879 introitum
1338 1818 1574 1891 Pseudo-episcopi
1586 1817 1636 1884 sui,
1658 1815 1771 1872 nomine
1788 1816 1860 1870 Her-

212 1911 326 1966 norihus
339 1911 367 1967 ln
379 1911 578 1969 Constantiensi
601 1915 765 1986 Episcopatu
786 1915 1007 1984 consistentibus,
1062 1918 1165 1974 manni.
1180 1920 1216 1972 itt
1228 1916 1285 1985 ille,
1299 1921 1437 1971 contracta
1450 1928 1506 1968 non
1528 1909 1642 1967 minima
1663 1909 1777 1980 pecunia
1799 1923 1859 1980 pre·

211 2002 393 2060 Christianam
406 2004 492 2077 legem
507 2005 688 2079 diligentibus,
703 2009 819 2064 salumin
844 2016 871 2064 et
890 2014 1007 2080 Aposto-
1063 2011 1123 2068 tiosi
1137 2010 1236 2066 metalli
1257 2018 1285 2066 et
1301 2006 1453 2064 vestimenti
1479 2005 1568 2076 copia,
1583 2003 1703 2076 speravit
1718 2000 1859 2074 Apostoli-

212 2094 292 2151 licam
316 2095 541 2154 benedictionem.
569 2100 695 2157 Misimus
712 2102 798 2158 Fratri
819 2111 925 2168 nostro,
946 2102 1007 2173 Epi·
1063 2120 1126 2162 cnm
1141 2105 1258 2177 rigorem
1274 2101 1433 2158 muneribus
1447 2097 1563 2155 emolliri
1577 2111 1656 2169 posse
1672 2115 1678 2150 :
1692 2104 1720 2151 et
1728 2094 1861 2167 approxi-

212 2202 295 2261 scopo
310 2198 409 2261 nuuc,
424 2191 531 2262 ottoni,
545 2216 558 2242 ι
574 2203 627 2251 etc.
649 2195 722 2251 Vide
748 2198 823 2250 tuter
837 2197 966 2266 epistolas
978 2196 1006 2252 S.
1063 2213 1141 2253 mans
1169 2199 1278 2260 Eomae,
1295 2194 1416 2250 exoravit
1444 2190 1623 2247 venerabilem
1641 2191 1699 2257 (at)
1723 2189 1861 2244 Herman-

214 2281 347 2352 Gl'et‘ltl'l'·
1062 2306 1141 2357 uum,
1164 2287 1293 2346 Metensis
1316 2285 1445 2343 Ecclesia
1471 2285 1637 2355 Episcopum
1653 2279 1861 2352 etApostolicsa

250 2381 293 2431 tt.
309 2376 354 2433 Ad
365 2377 472 2449 laicos,
487 2395 536 2452 pro
558 2380 723 2453 exequendis
735 2382 922 2453 superioribus
934 2382 1007 2438 insti·
1063 2382 1138 2439 Sedis
1150 2383 1296 2454 Legatum,
1312 2379 1358 2452 qui
1369 2388 1435 2436 tuno
1445 2376 1566 2447 tortelin)
1582 2375 1742 2431 societatem
1756 2373 1860 2429 itineris

213 2469 288 2525 tutis.
307 2471 486 2545 «Gregorius
504 2474 775 2547 episcopusservus
793 2490 934 2532 servorum
946 2477 1007 2546 Dei,
1064 2475 1205 2544 inciderat,
1216 2475 1255 2532 uti
1266 2490 1295 2529 se
1311 2473 1345 2529 ad
1358 2470 1508 2528 Dominum
1525 2471 1626 2542 Papam
1642 2467 1761 2553 praeiret,
1773 2475 1801 2522 et
1814 2466 1860 2522 in·

213 2561 334 2620 Rodullo
346 2566 415 2621 Duci
432 2567 549 2636 Suevire,
563 2576 645 2640 atque
658 2568 807 2625 Bertboldo
819 2569 890 2626 Duci
909 2571 1008 2626 Caren-
1064 2569 1225 2626 tercederet.
1242 2566 1323 2640 Quod
1347 2581 1412 2623 cum
1430 2571 1599 2630 attentasset,
1613 2570 1642 2618 et
1660 2561 1788 2617 humanae
1801 2558 1861 2631 pla-

213 2663 289 2722 tano,
305 2658 421 2715 salutem
447 2669 475 2716 et
497 2662 684 2735 Apostolioam
710 2661 926 2719 benedictionem
941 2669 1010 2731 (tt).
1064 2663 1183 2720 cationis
1208 2677 1263 2718 non
1277 2676 1386 2733 parvam
1409 2657 1552 2714 materiam
1572 2653 1661 2711 affore
1675 2653 1860 2726 designasset3

213 2748 318 2806 Scimus
353 2752 484 2824 quoniam
529 2755 673 2826 pmdentia
709 2763 796 2812 vestra
828 2756 1011 2813 miserabilem
1065 2756 1106 2813 vir
1116 2756 1216 2827 justus,
1238 2762 1364 2811 excutere
1386 2764 1485 2808 manus
1505 2764 1568 2807 suas
1595 2749 1629 2804 ab
1654 2747 1730 2803 omni
1746 2760 1861 2802 munere

213 2842 374 2900 Christiam
395 2845 531 2919 religionis
544 2848 740 2905 desolationem
759 2849 904 2922 perspicaci
918 2859 1010 2906 mente
1063 2850 1172 2918 solitus,
1189 2857 1295 2906 uterat
1309 2848 1335 2903 in
1349 2846 1469 2903 conclavi
1489 2860 1540 2901 suo
1555 2842 1670 2916 positus,
1685 2840 1785 2912 Spiritu
1799 2854 1862 2894 san·

101 2943 103 2947 ’
213 2937 364 3009 perpendit,
379 2961 393 2988 e
412 2949 465 2996 etc.
489 2942 642 2999 theinter
655 2943 794 3011 epistolas.
1064 2953 1109 3000 cto
1119 2958 1148 2999 se
1163 2942 1357 3009 inflammante,
1372 2937 1512 3011 respondit
1527 2956 1533 2992 :
1550 2938 1604 2993 Fac
1613 2951 1689 3000 eum,
1706 2933 1728 2990 si
1741 2933 1861 3004 aliquam

250 3035 295 3085 ³5.
307 3033 377 3086 item
389 3032 422 3088 ad
433 3033 531 3089 Leicos
552 3049 602 3105 pro
611 3034 708 3090 iisdem
720 3035 859 3090 institutis.
880 3036 1010 3109 «Grego
1065 3035 1188 3092 fidelium
1213 3034 1440 3090 communionem
1463 3031 1527 3087 velit
1559 3028 1693 3095 obtinere,
1715 3026 1743 3083 in
1769 3034 1862 3098 partes

213 3122 271 3178 rius
295 3123 455 3196 Episcopus,
479 3140 574 3182 servus
603 3141 746 3183 servorum
769 3128 831 3195 Dei,
856 3127 954 3184 dilecto
982 3129 1009 3184 in
1063 3145 1127 3186 suas
1140 3128 1237 3194 redire,
1249 3134 1277 3183 et
1289 3126 1446 3182 monasticae
1464 3124 1565 3197 regulas
1588 3121 1741 3180 districtum
1760 3119 1861 3191 iugum

215 3213 324 3270 Christo
344 3213 399 3272 tilio
409 3224 437 3271 et
446 3215 615 3274 nobilissimo
627 3219 725 3276 comiti
741 3219 903 3287 Adelberto,
913 3228 941 3276 et
952 3222 1011 3294 ejus
1027 3192 1050 3253 C
1066 3220 1222 3295 paenitendo
1236 3219 1325 3276 subire
1341 3239 1348 3275 ι
1362 3219 1500 3291 quoniam,
1511 3216 1644 3290 propitius
1654 3215 1689 3271 sit
1701 3212 1769 3270 mihi
1783 3215 1861 3268 Deus

214 3308 303 3378 uxori,
318 3309 434 3366 salutem
453 3312 679 3384 etApostolioam
698 3312 925 3370 benedictionem.
942 3314 1008 3372 Gra·
1064 3317 1088 3373 si
1114 3314 1228 3372 domum
1243 3314 1325 3371 istam
1361 3313 1427 3368 mihi
1451 3312 1577 3385 impleret
1600 3324 1667 3366 auro
1687 3315 1713 3363 et
1735 3314 1861 3378 argento,

214 3401 321 3459 tiaDeo
334 3398 488 3471 referimus,
504 3414 583 3462 sete.
597 3407 668 3464 Vide
678 3408 728 3462 ubi
741 3423 839 3479 supro.
976 3433 978 3437 ·
1064 3424 1216 3481 nunquam,
1246 3422 1290 3463 me
1324 3407 1525 3472 consentiente,
1547 3401 1699 3476 Episcopali
1734 3398 1863 3471 iungetur

255 3501 299 3552 tt.
323 3498 365 3554 Ut
382 3499 474 3555 nullus
500 3499 610 3556 obediat
631 3501 770 3573 Episcopis
781 3500 893 3574 praefata
911 3509 1011 3558 statuta
1065 3503 1170 3561 officio.
1181 3503 1244 3559 Hoc
1256 3500 1346 3572 itaque
1359 3499 1444 3556 modo
1456 3507 1483 3555 et
1498 3499 1550 3555 iste
1563 3496 1737 3554 Simoniacus
1750 3491 1862 3550 submo-

213 3590 449 3648 contemnentibus
470 3593 509 3649 vel
524 3594 731 3666 negligentibus.
748 3619 760 3642 o
778 3594 935 3667 Gregorius,
950 3610 1009 3651 ser·
1065 3607 1109 3655 tus
1121 3605 1163 3654 est
1185 3613 1200 3652 a
1221 3594 1390 3653 sacerdotio.

107 3718 110 3727 -
215 3697 264 3738 vus
286 3698 428 3740 servorum
448 3685 508 3753 Dei,
530 3686 658 3742 omnibus
678 3687 788 3743 Clericis
814 3695 841 3743 et
862 3687 952 3744 Laicis
983 3688 1011 3744 in
1369 3705 1490 3761 CAPUT
1523 3706 1557 3760 v.

214 3790 298 3847 regno
312 3778 525 3833 Teutonicorum
538 3779 702 3849 constitutis,
715 3780 830 3837 salutem
844 3790 871 3838 et
891 3789 1009 3853 Aposto-
1066 3803 1222 3873 σθω-μηρὼ
1254 3803 1284 3854 p,
1310 3802 1396 3854 „pam
1413 3801 1442 3855 s,
1469 3798 1606 3866 Gregorii,
1648 3792 1860 3863 comprehensio

215 3868 293 3924 licam
306 3868 531 3928 benedictionem.
547 3872 709 3930 Audivimus
720 3874 795 3947 quod
814 3876 925 3950 quidam
947 3879 1010 3948 Epi·
1366 3874 1392 3925 el
1420 3870 1553 3925 liberatio·

215 3964 444 4036 ⁸⁰⁰P⁰¹¹¹¹¹¹⁸i¹¹¹d
457 3980 508 4021 V⁰⁸
520 3967 760 4038 ⁰⁰mm⁰f³⁰ll¹1m2
776 3992 789 4019 »
811 3978 863 4027 etc.
882 3975 951 4029 Vide
963 3979 1012 4031 ulit
1102 3980 1146 4034 ³9.
1160 3975 1222 4031 tam
1246 3989 1310 4031 vero
1332 3972 1448 4045 qualiter
1466 3970 1641 4026 inimicorum
1663 3963 1784 4032 handen,
1802 3971 1862 4018 ten·

215 4069 313 4127 'm‘
1065 4069 1192 4138 tationes,
1205 4067 1335 4140 pericula,
1348 4065 1539 4132 detractiones,
1555 4061 1706 4127 irrisiones,
1720 4057 1863 4129 captiones

252 4153 296 4204 ³⁷·
312 4152 369 4207 ΗΒΕ
381 4148 517 4222 Epistotas
536 4162 678 4224 prosecuta
705 4164 755 4226 est,
772 4158 831 4229 ipso
851 4160 1011 4231 praesidente
1066 4163 1206 4220 custodias
1230 4169 1342 4234 propter
1350 4174 1453 4216 nomen
1464 4156 1590 4223 Domini;
1614 4163 1763 4227 postremo,
1777 4149 1864 4221 quali·

216 4242 495 4315 ssffl⁰l⁸¹⁵⁸sl¹¹⁰d⁰⁸t
511 4246 539 4301 ΠΙ
553 4263 617 4318 qua,
633 4247 701 4304 siout
725 4259 798 4323 gesta
815 4251 899 4324 ipsius
926 4255 1012 4310 conti·
1065 4265 1117 4321 ter,
1130 4253 1389 4326 DominiJ'uvamine
1404 4260 1431 4309 et
1438 4249 1636 4308 sustentatione
1652 4245 1865 4319 Apostolorum-

216 4336 442 4403 nent,scntentla
461 4338 641 4396 anathematis
661 4340 725 4398 data
748 4344 835 4400 estin
860 4361 957 4402 omnes
969 4349 1009 4405 Si·
1066 4365 1118 4421 que
1132 4347 1284 4405 comitante
1310 4343 1451 4418 suffragio,
1469 4349 1567 4417 Reges,
1582 4345 1734 4415 Tyrannus,
1762 4341 1861 4404 Duces,

216 4427 356 4485 moniacos
367 4438 395 4485 et
416 4430 563 4488 Nicolaitas
575 4432 725 4502 hereticos,
753 4437 798 4508 qui
816 4438 842 4493 in
857 4420 956 4496 erroris
970 4443 1010 4498 sui
1066 4443 1216 4514 Principes,
1247 4441 1456 4511 animarumque
1485 4436 1629 4494 hominum
1673 4432 1862 4504 captivatores,

215 4531 288 4579 tecta
308 4522 435 4592 indurati,
460 4525 635 4597 synodalibus
656 4529 818 4586 Sanctorum
833 4534 943 4603 Patrum
969 4534 1012 4592 de·
1028 4537 1052 4598 D
1067 4545 1208 4592 voratores
1219 4555 1226 4602 ς
1239 4534 1349 4606 insuper
1363 4534 1451 4606 lupos,
1467 4528 1629 4606 Antichristi
1645 4525 1771 4583 videlieet
1783 4521 1862 4578 mini-

190 4694 195 4703 ·
214 4613 427 4689 finitionibussset
449 4619 636 4677 Decretalihus
656 4637 752 4678 eorum
778 4626 887 4681 statutis
900 4627 1016 4685 scienter
1068 4638 1151 4696 stros,
1167 4627 1401 4701 archiepiscopos,
1419 4626 1579 4698 Episcopus,
1599 4627 1627 4678 et
1640 4621 1760 4693 reliquos
1775 4616 1865 4672 Eccle-

215 4708 411 4780 inobedientes,
437 4719 679 4787 apostatarumque
699 4716 845 4787 pertinacia
871 4720 909 4776 eis
930 4723 1015 4777 recal-
1067 4723 1191 4779 siasticos
1199 4735 1357 4794 pervasores
1367 4718 1532 4776 fortissimus
1542 4716 1644 4772 athleta
1653 4713 1705 4770 Del
1715 4709 1862 4783 superavit,

215 4802 352 4870 citrantas,
366 4802 496 4861 studioet
510 4807 649 4863 voluntate
671 4802 851 4882 refragantur.
876 4815 1016 4871 Eccesac·
1067 4831 1239 4889 nequaquam
1267 4813 1373 4870 silentio
1407 4811 1541 4885 praeterire
1566 4809 1680 4881 dignum
1718 4804 1862 4862 ducimus:

215 4911 265 4952 cus
285 4896 450 4953 stercoribus
470 4899 567 4971 plenus
591 4901 701 4972 (Erech.
727 4917 750 4972 r,
775 4909 813 4972 9),
840 4914 953 4963 eatenus
972 4923 1014 4963 ar·
1066 4916 1267 4983 qnatenustam
1290 4904 1470 4978 praesentibus
1479 4918 1562 4977 quam
1578 4899 1765 4958 subsecuturis
1777 4897 1815 4953 sit
1837 4895 1865 4949 in

252 5049 307 5118 (28)
324 5051 416 5133 Partes
430 5052 543 5107 Henn‘ei
560 5054 641 5123 Rapis
652 5056 729 5121 fouet
750 5056 820 5119 Otto,
852 5064 1015 5129 quopropter
1067 5058 1308 5128 hioguntinum,et
1331 5055 1479 5112 Henricum
1494 5055 1608 5124 Regem,
1624 5058 1651 5105 et
1664 5059 1728 5104 sunt
1746 5046 1866 5130 Epistola

215 5125 471 5186 eceommunvcctus,
495 5125 527 5178 e'n
550 5127 664 5179 callium
687 5129 786 5182 tunsus
806 5143 877 5182 anno
893 5132 973 5199 4074,
989 5137 1015 5187 et
1067 5129 1164 5202 prima,
1185 5127 1315 5197 secunda,
1334 5134 1361 5182 et
1374 5126 1450 5181 tertia
1477 5123 1537 5179 libri
1565 5121 1647 5177 tertii.
1664 5120 1814 5177 Fruscluus
1827 5126 1866 5199 art

211 5196 275 5263 post
297 5191 364 5246 dnos
377 5208 462 5248 annos
485 5196 515 5248 ln
536 5199 809 5253 encommunt'cutione
829 5207 962 5265 mortuus,
986 5208 1014 5258 et
1066 5201 1139 5327 guod
1164 5199 1272 5255 tandem
1315 5196 1513 5252 monasterium
1552 5191 1804 5250 Swartzachianum
1837 5204 1867 5244 sn

214 5262 328 5345 Baetice
353 5265 484 5345 sepultus.
514 5267 554 5321 ita
580 5266 736 5324 Chronicon
766 5270 1013 5330 Constantienseu
1089 5268 1331 5337 ranciaOrientali,
1347 5269 1374 5324 id
1394 5267 1609 5330 estFrancouia,
1624 5263 1789 5340 intraverim

215 5335 336 5389 Pictono
349 5333 465 5390 editum.
1102 5348 1157 5408 (st)
1188 5345 1341 5396 Hermanno
1375 5341 1505 5408 Episcopo
1535 5338 1648 5394 Materni
1689 5335 1866 5389 commiserat

252 5404 305 5475 (29)
316 5406 364 5459 Est
377 5405 489 5476 epistola
501 5412 536 5464 45
548 5407 646 5465 tibris.
1066 5415 1094 5470 S.
1110 5411 1259 5483 Gregorius
1274 5410 1345 5465 vices
1357 5423 1419 5464 suas
1441 5410 1469 5463 in
1490 5423 1571 5463 causa
1586 5405 1710 5477 Episcopi
1735 5401 1866 5459 bamber-

246 5475 301 5544 (30)
313 5478 466 5533 Hermanno
479 5480 669 5550 Bamberpensi
680 5482 780 5555 scripta
796 5491 837 5540 est
849 5482 963 5567 epistola
976 5492 1012 5541 sl
1066 5485 1166 5557 gensis,
1179 5490 1207 5537 ut
1217 5482 1318 5537 dicitur
1330 5481 1410 5536 citata
1423 5481 1503 5550 epist.
1520 5484 1554 5532 st
1573 5478 1590 5533 l.
1610 5483 1634 5531 t.
1651 5477 1745 5533 Eidem
1758 5471 1867 5544 scripsit

64 5594 72 5603 ,
125 5603 132 5617 ,
215 5545 274 5601 libri
293 5552 304 5600 l
323 5562 376 5629 qua
392 5550 501 5606 monuit
518 5565 592 5606 eum.
612 5554 726 5620 Vemm,
744 5553 919 5628 quiajudicio
934 5556 1012 5614 Sedis
1065 5554 1145 5628 epist.
1174 5546 1867 5624 ssi.1,eptst.setar‚insputato,et

101 5644 118 5657 ἰ
212 5619 380 5690 Apostolrcaa
394 5634 424 5675 se
434 5620 577 5689 subtraxit,
600 5631 627 5679 et
643 5625 796 5682 simoniace
814 5627 957 5682 ecclesiam
972 5627 1012 5683 in·
1065 5627 1143 5698 epist.
1159 5624 1231 5692 aul.
1243 5629 1270 5686 8,
1286 5625 1315 5679 in
1330 5623 1428 5695 quibus
1439 5620 1510 5675 varia
1527 5620 1563 5675 illi
1584 5618 1743 5685 committit,
1762 5616 1868 5672 atinus·

213 5691 282 5744 rasit
295 5689 409 5772 ejusque¹
425 5689 497 5747 bona
519 5692 689 5777 dilapidavit,
711 5713 775 5780 qum
791 5697 943 5780 Gregorius
960 5713 1011 5753 ex·
1065 5706 1110 5753 cat
1129 5695 1319 5753 auctoritatem
1342 5695 1420 5750 Sedis
1440 5691 1606 5762 apostolicae
1626 5690 1653 5746 in
1675 5688 1865 5746 exeommuni-

210 5769 433 5841 communrcavrt,
444 5764 636 5822 etsacerdotalr
651 5767 746 5824 otlioro
759 5776 883 5840 privant,
900 5769 1011 5825 utscri-
1064 5769 1151 5826 cando
1168 5767 1286 5823 Henrico
1304 5769 1391 5839 Rege.

211 5828 260 5903 brt,
274 5831 309 5889 ad
329 5833 552 5908 Eambergenses,
574 5837 745 5910 Segeiridum
765 5838 1010 5912 archiepiscopum
