3884 6158
63 5464 80 5493 Ι

124 4628 127 4634 .
144 4558 252 4616 Diensis
265 4560 382 4632 episcopi
396 4560 518 4617 Turonis
530 4559 628 4618 debeat
639 4560 786 4634 proticisci,
799 4569 827 4618 et
840 4577 939 4619 convo·

143 228 193 282 333
273 268 277 275 .
485 224 514 281 s.
534 221 695 280 3333333
714 220 761 275 33
780 205 878 274 33313
896 205 1034 274 ornauit
1052 216 1138 276 rsus
1156 217 1176 276 1.
1196 247 1232 260 -
1249 218 1450 276 naotsrauu.
1604 186 1607 191 ’
1737 215 1791 271 sot

142 365 196 425 que
208 351 388 419 restituimus,
404 365 436 407 ea
448 347 563 423 quidem
579 349 685 406 ratione
698 352 731 403 31
743 358 826 418 supra
838 356 939 417 corpus
952 345 979 411 Α
1242 345 1418 402 uersuots
1432 345 1534 400 Xvilt.

144 445 230 503 sancti
240 446 312 503 Patri
322 445 428 517 juraret
441 442 494 499 hoc
507 441 590 501 modo
607 462 614 499 :
1172 453 1213 496 sn
1235 452 1409 496 snrscornrr
1430 452 1611 497 srrnnnssrr.

180 562 192 588 a
209 541 265 612 Ego
285 539 423 594 Manasses
440 537 585 594 Remensis
597 535 815 609 archiepiscopus
828 549 880 608 pro
893 549 938 593 su·
1284 528 1375 600 (anno
1402 527 1493 598 tota.)

143 633 235 706 perbia
249 647 304 689 nou
318 629 410 686 dimisi
433 629 509 703 3331
522 646 581 688 333
600 629 720 688 venerim
742 627 778 686 ad
800 627 937 703 synodum
991 621 1794 694 1111133311011331111111111111111111111111011611111,

145 723 432 797 atrgnstodunensem,
450 722 582 798 adquam
601 739 646 782 me
664 723 776 781 Diensis
795 722 938 796 episcopus
1026 694 1796 841 ffgffifflssiuaeqmgmvgssffiffiffffm

144 819 256 874 vocavit.
271 818 298 874 Si
311 826 425 876 vocatus
438 819 536 876 333113
548 818 588 875 331
606 818 704 875 litteris
719 817 880 890 apostolicae
893 833 939 874 33-
1027 841 1077 893 ppp
1093 839 1200 908 9jfcrap,
1215 843 1241 892 ,p
1255 841 1287 893 ,3,
1300 840 1390 908 officpo
1403 853 1451 893 ,uo
1471 837 1593 911 „swam
1608 842 1634 893 0,
1653 835 1795 894 swam,

142 907 287 978 11313333,
312 910 390 967 33113
415 912 488 967 maio
516 911 626 984 ingenio
640 911 755 969 3133113
774 909 872 968 fraude
891 927 938 968 me
1028 916 1180 980 appareat.

140 1002 312 1073 subtraham,
329 1004 378 1062 sed
392 1005 501 1062 veniens
516 1003 672 1062 diidnitioni
692 1013 721 1062 at
736 1004 842 1078 judicio
856 1004 939 1077 hujns
1029 1003 1625 1077 (1133331333331333333,333333333333333
1634 1001 1796 1070 113111313-

141 1097 271 1156 Eoeiesioe
288 1097 405 1156 fideliter
419 1097 557 1155 obediam.
582 1098 699 1169 Quodsi
723 1099 837 1155 domino
862 1114 939 1172 papae
994 1111 1065 1154 3333
1078 1097 1199 1169 Spirensi
1216 1098 1345 1171 episcopo
1358 1098 1476 1156 satutem
1491 1106 1519 1154 31
1537 1095 1721 1170 apostolicam
1741 1095 1791 1154 be·

141 1191 277 1265 Gregorio
293 1192 333 1249 rei
344 1192 494 1251 successori
506 1208 557 1250 333
569 1193 706 1266 placuerit
717 1207 763 1250 me
774 1191 808 1250 de
825 1191 939 1265 obiectis
993 1190 1189 1249 nedietionem.

141 1293 204 1342 ante
215 1286 337 1360 legatum
352 1302 433 1344 suum
447 1286 625 1361 respondere,
641 1286 714 1344 idem
732 1302 781 1360 per
795 1286 940 1344 31331313-
1029 1284 1098 1356 Quia
1117 1285 1146 1343 ia
1165 1287 1339 1357 susceptione
1361 1286 1497 1359 Spirensis
1510 1284 1642 1343 Ecclesiae
1662 1300 1796 1343 veremur

26 1424 49 1473 ',
140 1380 223 1436 ciam.
238 1379 393 1438 Thesauros
407 1389 510 1451 autem,
526 1389 698 1450 ornamenta,
714 1389 742 1438 et
758 1380 860 1453 praeuia
879 1384 938 1439 lie-
992 1386 1123 1436 teoontra
1137 1378 1277 1437 decretum
1291 1379 1526 1453 apostolicaesedis
1538 1379 1642 1453 virgam
1656 1378 1691 1436 de
1704 1394 1794 1436 manu

139 1474 244 1531 mensis
261 1474 387 1532 1133133133
405 1475 471 1532 mibi
483 1476 640 1533 commissae
652 1474 689 1532 ad
702 1474 838 1532 honorem
853 1475 939 1548 ipsius
992 1473 1063 1545 regis
1087 1473 1207 1531 scienter
1228 1490 1260 1531 ac
1283 1473 1427 1531 temerarie
1447 1472 1612 1546 suscepisse,
1637 1472 1795 1546 episcopale

141 1567 269 1626 1133133113
278 1567 394 1627 iideiiter
403 1569 537 1639 13331313,
550 1578 579 1626 31
591 1567 939 1644 adresistendurajustitiaa
994 1565 1116 1623 oiiieium
1129 1566 1260 1625 13313333
1274 1575 1301 1624 13
1324 1583 1404 1641 agere
1418 1583 1474 1625 non
1495 1566 1693 1625 concessimus.
1708 1567 1793 1638 Quod

141 1675 175 1720 ea
194 1678 251 1719 non
271 1662 441 1722 abaiienabo.
460 1687 473 1713 s
993 1660 1016 1716 si
1026 1659 1178 1718 secuudum
1190 1661 1270 1735 133311
1284 1662 1324 1718 131
1337 1660 1421 1718 verba
1433 1660 1575 1720 decretum
1586 1668 1717 1718 nostrum
1726 1667 1793 1717 ante

177 1757 288 1830 Hugoni
302 1773 412 1831 333333
425 1757 570 1815 bisuntino
583 1757 799 1831 archiepiscopo,
814 1759 878 1831 quia
899 1757 941 1814 iit·
954 1745 979 1810 B
993 1755 1180 1812 investituram
1195 1770 1245 1828 pro
1259 1764 1334 1812 certo
1345 1771 1401 1812 non
1415 1755 1578 1829 cognovisti,
1594 1752 1720 1812 31131333
1734 1754 1795 1826 epi·

141 1856 208 1908 term
223 1852 322 1923 quibua
341 1852 505 1909 invitabatur
523 1851 559 1910 ad
573 1852 739 1926 synoduma
758 1851 862 1909 clericis
883 1851 940 1909 3313
993 1851 1102 1921 scopate
1119 1848 1238 1907 faciendi
1258 1849 1416 1907 facultatem
1434 1857 1462 1906 et
1480 1849 1620 1906 licentiam
1634 1847 1683 1904 tibi
1696 1863 1795 1904 33333·

141 1952 255 2002 retentae
267 1954 295 2002 31
305 1946 423 2003 nonsibi
439 1953 558 2004 3313333
570 1945 689 2016 fucrant,
704 1961 838 2018 suspenso
855 1946 883 2003 in
897 1961 940 2002 ea·
994 1942 1101 2013 dimus,
1114 1959 1147 2000 33
1161 1953 1255 2001 133333
1264 1952 1359 2002 133333
1370 1953 1400 2002 31
1410 1951 1565 2016 opportuno
1572 1952 1697 2015 tempore
1707 1941 1795 1999 nobis

143 2039 319 2112 demsynodo
328 2039 480 2112 episcopale
490 2039 615 2097 31131333
625 2038 805 2108 reddidimus,
818 2037 869 2096 hac
878 2055 942 2096 con·
994 2037 1036 2094 vei
1050 2036 1145 2110 tegatis
1158 2039 1259 2095 3331313
1283 2037 1317 2095 13
1341 2037 1454 2111 objectis
1468 2046 1495 2093 te
1520 2035 1725 2094 satisfacturum
1748 2050 1795 2092 re-

142 2130 245 2188 ditione
258 2132 332 2204 quod
347 2131 446 2189 debeat
456 2149 486 2189 33
499 2132 534 2190 13
548 2133 664 2207 objectis
675 2148 770 2190 coram
784 2133 874 2205 iegato
888 2149 940 2190 no·
995 2138 1153 2204 presentes.
1165 2135 1199 2187 iit
1213 2132 1279 2205 3313
1293 2132 1319 2188 13
1338 2132 1474 2188 Romanis
1489 2131 1618 2200 coneiiiis,
1637 2138 1696 2187 tam
1709 2145 1727 2186 a
1743 2145 1795 2187 no·

143 2234 211 2293 stro,
226 2227 250 2282 si
264 2228 289 2283 ci
301 2227 392 2283 visum
406 2225 501 2296 133311,
517 2243 582 2283 eum
592 2225 777 2300 suffraganeis
791 2235 838 2284 aut
849 2228 939 2284 couvi·
994 2225 1037 2282 bis
1055 2242 1140 2299 quant
1169 2226 1204 2282 ab
1224 2227 1443 2284 antecessoribus
1466 2226 1576 2294 nostris,
1603 2224 1796 2298 promulgatas

142 2319 209 2376 cinis
221 2321 355 2392 episcopis
373 2336 533 2393 expurgare.
551 2320 682 2377 Richerio
704 2336 768 2377 vero
789 2321 940 2378 senonensi
994 2319 1202 2376 constitutiones
1214 2335 1280 2388 non,
1294 2319 1365 2376 sicut
1382 2318 1484 2388 decuit,
1504 2328 1669 2376 reservasse
1681 2333 1795 2392 compe-

142 2412 346 2485 archiepiscopo
364 2412 545 2471 interdictum
559 2413 700 2472 reddimus
717 2412 851 2471 oiircium.
874 2416 940 2470 Pro·
993 2414 1090 2482 rimus,
1108 2413 1232 2471 videlieet
1249 2423 1280 2471 31
1298 2429 1411 2471 omnem
1430 2414 1605 2472 venalitatem
1619 2411 1654 2470 de
1675 2412 1793 2470 3331113

141 2506 296 2563 misitenim
312 2507 339 2563 in
353 2522 438 2564 manu
451 2516 545 2564 nostra
558 2509 643 2580 3331,
656 2509 714 2564 3133
726 2523 774 2580 per
788 2525 816 2564 se
826 2508 883 2564 sive
892 2523 940 2578 per
994 2515 1042 2564 133
1057 2507 1180 2580 ejiceres,
1200 2507 1373 2581 negligentias
1390 2523 1448 2564 non
1471 2523 1560 2580 parrae
1583 2505 1789 2565 fraternitatem

143 2600 272 2657 nuntium
284 2616 378 2671 suum,
396 2616 520 2668 eausam,
540 2617 589 2673 pro
605 2602 706 2673 quaed
721 2600 859 2674 synodum
874 2615 941 2674 prm·
995 2608 1074 2658 tuam
1085 2618 1200 2676 arguere
1211 2601 1796 2674 possumus.Iindcapostoiieaauctoritatc

142 2693 191 2750 1311
203 2694 281 2768 iegati
293 2695 380 2752 nostri
396 2711 454 2751 non
468 2696 549 2764 venit,
566 2710 658 2751 coram
673 2695 773 2752 eodem
792 2695 881 2768 iegato
893 2693 949 2752 de·-
994 2695 1197 2764 interdicimus,
1211 2695 1305 2768 ejectis
1317 2695 1370 2752 11113
1380 2697 1428 2768 331
1443 2695 1472 2751 in
1486 2694 1610 2752 Ecclesia
1623 2702 1670 2750 tun
1681 2709 1731 2766 per
1745 2709 1793 2768 pe·

142 2788 364 2860 beatexponere,
379 2795 407 2844 et
419 2788 446 2844 in
458 2789 574 2862 negotiis
588 2788 777 2845 33313313311313
792 2804 842 2861 333
860 2804 941 2861 33333
995 2789 1104 2845 cuniam
1125 2790 1245 2860 promoti
1271 2797 1352 2858 sunt,
1370 2797 1402 2847 31
1422 2804 1513 2862 33333
1534 2787 1793 2857 archidiaconatus,

142 2896 194 2938 suo
212 2880 356 2959 3333111333
371 2889 399 2938 31
414 2881 542 2938 auxilium
555 2881 673 2939 11311133
687 2891 714 2938 31
727 2881 868 2939 humiliter
888 2881 938 2938 sibi
995 2898 1083 2955 neque
1106 2883 1398 2955 archipresbyteratus,
1417 2898 1507 2955 neque
1531 2881 1637 2956 aliquid
1660 2881 1738 2954 3331
1757 2881 1794 2939 31

143 2972 314 3046 impendere,
339 2975 454 3048 ejusque
480 2975 604 3032 animum
629 2975 747 3048 piscare.
773 2974 940 3033 Goteiredus
994 2977 1163 3051 spirituatem
1185 2972 1280 3034 curam
1302 2976 1426 3034 videatur
1451 2977 1597 3049 pertinere,
1622 2975 1709 3049 pretio
1732 2975 1796 3034 1331

54 3083 61 3090 ·
143 3075 236 3126 autem
249 3068 425 3125 carnotensis
439 3069 597 3141 episcopus,
610 3068 675 3141 3313
692 3083 750 3125 333
764 3068 894 3125 133113133
911 3075 940 3125 31
956 3070 1148 3186 Cpermittam
1164 3069 1211 3127 sed
1223 3068 1372 3127 secundum
1389 3069 1502 3125 Domini
1515 3077 1684 3142 preceptum
1696 3067 1796 3128 dicen·

142 3160 242 3217 absens
257 3159 400 3235 iudicatus
421 3160 519 3231 iuerat,
547 3161 696 3234 episcopati
718 3160 811 3218 311313
825 3177 840 3217 3
859 3160 940 3218 nobis
993 3173 1048 3222 us:
1069 3165 1319 3236 133113333313113,
1335 3166 1422 3233 protis
1436 3165 1499 3220 1313
1511 3165 1618 3236 11131111.
1628 3168 1669 3232 x),
1685 3170 1712 3220 te
1726 3163 1797 3221 irre·

142 3254 286 3311 restitutus
299 3262 355 3323 est,
375 3254 427 3312 boc
448 3255 560 3327 quidem
574 3262 670 3311 tenore
696 3254 772 3328 3331
793 3270 876 3311 causa
891 3269 941 3313 sua
994 3256 1212 3332 prehensibiiiter
1224 3258 1340 3323 habens,
1354 3266 1381 3314 31
1396 3258 1510 3315 31331333
1522 3273 1578 3315 333
1590 3264 1663 3315 33313
1670 3255 1794 3314 31333133

143 3355 207 3404 ante
225 3347 347 3422 legatum
358 3357 485 3406 nostrum
500 3348 598 3406 debeat
610 3349 753 3407 retractari
766 3357 848 3422 31333
866 3347 941 3406 diiii·
994 3352 1082 3425 rigore
1102 3352 1231 3424 pastoraii
1253 3353 1404 3425 corrigens,
1419 3354 1492 3409 31331
1510 3352 1575 3410 oiim
1597 3351 1742 3425 negiigens
1765 3358 1796 3408 31

143 3441 206 3498 3131.
232 3441 385 3500 bichardus
413 3443 593 3515 biturigensis
615 3442 853 3516 archiepiscopus,
877 3443 941 3515 3313
993 3444 1147 3503 desidiosus
1171 3445 1261 3515 131311,
1287 3447 1326 3502 113
1352 3444 1483 3519 deinceps
1507 3446 1535 3503 in
1550 3444 1795 3503 administratione

143 3534 212 3591 irato
224 3536 329 3604 animo,
344 3544 372 3591 31
384 3551 440 3592 333
452 3536 575 3608 synodali
586 3536 701 3609 judicio,
722 3535 826 3595 dimisit
849 3536 939 3593 Eccle-
993 3539 1110 3611 suscepti
1127 3536 1210 3595 311311
1224 3538 1340 3612 vigilans
1354 3548 1382 3594 et
1394 3539 1538 3597 studiosus
1552 3553 1705 3613 appareas:
1724 3554 1794 3613 333·

142 3627 211 3683 siam
226 3644 316 3695 suam,
328 3629 431 3700 virgam
444 3636 472 3685 et
488 3627 623 3684 annulum
642 3629 754 3701 recepit,
774 3629 941 3701 promittens
992 3634 1109 3700 tenpsin
1124 3632 1179 3689 133
1190 3633 1253 3690 vitae
1266 3641 1322 3690 tuae
1336 3633 1557 3704 omnipotentem
1566 3634 1725 3689 Dominum
1738 3632 1802 3690 cie·

142 3732 171 3776 se
187 3719 221 3774 de
233 3719 348 3792 objectis
361 3735 456 3776 coram
473 3720 563 3793 iegato
578 3729 675 3778 nostro
698 3720 866 3780 satisfacere.
883 3726 939 3779 lto·
993 3724 1794 3800 3333133331331333133313333333131313331113131113113-

141 3810 261 3883 duipbus
273 3813 440 3870 'Itrronensis
455 3813 684 3887 archiepiscopus,
701 3816 764 3887 quia
777 3815 875 3889 legatas
894 3831 939 3873 ae·
993 3820 1060 3877 3131.

143 3915 283 3961 curatores
295 3920 351 3961 non
364 3905 469 3976 habuit,
481 3904 642 3963 sacerdotali
653 3916 681 3964 et
690 3908 836 3980 episcopati
847 3906 939 3964 311313
1028 3916 1099 3970 Data
1113 3913 1329 3972 nonadecima
1343 3922 1441 3987 quarto
1462 3912 1604 3972 Kalendas
1619 3913 1737 3988 Aprilis,
1755 3915 1797 3974 iu·

145 3997 288 4055 restitutus
300 4006 352 4067 est,
363 3999 448 4056 etiam
458 4000 593 4073 episcopis
604 4001 652 4072 331
662 4015 726 4056 eum
735 4008 941 4071 accusaverant,
992 4006 1147 4065 3113313333.

145 4091 180 4148 ab
200 4092 374 4150 accusatione
390 4092 595 4162 deficientibus,
610 4101 638 4150 31
659 4092 723 4166 3313
739 4108 821 4151 causa
841 4109 891 4151 sua
905 4095 941 4151 ab
1250 4097 1425 4155 sutstoua
1443 4099 1529 4154 Xlx.

143 4192 312 4243 antecessore
331 4193 426 4242 nostro
447 4185 537 4244 beatas
560 4186 700 4243 memoriae
721 4185 878 4245 Alexandro
898 4203 942 4245 re-
1103 4203 1144 4248 33
1161 4204 1357 4248 3333331333
1377 4205 1482 4248 seusu
1501 4203 1683 4249 suctosutt.

143 4285 258 4335 tractata
274 4286 303 4336 ct
314 4277 496 4336 determinata
512 4278 616 4350 iuerat,
631 4278 777 4338 ridebatur
792 4280 868 4354 3331
884 4296 941 4338 non
1288 4288 1381 4350 (Anno
1403 4286 1494 4354 1018.)

143 4370 204 4428 3133
221 4380 295 4430 33313
311 4373 486 4430 accusatione
503 4373 615 4431 deberet
630 4375 783 4431 retractari.
798 4372 885 4432 Nobis
898 4382 941 4432 13·
997 4382 1164 4447 1333133333
1177 4379 1292 4446 mittere,
1306 4383 1337 4433 31
1349 4379 1493 4450 1111333133
1506 4384 1532 4434 31
1547 4382 1592 4450 pie
1608 4382 1748 4436 acuminat
1758 4395 1795 4436 ca

143 4480 207 4522 men
233 4467 322 4523 risum
345 4466 397 4523 1311
424 4467 497 4540 3331
520 4466 626 4540 legatus
650 4475 744 4524 333133
764 4482 829 4524 eum
849 4469 980 4558 tagaton
1030 4449 1795 4577 ffifflgfflwffimwmsspiffwffiffltffwfflw

1029 4536 1155 4648 3313121313
1169 4593 1214 4648 ito
1232 4536 1525 4664 eumprosspfisegsgsstffaut
1542 4536 1632 4649 esttricr‘t'r‘rs
1644 4525 1797 4666 apogeum

142 4666 206 4708 3333
217 4666 314 4710 omnes
333 4653 525 4726 suffraganeos
539 4654 690 4728 episcopos,
701 4670 752 4712 nec
765 4670 821 4712 non
836 4655 939 4713 cierunt
1030 4666 1139 4719 muneri
1149 4666 1311 4736 reperiatur,
1326 4667 1434 4719 3331133
1443 4665 1515 4719 otius
1525 4666 1648 4720 cuuour'ee
1663 4666 1792 4735 eitpotm

37 4732 39 4739 ’
89 4764 92 4770 ·
144 4752 172 4802 31
189 4745 330 4818 poputum,
347 4754 416 4802 etex
429 4755 506 4819 parte
519 4746 592 4804 beati
606 4749 678 4805 Petri
693 4749 940 4809 iiioscommonere
1030 4756 1372 4830 Gsaeoavusepiscopus,
1386 4757 1794 4823 servasservorumDei,fiu1·

143 4845 175 4894 ut
188 4837 415 4912 333111333133133
427 4838 510 4896 133311
522 4840 564 4898 331
578 4840 721 4899 ordinatus
733 4845 867 4901 veraciter
880 4860 941 4916 pro·
994 4863 1109 4908 1133333
1128 4851 1185 4926 regi
1198 4851 1349 4923 angiorum
1371 4850 1488 4907 salutem
1505 4858 1534 4907 et
1546 4850 1726 4924 apostolicam
1744 4850 1793 4909 bs·

143 4929 253 4987 1133133
268 4953 275 4989 :
295 4938 335 5001 ut,
351 4931 374 4988 si
392 4933 522 4990 claruerit
540 4949 604 4991 eum
626 4934 660 4992 de
671 4933 789 5008 objectis
806 4939 938 4995 innocen·
993 4942 1186 5001 nedietionem.

143 5031 201 5080 tem
208 5038 279 5094 esse,
293 5025 408 5098 quaetio
420 5026 601 5085 accusationis
612 5043 670 5086 suae
682 5029 797 5086 omnino
813 5029 941 5103 deinceps
1030 5035 1120 5093 011311
1144 5037 1232 5094 333131
1252 5053 1319 5094 3333
1341 5037 1424 5110 exigit
1445 5046 1477 5094 ut
1497 5037 1619 5095 ecelesiis
1632 5035 1796 5111 pastoribus

32 5164 45 5177 ,
143 5117 275 5190 sopiatur.
289 5118 440 5175 Sinautem
455 5120 866 5191 certissime,etundedubitari
881 5138 940 5183 non
995 5128 1110 5187 viduatis
1133 5130 1251 5188 sollicite
1264 5130 1409 5188 subvenire
1432 5146 1618 5206 properemus.
1642 5130 1714 5204 Quia
1728 5145 1796 5190 vero

143 5210 228 5284 possit
240 5219 338 5268 eontra
352 5227 416 5269 eum
426 5213 619 5271 testimonium
637 5214 735 5273 datum
748 5214 841 5286 133311,
856 5231 940 5275 cano-
994 5224 1064 5281 inter
1081 5239 1169 5297 regas,
1183 5233 1244 5282 tum
1261 5240 1340 5283 more
1351 5224 1503 5284 honestatis
1513 5241 1566 5298 333
1578 5225 1660 5293 nites,
1676 5232 1743 5282 tum
1760 5224 1796 5282 ii·

143 5303 206 5361 nica
219 5304 354 5362 sententis
366 5305 485 5365 feriatur·
994 5318 1078 5376 baraii
1092 5317 1238 5391 prudentia
1257 5335 1311 5392 333
1323 5321 1456 5388 muniris,
1477 5329 1505 5378 tc
1521 5320 1629 5393 speciali
1642 5318 1796 5378 dilectione
1825 5324 1832 5347 '

178 5401 280 5456 Actum
294 5399 394 5458 Romae
407 5401 524 5475 septimo
533 5405 588 5475 [vr]
599 5400 667 5460 1133
675 5404 776 5476 Martii,
790 5404 939 5467 indictione
993 5412 1198 5484 ampieeu'mur,
1214 5411 1329 5486 dignum
1342 5421 1384 5470 est
1401 5419 1432 5470 ut
1455 5414 1584 5471 1133133113
1608 5413 1796 5487 3331333113

29 5568 41 5583 ‚
147 5490 246 5571 Psima-
993 5521 1079 5580 regno
1092 5504 1185 5564 divina
1206 5504 1384 5580 dispositione
1397 5508 1445 5565 tibi
1460 5507 1611 5566 commisso
1635 5506 1796 5582 specialiter

992 5613 1087 5658 cavere
1109 5598 1282 5657 studeamus.
1298 5599 1379 5658 Unde
1401 5600 1622 5674 uotbomrgensi
1647 5599 1794 5671 Eeciuin,

992 5692 1194 5767 quamdudum
1207 5702 1318 5765 pastore
1332 5692 1506 5764 destitutam,
1524 5691 1690 5768 3333111133
1708 5692 1797 5766 impr·

993 5785 1279 5861 1133133311313333,
1296 5802 1457 5849 succurrere
1473 5786 1528 5846 hoo
1547 5783 1796 5864 amouimus·
