3870 6164
197 260 246 315 arr
519 234 564 308 's.
582 228 744 308 nuscetur
763 250 809 307 vu
827 252 924 307 nire
942 250 1080 306 ocunuu
1106 251 1193 307 rins
1212 253 1232 307 r.
1250 282 1285 295 -
1304 250 1509 307 hesternus.
1542 264 1546 277 ·
1796 252 1851 306 sar

9 460 14 471 Ι
95 378 98 383 ’
162 352 165 357 ¹
198 380 343 439 manifesta
363 377 553 450 indignatione
575 376 662 433 etim
681 391 763 447 super
789 376 872 431 istum
887 375 994 431 inflam-
1009 380 1035 441 Α
1051 375 1167 433 libenter
1189 375 1330 433 intellectu
1355 376 1476 448 capiunt,
1500 382 1528 430 et
1550 381 1644 431 tenere
1666 374 1852 433 contendunt.

199 483 291 532 matus
302 482 354 531 est.
374 475 544 546 Egressoque
558 469 592 526 ab
607 469 676 527 urbe
687 469 827 542 episcopo,
841 469 922 541 paulo
936 477 998 541 post
1051 473 1120 527 llam
1136 469 1176 527 illi
1197 469 1245 542 qui
1269 479 1381 543 propter
1392 468 1536 544 lucrandas
1552 468 1658 525 animas
1671 467 1790 541 episcopi
1803 484 1851 525 vo·

199 567 299 624 milites
314 567 384 640 ejus,
405 573 499 638 utpote
514 580 570 621 non
593 565 750 637 ignorantes
762 564 929 620 voluntatem
949 562 997 619 do'-
1052 563 1104 621 eati
1124 571 1152 619 et
1165 564 1307 621 constituti
1330 571 1406 631 suot,
1420 569 1449 620 et
1474 560 1599 619 subditos
1621 577 1687 619 suos
1711 563 1797 619 verbo
1825 569 1854 620 et

199 662 281 728 mini,
295 658 360 716 hnic
374 674 488 717 omnem
502 658 679 715 securitatem
693 657 872 730 abnegavere,
886 665 913 713 et
925 656 998 712 intra
1053 658 1178 730 exemplo
1201 658 1274 715 viam
1293 656 1412 715 veritatis
1432 656 1532 714 docere
1549 655 1695 726 deberent,
1715 655 1760 712 bis
1785 665 1854 712 tenr-

200 756 350 813 elaustrum
362 753 388 810 ei
402 752 501 810 minati
515 761 579 809 sunt
592 752 621 807 in
635 751 745 808 faeiem.
763 755 840 825 Quos
851 766 916 808 cum
929 750 997 806 iusi·
1053 752 1164 824 poribus
1172 751 1277 808 seducti
1291 767 1306 807 a
1320 750 1442 819 diabolo,
1456 764 1513 805 noo
1526 750 1616 806 solum
1631 749 1721 823 legem
1734 748 1787 805 Dei
1807 748 1853 806 de-

202 847 271 906 disri
287 824 349 905 vit'ae
363 861 421 903 sue
438 855 465 903 et
480 845 578 902 honori
591 844 763 916 intelligeret,
778 845 849 901 clam
863 843 997 908 discessit,
1054 853 1160 915 sertrnt,
1187 844 1236 902 scd
1249 845 1408 918 impugnare
1426 851 1453 900 et
1471 843 1547 900 omni
1569 851 1669 901 conatu
1688 832 1853 900 subvertere

202 950 293 998 utsua
307 940 431 998 absentia
455 947 622 1012 temperaret
638 940 812 995 severitatem
826 937 908 1010 hrrjus
922 936 998 994 furo·
1054 955 1112 995 uon
1136 939 1278 996 desistunt.
1301 940 1363 1010 Quo
1385 938 1478 994 miuus
1501 937 1662 993 mirandum
1687 945 1729 993 est
1751 937 1775 993 si
1801 936 1854 1009 ipsi

202 1037 250 1092 ris.
273 1036 423 1106 Episcopus
444 1048 508 1089 vero
526 1031 671 1089 confestim
691 1048 739 1089 sua
758 1032 850 1088 omniu
870 1030 951 1103 diripi
974 1039 1001 1085 et
1055 1032 1197 1089 inferiores
1216 1031 1325 1089 ordines
1340 1048 1354 1088 a
1372 1031 1472 1089 delicto
1485 1047 1542 1087 nou
1554 1029 1712 1103 prohibent,
1730 1046 1856 1103 quorum

203 1128 337 1202 publicari
350 1127 491 1200 praeeepit,
504 1134 532 1182 et
546 1127 581 1182 ita
596 1127 647 1182 iste
661 1125 783 1182 exsulem
801 1141 831 1181 se
844 1134 872 1180 et
885 1139 1001 1193 egenum
1055 1135 1103 1183 aut
1117 1126 1254 1183 ordinatio
1266 1125 1318 1182 fuit
1331 1125 1469 1194 haeretica,
1484 1133 1531 1181 sut
1544 1125 1599 1181 vita
1610 1124 1686 1181 omui
1700 1124 1857 1181 immundi·

200 1226 258 1295 jam
273 1221 321 1276 din
336 1219 421 1276 fuisse
438 1222 635 1292 oouqrreritur3
651 1235 747 1275 verum
761 1221 821 1276 haec
835 1219 915 1275 nobis
929 1217 1002 1273 inor·
1056 1220 1092 1275 tia
1106 1228 1134 1276 et
1148 1216 1318 1276 facinoribus
1330 1228 1458 1291 cooperta
1481 1218 1561 1292 :qui,
1572 1217 1641 1275 dum
1656 1219 1683 1273 iu
1698 1217 1858 1290 semetipsis

203 1315 298 1372 diuata
321 1321 349 1369 et
369 1312 445 1369 valde
474 1313 567 1385 iniqua
590 1312 727 1379 videntur,
752 1313 894 1385 quoniam,
917 1312 939 1367 si
958 1311 1001 1367 illn
1057 1314 1164 1386 propria
1185 1314 1285 1370 seelera
1298 1329 1350 1369 nee
1364 1313 1506 1385 corrigunt
1522 1328 1574 1368 nec
1592 1311 1745 1381 attendunt,
1759 1310 1855 1367 subdi·

206 1423 269 1464 vern
286 1415 360 1473 sunt,
382 1406 537 1479 episcopus,
558 1407 613 1462 imo
631 1408 822 1478 exepiscopus,
842 1422 899 1461 uon
919 1405 1001 1469 lruuc,
1056 1415 1148 1463 torum
1171 1422 1279 1478 quoque
1301 1406 1416 1462 erimina
1437 1414 1486 1462 aut
1508 1420 1556 1477 per
1580 1404 1775 1478 negligentiam
1805 1412 1859 1461 aut

128 1530 132 1535 ·
206 1498 255 1557 sed
269 1500 463 1557 conscientiam
477 1516 555 1556 suam
572 1500 663 1557 odisse
677 1510 705 1556 et
719 1499 843 1571 persequi
857 1499 1002 1565 debuerat3
1056 1500 1156 1556 timore
1170 1500 1287 1572 propria]
1301 1499 1474 1556 conscientiae
1484 1506 1602 1571 portant.
1615 1501 1656 1554 De
1668 1498 1768 1571 quibus
1781 1504 1858 1555 recte

206 1595 249 1651 sin
263 1610 327 1650 vero
342 1594 420 1663 falsa,
440 1604 468 1651 et
483 1594 590 1650 utinam
604 1593 688 1651 falsal
704 1610 761 1650 uon
778 1602 872 1650 tamen
887 1593 1001 1660 milites,
1055 1610 1102 1666 per
1125 1592 1288 1665 Prophetam
1311 1592 1409 1650 dicitur
1430 1613 1437 1649 :
1460 1594 1640 1651 obscurentur
1657 1593 1727 1648 ecch
1751 1607 1855 1656 cortem,

206 1687 254 1745 sed
270 1686 442 1759 disciplinam
463 1703 612 1755 canonum,
634 1689 719 1745 istum
738 1687 875 1759 corripere
899 1694 926 1742 et
953 1686 1001 1741 fla-
1057 1704 1090 1743 ne
1109 1686 1230 1755 amcam,
1250 1692 1275 1742 et
1294 1687 1406 1742 dorsum
1420 1702 1509 1742 eorum
1520 1701 1625 1757 semper
1637 1687 1751 1741 incuruo
1765 1685 1854 1751 (Psoi.

205 1783 305 1854 gellare
319 1797 431 1853 aeqrrum
445 1780 544 1838 fueret.
560 1782 696 1852 Quocirca
709 1781 907 1837 fraternitatem
926 1788 1002 1836 tuam
1021 1754 1175 1850 Beturri).
1200 1781 1372 1853 Quapropter
1388 1779 1521 1853 quidquid
1544 1780 1583 1836 illi
1603 1787 1698 1836 contra
1722 1793 1783 1846 vos,
1798 1778 1856 1833 iruo

205 1875 356 1946 apostolica
370 1866 531 1932 auctoritate
545 1875 742 1932 commonitam
764 1883 792 1930 et
812 1875 840 1929 in
861 1874 911 1930 hac
924 1888 1005 1929 causa
1059 1882 1153 1930 contra
1164 1874 1298 1947 iustitiam
1319 1873 1450 1946 garriant,
1462 1881 1490 1930 et
1507 1889 1556 1944 pro
1571 1870 1743 1929 defendenda
1754 1870 1857 1944 nequi-

205 1967 349 2025 suffultam
364 1984 423 2025 esse
445 1969 584 2035 volumus,
603 1978 644 2037 ut,
668 1975 816 2025 convocato
836 1975 863 2023 et
877 1966 1005 2039 adjuncto
1059 1968 1095 2024 tia
1112 1984 1163 2024 sua
1173 1966 1261 2036 vobis,
1277 1966 1323 2040 qui
1334 1966 1454 2023 illiterati
1464 1966 1539 2035 estis,
1558 1966 1700 2038 objiciant,
1709 1980 1759 2021 vos
1772 1965 1803 2021 iu
1811 1980 1858 2037 pu·

207 2061 255 2117 tibi
276 2061 376 2118 dilecto
398 2060 535 2119 confratre
559 2069 653 2119 nostro
674 2061 843 2117 herimanno
859 2060 1006 2116 venerabili
1060 2062 1139 2117 ritate
1159 2070 1186 2117 ot
1204 2061 1358 2117 constantia
1378 2060 1440 2117 fidei
1464 2069 1561 2117 vestrae
1576 2067 1779 2132 permanentes,
1793 2072 1858 2130 quae

207 2154 334 2228 episcopo
365 2155 490 2222 Meteon,
509 2154 666 2211 Tulleusem
693 2154 869 2220 conveniatis,
890 2167 1007 2224 eumque
1060 2153 1094 2210 de
1107 2155 1242 2227 episeopis
1259 2162 1287 2210 et
1304 2153 1496 2211 sacerdotibus
1510 2153 1683 2220 Simonideis,
1701 2160 1749 2208 aut
1762 2152 1790 2209 in
1802 2151 1858 2207 for·

207 2256 240 2306 ut
252 2248 382 2304 clericum
405 2248 486 2304 istum
506 2247 565 2304 sine
579 2248 656 2304 omui
672 2248 795 2318 periculo
809 2247 871 2303 vitm
885 2255 913 2302 et
927 2260 1005 2302 secu·
1060 2246 1197 2305 uicatioue
1215 2248 1381 2321 jacentibus,
1397 2248 1432 2305 ab
1449 2248 1600 2320 apostolica
1620 2247 1683 2304 sede
1702 2244 1859 2319 accepistis,

207 2358 271 2399 rum
285 2341 320 2397 ab
335 2342 412 2398 omui
434 2341 596 2398 coutumeba
616 2341 643 2397 in
664 2341 813 2397 claustrum
835 2356 917 2396 suum
942 2339 1007 2396 reci·
1061 2342 1177 2399 firnritcr
1191 2342 1292 2399 credite
1310 2350 1340 2399 st
1353 2350 1454 2398 tenete.

207 2436 273 2508 piat,
289 2443 317 2492 et
330 2433 453 2491 officium
467 2434 597 2492 custodiae
608 2451 673 2492 cum
686 2433 800 2491 ecelesia
813 2449 896 2506 quam
912 2441 1005 2506 postu·
1097 2440 1168 2492 Data
1185 2438 1284 2492 Romae
1305 2435 1420 2508 septimo
1432 2433 1570 2492 Kalendas
1592 2432 1767 2501 Novembris,
1783 2430 1861 2489 indi-

207 2527 283 2595 lavit,
303 2529 326 2586 si
341 2529 415 2601 juste
431 2528 539 2598 attinet,
565 2544 631 2585 curn
650 2528 757 2586 caeteris
778 2528 907 2586 omnibus
925 2527 1008 2600 justis
1060 2531 1153 2587 ctione
1166 2529 1274 2587 decima
1288 2530 1379 2586 tertia.

208 2622 380 2706 pertinentiis
407 2630 434 2678 et
458 2621 621 2681 utilitatibus
646 2623 714 2690 suis,
741 2630 768 2678 et
795 2622 1007 2694 praeposituram
1330 2632 1506 2687 Ep1STOLA
1525 2632 1591 2685 χιι,

208 2730 288 2773 suam
302 2715 461 2773 etofllcium
485 2715 652 2783 scholarum,
668 2733 718 2772 nec
738 2732 792 2772 non
812 2717 904 2772 omnia
918 2715 1007 2771 ablata
1170 2741 1209 2783 gn
1230 2739 1531 2783 flggnssflfflngpsgg
1548 2737 1731 2781 gppscopug,

208 2810 258 2866 sibi
277 2807 362 2879 bona,
379 2817 475 2867 ettam
488 2809 712 2867 irrationabiliter
727 2809 803 2866 illata
816 2811 915 2866 damna
930 2810 1009 2866 resti·
1358 2823 1450 2886 (Anno
1472 2825 1563 2883 1074.)

209 2911 277 2972 2⁰⁸²,
302 2904 640 2976 d[¹⁰⁸10151'58l'llsslfflliblls
657 2905 870 2961 ⁰⁰fflm01108158·
889 2903 1006 2971 Deinde,
1061 2916 1170 2973 Lnrrdut
1180 2914 1237 2983 ejus
1251 2917 1476 2983 cigeEornunnm
1489 2913 1634 2967 Ecclesiam
1646 2911 1863 2978 observantiam,

208 2998 364 3054 convocatis
387 2997 561 3055 Tulleusibus
580 2999 685 3055 clericis
703 3012 751 3070 per
770 3013 863 3053 veram
879 3012 926 3052 eos
940 2997 1007 3052 obe·
1097 3002 1178 3057 ΨΜ
1197 3002 1230 3039 0OE
1249 2987 1306 3054 ejus
1329 2987 1417 3038 ‹inr'mi
1430 2984 1714 3054 ‘¹01⁰l‘2l‘ll'lllssllel'ssh
1734 2982 1807 3053 illd
1829 2983 1866 3037 ¹²·

209 3088 355 3161 dientiam,
371 3091 428 3147 imo
440 3092 490 3147 sub
503 3091 719 3147 commiuatione
734 3089 927 3156 anathematis,
944 3105 1009 3144 cou-
1096 3063 1160 3183 ,ζειτζ
1172 3053 1867 3197 ζῖζῗξῖιῖῗᾶιέζὲἶζῖᾞῃᾗὲηξαὲωάθέἓὲεᾜεζ

209 3185 345 3257 “studites
367 3193 398 3240 ¹¹¹
422 3183 556 3256 ‘hildilid
574 3182 608 3239 ‘¹0
629 3183 743 3239 Ῐῦῑΐθίἳυ
768 3191 794 3238 ⁰²
819 3183 873 3237 Vlia
889 3183 1007 3254 θΡῘῧθθΡῙ
1098 3200 1200 3254 nvouult
1221 3214 1304 3268 quarm
1327 3201 1481 3269 ‹apostolt'coe
1503 3198 1575 3254 sodis
1595 3199 1782 3252 auctoritatem
1797 3198 1866 3251 cio·

209 3277 308 3344 sciunt,
337 3277 414 3333 vobis
439 3275 577 3348 aperiant,
599 3284 625 3332 et
646 3292 706 3343 vos,
726 3275 846 3348 undique
870 3276 1008 3348 explorata
1100 3274 1178 3327 losse.

210 3371 334 3438 '2151ssin
354 3370 418 3444 (fuld
434 3368 513 3425 1¹⁰b58
527 3368 590 3425 finde
607 3369 774 3427 credendum
789 3369 836 3434 sit,
863 3370 889 3424 iu
903 3369 1009 3442 syuodo
1098 3370 1683 3443 Greconrusepiseopusservusservorum
1696 3369 1759 3435 Dei,
1769 3367 1868 3425 flalbi·

213 3464 333 3522 velante
352 3463 488 3538 synodum
505 3478 588 3536 quam
603 3464 631 3518 iu
643 3464 734 3536 prima
751 3462 927 3521 hebdomada
939 3466 1011 3534 Qua·
1063 3467 1173 3523 stetensi
1184 3468 1379 3535 [Bnucutauo
1389 3464 1733 3536 Alherstateusi1episeopo
1740 3463 1866 3519 salutem

210 3557 374 3631 dragesimae
393 3556 557 3614 celebraturi
583 3572 691 3624 sumtis,
711 3572 758 3628 per
781 3557 883 3613 litteras
907 3566 1010 3612 vestras
1064 3571 1091 3617 et
1104 3561 1280 3633 apostolicam
1293 3559 1523 3616 benedictionem.

211 3651 351 3707 notillcnre
365 3650 522 3706 ntrllatenus
537 3650 748 3722 praetermittite,
768 3650 851 3719 Quod
871 3651 895 3707 si
907 3651 1011 3723 episco
1100 3653 1236 3722 Ostendis,
1250 3652 1343 3717 frater,
1359 3661 1386 3708 tc
1403 3660 1524 3708 sanctam
1539 3655 1694 3708 itomanam
1713 3650 1868 3707 Ecclesiam

212 3757 274 3813 pus,
289 3753 319 3799 ut
333 3750 471 3814 optamus,
493 3743 625 3800 innocens
640 3743 673 3800 de
688 3751 729 3798 tot
748 3760 779 3800 ac
793 3745 877 3801 tantis
888 3744 1010 3800 crimini·
1064 3749 1170 3804 siucero
1183 3746 1285 3803 affeetu
1297 3746 1422 3819 diligere,
1435 3746 1543 3817 quaudo
1559 3745 1586 3801 id
1597 3753 1690 3802 rnovet
1703 3751 1789 3801 coret
1802 3745 1868 3801 ani-

214 3835 265 3890 bus
278 3835 442 3908 apparuerit,
457 3835 531 3907 quod
545 3834 659 3892 clericus
680 3844 783 3892 temero
800 3838 928 3908 peccarit,
944 3853 1012 3910 qno-
1065 3858 1141 3898 1num
1156 3850 1245 3911 tuum,
1258 3840 1362 3912 legatos
1372 3839 1614 3912 sedisapostolicae
1630 3839 1659 3895 iu
1671 3853 1754 3911 regno
1767 3846 1868 3895 vestro

213 3929 286 3985 niam
310 3928 344 3985 ud
364 3936 486 3984 nostram
507 3929 582 3986 venit
601 3929 784 3997 audientiam,
804 3930 920 4001 qualiter
937 3931 1011 4002 juste
1064 3950 1227 4008 nonooquo
1242 3935 1364 4006 oportuit
1379 3934 1486 3991 honore
1506 3931 1812 4005 susceptosfuisse,nec
1833 3947 1869 3989 ea

213 4023 378 4096 corrigatur,
400 4025 458 4078 Deo
484 4024 631 4095 aspirante,
649 4023 869 4095 procurabimus.
892 4023 921 4079 Si
947 4040 1011 4080 vero
1064 4045 1124 4101 quae
1139 4028 1291 4085 Christiana
1304 4027 1395 4099 religio
1413 4026 1577 4099 postulabat,
1590 4035 1617 4082 et
1631 4024 1721 4083 adhuc
1732 4023 1867 4097 postulat,

213 4116 356 4189 episcopus
365 4132 395 4172 ea
404 4131 465 4189 quae
474 4116 526 4174 sibi
537 4116 717 4174 intenduntur
727 4117 859 4174 veraciter
870 4132 1012 4175 removere
1066 4131 1148 4195 prout
1166 4137 1276 4178 necesse
1296 4119 1378 4188 foret,
1404 4119 1514 4177 efficere
1539 4119 1669 4191 potuisse.
1691 4123 1792 4175 Verum
1811 4133 1869 4175 nos

214 4224 270 4266 non
294 4208 403 4282 poterit,
432 4208 508 4266 nullo
527 4209 610 4266 modo
634 4208 780 4267 ferendum
801 4218 843 4266 est
857 4210 948 4279 uobis,
971 4211 1011 4266 vel
1066 4219 1155 4273 multo
1170 4215 1256 4287 magis
1272 4214 1395 4271 baecillis
1417 4214 1548 4270 accidisse
1571 4213 1711 4281 volumus,
1729 4226 1812 4285 quam
1833 4220 1869 4269 ut

215 4302 302 4372 vobis,
321 4311 351 4359 ut
364 4304 457 4360 locum
474 4303 594 4376 pastoris
606 4305 688 4377 lupus
701 4303 832 4360 obtineat.
849 4307 906 4360 Has
920 4313 1013 4360 autern
1067 4309 1128 4381 ipsi,
1142 4307 1299 4364 hominibus
1319 4308 1404 4380 magis
1419 4322 1502 4380 quam
1517 4309 1576 4363 Deo
1592 4307 1697 4378 placere
1715 4305 1868 4377 cupientes,

215 4397 318 4455 litteras
340 4396 442 4454 idcirco
464 4407 556 4470 aperte
572 4397 687 4469 sigillari
701 4398 889 4470 praecepimus,
911 4405 943 4453 ut
956 4413 1009 4454 cer·
1067 4402 1208 4457 veritatem
1227 4410 1254 4456 et
1268 4401 1423 4456 libertatem
1439 4400 1584 4471 illiusque
1609 4400 1638 4456 in
1658 4400 1696 4456 eis
1717 4411 1867 4470 repraesen-

213 4491 312 4548 tiorem
325 4491 403 4548 vobis
417 4491 607 4548 auctoritatem
617 4491 797 4548 traderemus.
922 4568 925 4573 Ι
1030 4496 1178 4578 [piabatur
1203 4494 1376 4551 auctoritatis
1398 4493 1488 4567 aliqua
1509 4493 1686 4550 simulatione
1708 4492 1867 4549 violassent.

251 4588 321 4641 Data
336 4588 434 4641 honre
442 4585 549 4640 decimo
559 4584 678 4657 septimo
688 4583 829 4641 Kalendas
838 4584 1012 4652 Novembris,
1068 4591 1139 4646 Nam
1164 4587 1187 4644 si
1207 4586 1376 4660 principibus
1400 4595 1429 4643 et
1453 4585 1585 4643 divitibus
1607 4595 1688 4643 terrae
1710 4594 1805 4643 vestre
1824 4600 1870 4642 re·

214 4676 365 4734 indictione
378 4677 483 4734 decima
498 4678 588 4734 tertia.
1067 4698 1150 4755 guare
1172 4697 1220 4754 pro
1237 4681 1347 4738 libidine
1369 4680 1544 4753 etiustitiom
1560 4681 1612 4738 llei
1630 4680 1798 4743 conculcare,
1821 4685 1869 4735 ta-

488 4779 665 4843 Eprs'rom
684 4790 736 4844 xp
1069 4776 1115 4832 citi
1130 4774 1281 4833 consentire
1294 4776 1434 4843 vellemus,
1449 4772 1571 4847 profecto
1585 4774 1732 4841 amicitias,
1742 4786 1869 4838 munera,

265 4905 307 4946 A„
326 4904 491 4948 mmm
512 4903 666 4961 comm,
688 4908 725 4949 ΒΤ
744 4908 815 4951 mus
832 4908 967 4952 UXOREM·
1070 4869 1264 4942 subjectiones,
1286 4867 1407 4936 laudem,
1427 4876 1454 4922 et
1474 4867 1633 4940 magnificas
1646 4867 1681 4924 ab
1699 4867 1740 4923 eis
1756 4865 1871 4923 honori·

516 4996 608 5062 (Anno
630 5000 720 5060 ¹074.)
1070 4963 1193 5020 boeotiae
1211 4960 1311 5018 habere
1329 4976 1480 5032 possemus.
1502 4960 1583 5034 Quod
1596 4962 1658 5034 quia
1680 4962 1740 5017 loco
1761 4960 1788 5016 iu
1811 4975 1870 5032 quo

217 5101 326 5160 undat
336 5102 415 5170 fldem
432 5107 457 5157 α
474 5102 632 5170 ,epimonem
643 5119 743 5157 emm·
763 5104 945 5170 Qmmdam
958 5106 1014 5174 epi·
1070 5074 1167 5162 susnus
1190 5065 1218 5113 et
1239 5055 1331 5112 officio
1353 5054 1428 5127 quod
1447 5062 1575 5160 tenemus
1597 5055 1711 5161 minimo
1729 5053 1868 5125 congruit,

252 5187 389 5242 seopornm
400 5175 497 5229 scelera
512 5174 692 5244 reprehendit.
716 5176 805 5229 Motvet
818 5177 1015 5245 arpennem,
1070 5152 1138 5207 utlnl
1154 5158 1195 5239 est
1213 5149 1289 5222 quod
1306 5165 1357 5206 uos
1378 5164 1393 5203 a
1414 5148 1545 5205 charitate
1570 5149 1681 5217 Christi,
1703 5164 1762 5221 rpso
1777 5154 1871 5220 prote.

252 5248 279 5297 et
292 5243 396 5299 decreta
410 5246 564 5314 apostolico·
577 5244 648 5300 sedis
661 5244 694 5299 de
707 5246 870 5301 simoniacis
882 5252 908 5302 et
921 5248 1014 5303 incon-
1071 5255 1159 5319 geute,
1171 5259 1297 5317 separare
1311 5243 1396 5314 possit
1409 5262 1416 5299 ε
1430 5242 1610 5316 quibusmori
1624 5242 1709 5300 tutius
1718 5249 1770 5311 est,
1784 5257 1870 5314 quam

252 5315 399 5371 ‘inentibus
416 5316 598 5372 ⁸⁰⁰⁶fd⁰⁸i⁶¹⁶³
612 5318 754 5371 remam·
1071 5340 1158 5411 legem
1168 5339 1228 5421 ejus
1237 5336 1437 5408 derelinquere,
1448 5346 1498 5393 aut
1506 5352 1556 5410 pro
1571 5336 1666 5394 muudi
1678 5337 1763 5410 gloria
1772 5335 1871 5407 impio

252 5425 427 5484 Gunsonrus
446 5428 702 5500 episcopusservus
720 5443 862 5485 servorum
881 5429 1015 5498 Dci,An·
1069 5448 1132 5488 rum
1146 5431 1249 5502 potius,
1263 5430 1286 5485 si
1299 5429 1353 5485 sint
1373 5438 1510 5501 potentes,
1524 5446 1608 5502 quam
1628 5445 1724 5488 eorum
1739 5443 1873 5502 personas

217 5533 319 5577 cnoro
330 5520 425 5576 comiti
435 5520 737 5593 etejusurorisalutem
747 5523 960 5596 etapostolicam
970 5525 1016 5583 be·
1069 5523 1213 5596 respicere,
1228 5524 1287 5595 qui,
1302 5523 1368 5580 licet
1381 5524 1436 5581 siut
1452 5540 1594 5597 pauperes,
1610 5524 1698 5598 legem
1718 5524 1761 5581 sui
1779 5522 1873 5581 condi·

217 5612 412 5670 nedictiouem.
1070 5616 1139 5673 toris
1148 5616 1308 5688 exquirunt,
1319 5617 1582 5692 mandatadiligunt,
1591 5618 1675 5675 vitam
1686 5618 1776 5691 potius
1785 5632 1872 5690 quam

253 5706 359 5762 Gratias
378 5711 436 5763 Deo
459 5705 604 5764 referimus
617 5708 691 5780 qnod
711 5711 751 5765 vel
775 5709 833 5767 laici
848 5720 876 5768 et
888 5711 1017 5768 mulieres
1066 5709 1204 5783 justitiam
1231 5711 1371 5768 deserunt.
1397 5715 1463 5768 Tuae
1476 5712 1561 5784 igitur
1579 5711 1791 5768 unanimitatem
1813 5708 1872 5766 fre-

215 5798 251 5853 ed
273 5799 422 5858 Dominum
437 5810 542 5858 mentes
563 5801 682 5874 erigunt,
702 5812 729 5858 et
751 5803 858 5860 cultum
873 5804 1017 5877 religionis
1070 5803 1208 5860 temitatis
1219 5804 1311 5863 debita
1323 5822 1387 5863 cum
1401 5805 1582 5877 gratulatione
1595 5805 1785 5878 suscipientes,
1798 5802 1874 5861 hauc
