<?xml version="1.0" encoding="UTF-8"?>
<!DOCTYPE html PUBLIC "-//W3C//DTD XHTML 1.0 Transitional//EN"
    "http://www.w3.org/TR/xhtml1/DTD/xhtml1-transitional.dtd">
<html xmlns="http://www.w3.org/1999/xhtml" xml:lang="en" lang="en">
 <head>
  <title>
</title>
<meta http-equiv="Content-Type" content="text/html;charset=utf-8" />
  <meta name='ocr-system' content='tesseract 3.04.00' />
  <meta name='ocr-capabilities' content='ocr_page ocr_carea ocr_par ocr_line ocrx_word'/>
</head>
<body>
  <div class='ocr_page' id='page_1' title='image "./patrologiaecurs02unkngoog_0422.png"; bbox 0 0 3884 6158; ppageno 0'>
   <div class='ocr_carea' id='block_1_1' title="bbox 227 229 1868 311">
    <p class='ocr_par' dir='ltr' id='par_1_1' title="bbox 227 229 1868 311">
     <span class='ocr_line' id='line_1_1' title="bbox 227 229 1868 311; baseline -0.01 -1"><span class='ocrx_word' id='word_1_1' title='bbox 227 245 279 311; x_wconf 77' lang='lat' dir='ltr'><strong>aaa</strong></span> <span class='ocrx_word' id='word_1_2' title='bbox 727 244 773 302; x_wconf 77' lang='lat' dir='ltr'><strong>ao</strong></span> <span class='ocrx_word' id='word_1_3' title='bbox 791 234 905 300; x_wconf 77' lang='lat' dir='ltr'><strong>ornat</strong></span> <span class='ocrx_word' id='word_1_4' title='bbox 923 236 951 298; x_wconf 87' lang='lat' dir='ltr'><strong>s.</strong></span> <span class='ocrx_word' id='word_1_5' title='bbox 971 229 1132 297; x_wconf 82' lang='lat' dir='ltr'><strong>caraem</strong></span> <span class='ocrx_word' id='word_1_6' title='bbox 1150 231 1369 298; x_wconf 70' lang='lat' dir='ltr'><strong>tremulans.</strong></span> <span class='ocrx_word' id='word_1_7' title='bbox 1818 240 1868 302; x_wconf 88' lang='lat' dir='ltr'><strong>tto</strong></span> 
     </span>
    </p>
   </div>
   <div class='ocr_carea' id='block_1_2' title="bbox 219 364 1938 2710">
    <p class='ocr_par' dir='ltr' id='par_1_2' title="bbox 219 364 1938 2710">
     <span class='ocr_line' id='line_1_2' title="bbox 227 364 1870 453; baseline -0.006 -18"><span class='ocrx_word' id='word_1_8' title='bbox 227 375 465 453; x_wconf 84' lang='lat' dir='ltr'><strong>quamcpisoopua</strong></span> <span class='ocrx_word' id='word_1_9' title='bbox 474 371 541 429; x_wconf 78' lang='lat' dir='ltr'><strong>tillo</strong></span> <span class='ocrx_word' id='word_1_10' title='bbox 554 369 632 428; x_wconf 85' lang='lat' dir='ltr'><strong>robis</strong></span> <span class='ocrx_word' id='word_1_11' title='bbox 648 368 721 438; x_wconf 88' lang='lat' dir='ltr'><strong>lecit,</strong></span> <span class='ocrx_word' id='word_1_12' title='bbox 731 376 759 426; x_wconf 89' lang='lat' dir='ltr'><strong>et</strong></span> <span class='ocrx_word' id='word_1_13' title='bbox 772 367 866 426; x_wconf 87' lang='lat' dir='ltr'><strong>omnia</strong></span> <span class='ocrx_word' id='word_1_14' title='bbox 876 380 1021 441; x_wconf 77' lang='lat' dir='ltr'><strong>quaennnc</strong></span> <span class='ocrx_word' id='word_1_15' title='bbox 1034 368 1062 434; x_wconf 75' lang='grc' dir='ltr'><strong>Α</strong></span> <span class='ocrx_word' id='word_1_16' title='bbox 1074 365 1103 422; x_wconf 93' lang='lat' dir='ltr'><strong>in</strong></span> <span class='ocrx_word' id='word_1_17' title='bbox 1117 364 1226 422; x_wconf 76' lang='lat' dir='ltr'><strong>bisalta</strong></span> <span class='ocrx_word' id='word_1_18' title='bbox 1240 380 1305 423; x_wconf 90' lang='lat' dir='ltr'><strong>cum</strong></span> <span class='ocrx_word' id='word_1_19' title='bbox 1317 372 1408 423; x_wconf 83' lang='lat' dir='ltr'><strong>eastm</strong></span> <span class='ocrx_word' id='word_1_20' title='bbox 1425 372 1454 422; x_wconf 89' lang='lat' dir='ltr'><strong>et</strong></span> <span class='ocrx_word' id='word_1_21' title='bbox 1470 365 1529 423; x_wconf 90' lang='lat' dir='ltr'><strong>suis</strong></span> <span class='ocrx_word' id='word_1_22' title='bbox 1550 364 1740 438; x_wconf 85' lang='lat' dir='ltr'><strong>pertinentiis,</strong></span> <span class='ocrx_word' id='word_1_23' title='bbox 1754 374 1784 425; x_wconf 88' lang='lat' dir='ltr'><strong>et</strong></span> <span class='ocrx_word' id='word_1_24' title='bbox 1795 382 1870 425; x_wconf 78' lang='lat' dir='ltr'><strong>mn·</strong></span> 
     </span>
     <span class='ocr_line' id='line_1_3' title="bbox 227 458 1870 540; baseline -0.009 -7"><span class='ocrx_word' id='word_1_25' title='bbox 227 473 344 540; x_wconf 79' lang='lat' dir='ltr'><strong>mneos,</strong></span> <span class='ocrx_word' id='word_1_26' title='bbox 362 469 405 527; x_wconf 86' lang='lat' dir='ltr'><strong>rel</strong></span> <span class='ocrx_word' id='word_1_27' title='bbox 423 464 588 539; x_wconf 85' lang='lat' dir='ltr'><strong>acquisistis,</strong></span> <span class='ocrx_word' id='word_1_28' title='bbox 603 470 632 522; x_wconf 88' lang='lat' dir='ltr'><strong>ct</strong></span> <span class='ocrx_word' id='word_1_29' title='bbox 644 477 707 538; x_wconf 78' lang='lat' dir='ltr'><strong>qoae</strong></span> <span class='ocrx_word' id='word_1_30' title='bbox 730 461 870 537; x_wconf 88' lang='lat' dir='ltr'><strong>deinceps,</strong></span> <span class='ocrx_word' id='word_1_31' title='bbox 885 469 945 519; x_wconf 90' lang='lat' dir='ltr'><strong>tam</strong></span> <span class='ocrx_word' id='word_1_32' title='bbox 968 475 1017 518; x_wconf 88' lang='lat' dir='ltr'><strong>ros</strong></span> <span class='ocrx_word' id='word_1_33' title='bbox 1069 474 1132 517; x_wconf 90' lang='lat' dir='ltr'><strong>snm</strong></span> <span class='ocrx_word' id='word_1_34' title='bbox 1142 458 1171 516; x_wconf 93' lang='lat' dir='ltr'><strong>iu</strong></span> <span class='ocrx_word' id='word_1_35' title='bbox 1184 460 1322 518; x_wconf 78' lang='lat' dir='ltr'><strong>corniano</strong></span> <span class='ocrx_word' id='word_1_36' title='bbox 1336 466 1365 517; x_wconf 87' lang='lat' dir='ltr'><strong>et</strong></span> <span class='ocrx_word' id='word_1_37' title='bbox 1377 459 1408 517; x_wconf 92' lang='lat' dir='ltr'><strong>ln</strong></span> <span class='ocrx_word' id='word_1_38' title='bbox 1418 459 1549 530; x_wconf 78' lang='lat' dir='ltr'><strong>aromo,</strong></span> <span class='ocrx_word' id='word_1_39' title='bbox 1565 460 1690 518; x_wconf 85' lang='lat' dir='ltr'><strong>Folliauo</strong></span> <span class='ocrx_word' id='word_1_40' title='bbox 1702 468 1734 519; x_wconf 89' lang='lat' dir='ltr'><strong>et</strong></span> <span class='ocrx_word' id='word_1_41' title='bbox 1746 460 1870 528; x_wconf 74' lang='lat' dir='ltr'><strong>Allieno,</strong></span> 
     </span>
     <span class='ocr_line' id='line_1_4' title="bbox 226 553 1871 641; baseline -0.005 -20"><span class='ocrx_word' id='word_1_42' title='bbox 226 580 310 641; x_wconf 87' lang='lat' dir='ltr'><strong>quam</strong></span> <span class='ocrx_word' id='word_1_43' title='bbox 328 559 504 620; x_wconf 72' lang='lat' dir='ltr'>succedentes</span> <span class='ocrx_word' id='word_1_44' title='bbox 525 557 617 627; x_wconf 84' lang='lat' dir='ltr'><strong>robis,</strong></span> <span class='ocrx_word' id='word_1_45' title='bbox 645 557 720 631; x_wconf 70' lang='lat' dir='ltr'><strong>iuste</strong></span> <span class='ocrx_word' id='word_1_46' title='bbox 739 555 913 631; x_wconf 82' lang='lat' dir='ltr'><strong>acquisitura</strong></span> <span class='ocrx_word' id='word_1_47' title='bbox 944 555 1017 613; x_wconf 84' lang='lat' dir='ltr'><strong>estis.</strong></span> <span class='ocrx_word' id='word_1_48' title='bbox 1071 561 1098 610; x_wconf 87' lang='lat' dir='ltr'><strong>et</strong></span> <span class='ocrx_word' id='word_1_49' title='bbox 1111 569 1155 611; x_wconf 88' lang='lat' dir='ltr'><strong>res</strong></span> <span class='ocrx_word' id='word_1_50' title='bbox 1168 553 1198 610; x_wconf 90' lang='lat' dir='ltr'><strong>in</strong></span> <span class='ocrx_word' id='word_1_51' title='bbox 1209 554 1327 612; x_wconf 83' lang='lat' dir='ltr'><strong>carossa</strong></span> <span class='ocrx_word' id='word_1_52' title='bbox 1343 569 1409 612; x_wconf 91' lang='lat' dir='ltr'><strong>cum</strong></span> <span class='ocrx_word' id='word_1_53' title='bbox 1421 553 1550 621; x_wconf 88' lang='lat' dir='ltr'><strong>decimis,</strong></span> <span class='ocrx_word' id='word_1_54' title='bbox 1570 562 1597 611; x_wconf 91' lang='lat' dir='ltr'><strong>et</strong></span> <span class='ocrx_word' id='word_1_55' title='bbox 1608 554 1694 629; x_wconf 80' lang='lat' dir='ltr'><strong>syloa,</strong></span> <span class='ocrx_word' id='word_1_56' title='bbox 1713 563 1744 612; x_wconf 90' lang='lat' dir='ltr'><strong>et</strong></span> <span class='ocrx_word' id='word_1_57' title='bbox 1767 554 1871 613; x_wconf 82' lang='lat' dir='ltr'><strong>incor-</strong></span> 
     </span>
     <span class='ocr_line' id='line_1_5' title="bbox 226 648 1871 730; baseline -0.005 -14"><span class='ocrx_word' id='word_1_58' title='bbox 226 657 405 730; x_wconf 79' lang='lat' dir='ltr'><strong>Prreoipinrus</strong></span> <span class='ocrx_word' id='word_1_59' title='bbox 428 654 542 726; x_wconf 90' lang='lat' dir='ltr'><strong>insuper</strong></span> <span class='ocrx_word' id='word_1_60' title='bbox 563 660 591 710; x_wconf 93' lang='lat' dir='ltr'><strong>et</strong></span> <span class='ocrx_word' id='word_1_61' title='bbox 615 651 762 726; x_wconf 88' lang='lat' dir='ltr'><strong>apostolica</strong></span> <span class='ocrx_word' id='word_1_62' title='bbox 782 649 948 709; x_wconf 88' lang='lat' dir='ltr'><strong>auctoritate</strong></span> <span class='ocrx_word' id='word_1_63' title='bbox 972 649 1017 706; x_wconf 89' lang='lat' dir='ltr'><strong>in·</strong></span> <span class='ocrx_word' id='word_1_64' title='bbox 1070 649 1213 718; x_wconf 63' lang='lat' dir='ltr'><strong>arctarer</strong></span> <span class='ocrx_word' id='word_1_65' title='bbox 1225 648 1254 704; x_wconf 94' lang='lat' dir='ltr'><strong>in</strong></span> <span class='ocrx_word' id='word_1_66' title='bbox 1266 648 1410 717; x_wconf 71' lang='lat' dir='ltr'><strong>nutrimin</strong></span> <span class='ocrx_word' id='word_1_67' title='bbox 1427 649 1492 716; x_wconf 85' lang='lat' dir='ltr'><strong>Itio,</strong></span> <span class='ocrx_word' id='word_1_68' title='bbox 1509 649 1627 719; x_wconf 72' lang='lat' dir='ltr'><strong>treme,</strong></span> <span class='ocrx_word' id='word_1_69' title='bbox 1640 648 1871 723; x_wconf 72' lang='lat' dir='ltr'><strong>Campoqalllanl,</strong></span> 
     </span>
     <span class='ocr_line' id='line_1_6' title="bbox 225 740 1870 817; baseline -0.007 -6"><span class='ocrx_word' id='word_1_70' title='bbox 225 750 386 811; x_wconf 86' lang='lat' dir='ltr'><strong>terdicimns</strong></span> <span class='ocrx_word' id='word_1_71' title='bbox 403 755 436 805; x_wconf 85' lang='lat' dir='ltr'><strong>ut</strong></span> <span class='ocrx_word' id='word_1_72' title='bbox 449 747 541 805; x_wconf 88' lang='lat' dir='ltr'><strong>nullus</strong></span> <span class='ocrx_word' id='word_1_73' title='bbox 563 745 630 814; x_wconf 84' lang='lat' dir='ltr'><strong>dux,</strong></span> <span class='ocrx_word' id='word_1_74' title='bbox 653 744 789 816; x_wconf 85' lang='lat' dir='ltr'><strong>marchio,</strong></span> <span class='ocrx_word' id='word_1_75' title='bbox 817 758 922 812; x_wconf 88' lang='lat' dir='ltr'><strong>comes,</strong></span> <span class='ocrx_word' id='word_1_76' title='bbox 948 743 1018 800; x_wconf 88' lang='lat' dir='ltr'><strong>rice·</strong></span> <span class='ocrx_word' id='word_1_77' title='bbox 1070 740 1098 798; x_wconf 92' lang='lat' dir='ltr'><strong>in</strong></span> <span class='ocrx_word' id='word_1_78' title='bbox 1123 742 1258 811; x_wconf 85' lang='lat' dir='ltr'><strong>Fontana‚</strong></span> <span class='ocrx_word' id='word_1_79' title='bbox 1282 743 1310 800; x_wconf 89' lang='lat' dir='ltr'><strong>in</strong></span> <span class='ocrx_word' id='word_1_80' title='bbox 1329 745 1424 812; x_wconf 80' lang='lat' dir='ltr'><strong>Prata,</strong></span> <span class='ocrx_word' id='word_1_81' title='bbox 1438 742 1552 814; x_wconf 85' lang='lat' dir='ltr'><strong>canule,</strong></span> <span class='ocrx_word' id='word_1_82' title='bbox 1571 742 1707 811; x_wconf 85' lang='lat' dir='ltr'><strong>Mandris,</strong></span> <span class='ocrx_word' id='word_1_83' title='bbox 1723 743 1754 800; x_wconf 93' lang='lat' dir='ltr'><strong>in</strong></span> <span class='ocrx_word' id='word_1_84' title='bbox 1766 743 1870 817; x_wconf 75' lang='lat' dir='ltr'><strong>curqo.</strong></span> 
     </span>
     <span class='ocr_line' id='line_1_7' title="bbox 223 835 1872 915; baseline -0.006 -10"><span class='ocrx_word' id='word_1_85' title='bbox 223 859 329 914; x_wconf 84' lang='lat' dir='ltr'><strong>comes,</strong></span> <span class='ocrx_word' id='word_1_86' title='bbox 351 842 481 915; x_wconf 90' lang='lat' dir='ltr'><strong>nullaque</strong></span> <span class='ocrx_word' id='word_1_87' title='bbox 506 853 605 914; x_wconf 77' lang='lat' dir='ltr'><strong>magna</strong></span> <span class='ocrx_word' id='word_1_88' title='bbox 618 854 754 913; x_wconf 80' lang='lat' dir='ltr'><strong>parvaque</strong></span> <span class='ocrx_word' id='word_1_89' title='bbox 769 853 887 911; x_wconf 90' lang='lat' dir='ltr'><strong>persona</strong></span> <span class='ocrx_word' id='word_1_90' title='bbox 905 838 1018 894; x_wconf 88' lang='lat' dir='ltr'><strong>sircec·</strong></span> <span class='ocrx_word' id='word_1_91' title='bbox 1071 837 1107 891; x_wconf 84' lang='lat' dir='ltr'><strong>Et</strong></span> <span class='ocrx_word' id='word_1_92' title='bbox 1122 843 1211 893; x_wconf 78' lang='lat' dir='ltr'><strong>sortes</strong></span> <span class='ocrx_word' id='word_1_93' title='bbox 1232 835 1302 894; x_wconf 87' lang='lat' dir='ltr'><strong>duas</strong></span> <span class='ocrx_word' id='word_1_94' title='bbox 1315 852 1378 910; x_wconf 73' lang='lat' dir='ltr'><strong>quac</strong></span> <span class='ocrx_word' id='word_1_95' title='bbox 1401 844 1564 911; x_wconf 90' lang='lat' dir='ltr'><strong>suntprope</strong></span> <span class='ocrx_word' id='word_1_96' title='bbox 1585 838 1817 909; x_wconf 86' lang='lat' dir='ltr'><strong>Curtamnoram‚</strong></span> <span class='ocrx_word' id='word_1_97' title='bbox 1844 846 1872 895; x_wconf 92' lang='lat' dir='ltr'><strong>et</strong></span> 
     </span>
     <span class='ocr_line' id='line_1_8' title="bbox 222 929 1872 1005; baseline -0.004 -9"><span class='ocrx_word' id='word_1_98' title='bbox 222 937 382 1005; x_wconf 89' lang='lat' dir='ltr'><strong>clesiastica,</strong></span> <span class='ocrx_word' id='word_1_99' title='bbox 396 936 453 993; x_wconf 84' lang='lat' dir='ltr'><strong>sire</strong></span> <span class='ocrx_word' id='word_1_100' title='bbox 467 933 616 1003; x_wconf 82' lang='lat' dir='ltr'><strong>saecularis,</strong></span> <span class='ocrx_word' id='word_1_101' title='bbox 641 930 806 1004; x_wconf 87' lang='lat' dir='ltr'><strong>praedictum</strong></span> <span class='ocrx_word' id='word_1_102' title='bbox 821 929 1018 988; x_wconf 84' lang='lat' dir='ltr'><strong>monasterium</strong></span> <span class='ocrx_word' id='word_1_103' title='bbox 1071 929 1262 987; x_wconf 87' lang='lat' dir='ltr'><strong>mausosdaos</strong></span> <span class='ocrx_word' id='word_1_104' title='bbox 1280 929 1309 987; x_wconf 91' lang='lat' dir='ltr'><strong>in</strong></span> <span class='ocrx_word' id='word_1_105' title='bbox 1318 930 1431 1001; x_wconf 88' lang='lat' dir='ltr'><strong>cetlole,</strong></span> <span class='ocrx_word' id='word_1_106' title='bbox 1448 938 1478 988; x_wconf 93' lang='lat' dir='ltr'><strong>et</strong></span> <span class='ocrx_word' id='word_1_107' title='bbox 1485 930 1594 1005; x_wconf 86' lang='lat' dir='ltr'><strong>plebem</strong></span> <span class='ocrx_word' id='word_1_108' title='bbox 1605 930 1640 989; x_wconf 92' lang='lat' dir='ltr'><strong>de</strong></span> <span class='ocrx_word' id='word_1_109' title='bbox 1656 931 1795 990; x_wconf 83' lang='lat' dir='ltr'><strong>Nuralare</strong></span> <span class='ocrx_word' id='word_1_110' title='bbox 1807 946 1872 990; x_wconf 84' lang='lat' dir='ltr'><strong>etam</strong></span> 
     </span>
     <span class='ocr_line' id='line_1_9' title="bbox 222 1014 1873 1099; baseline -0.003 -9"><span class='ocrx_word' id='word_1_111' title='bbox 222 1031 299 1090; x_wconf 80' lang='lat' dir='ltr'><strong>Beati</strong></span> <span class='ocrx_word' id='word_1_112' title='bbox 320 1029 405 1099; x_wconf 86' lang='lat' dir='ltr'><strong>Petri,</strong></span> <span class='ocrx_word' id='word_1_113' title='bbox 432 1028 475 1086; x_wconf 86' lang='lat' dir='ltr'><strong>rel</strong></span> <span class='ocrx_word' id='word_1_114' title='bbox 489 1014 540 1085; x_wconf 73' lang='lat' dir='ltr'><strong>&#39;Del</strong></span> <span class='ocrx_word' id='word_1_115' title='bbox 563 1026 679 1084; x_wconf 86' lang='lat' dir='ltr'><strong>lamulas</strong></span> <span class='ocrx_word' id='word_1_116' title='bbox 691 1025 728 1083; x_wconf 88' lang='lat' dir='ltr'><strong>lbi</strong></span> <span class='ocrx_word' id='word_1_117' title='bbox 747 1016 906 1095; x_wconf 74' lang='lat' dir='ltr'><strong>servientes,</strong></span> <span class='ocrx_word' id='word_1_118' title='bbox 920 1024 955 1082; x_wconf 92' lang='lat' dir='ltr'><strong>de</strong></span> <span class='ocrx_word' id='word_1_119' title='bbox 976 1022 1019 1081; x_wconf 90' lang='lat' dir='ltr'><strong>bis</strong></span> <span class='ocrx_word' id='word_1_120' title='bbox 1072 1024 1200 1081; x_wconf 88' lang='lat' dir='ltr'><strong>omnibus</strong></span> <span class='ocrx_word' id='word_1_121' title='bbox 1207 1024 1456 1098; x_wconf 87' lang='lat' dir='ltr'><strong>snispertluentiis,</strong></span> <span class='ocrx_word' id='word_1_122' title='bbox 1467 1032 1496 1082; x_wconf 89' lang='lat' dir='ltr'><strong>et</strong></span> <span class='ocrx_word' id='word_1_123' title='bbox 1511 1040 1625 1083; x_wconf 89' lang='lat' dir='ltr'><strong>mansos</strong></span> <span class='ocrx_word' id='word_1_124' title='bbox 1641 1032 1700 1083; x_wconf 85' lang='lat' dir='ltr'><strong>tres</strong></span> <span class='ocrx_word' id='word_1_125' title='bbox 1712 1025 1744 1083; x_wconf 90' lang='lat' dir='ltr'><strong>in</strong></span> <span class='ocrx_word' id='word_1_126' title='bbox 1756 1024 1873 1095; x_wconf 86' lang='lat' dir='ltr'><strong>canole,</strong></span> 
     </span>
     <span class='ocr_line' id='line_1_10' title="bbox 223 1117 1877 1199; baseline -0.002 -16"><span class='ocrx_word' id='word_1_127' title='bbox 223 1139 284 1199; x_wconf 83' lang='lat' dir='ltr'><strong>quae</strong></span> <span class='ocrx_word' id='word_1_128' title='bbox 310 1123 395 1197; x_wconf 86' lang='lat' dir='ltr'><strong>hujus</strong></span> <span class='ocrx_word' id='word_1_129' title='bbox 419 1121 506 1179; x_wconf 84' lang='lat' dir='ltr'><strong>nostri</strong></span> <span class='ocrx_word' id='word_1_130' title='bbox 528 1120 660 1194; x_wconf 76' lang='lat' dir='ltr'><strong>privilegii</strong></span> <span class='ocrx_word' id='word_1_131' title='bbox 687 1119 850 1177; x_wconf 78' lang='lat' dir='ltr'><strong>auctoritato</strong></span> <span class='ocrx_word' id='word_1_132' title='bbox 874 1117 1019 1176; x_wconf 73' lang='lat' dir='ltr'><strong>confirma</strong></span> <span class='ocrx_word' id='word_1_133' title='bbox 1070 1118 1235 1188; x_wconf 80' lang='lat' dir='ltr'><strong>corviatico,</strong></span> <span class='ocrx_word' id='word_1_134' title='bbox 1251 1118 1413 1189; x_wconf 83' lang='lat' dir='ltr'><strong>Mandriole,</strong></span> <span class='ocrx_word' id='word_1_135' title='bbox 1435 1118 1465 1176; x_wconf 93' lang='lat' dir='ltr'><strong>in</strong></span> <span class='ocrx_word' id='word_1_136' title='bbox 1493 1119 1606 1177; x_wconf 83' lang='lat' dir='ltr'><strong>Fabrica</strong></span> <span class='ocrx_word' id='word_1_137' title='bbox 1626 1134 1758 1178; x_wconf 86' lang='lat' dir='ltr'><strong>mansum</strong></span> <span class='ocrx_word' id='word_1_138' title='bbox 1769 1134 1877 1190; x_wconf 80' lang='lat' dir='ltr'><strong>mum,</strong></span> 
     </span>
     <span class='ocr_line' id='line_1_11' title="bbox 222 1212 1874 1288; baseline -0.004 -11"><span class='ocrx_word' id='word_1_139' title='bbox 222 1234 297 1288; x_wconf 90' lang='lat' dir='ltr'><strong>mos,</strong></span> <span class='ocrx_word' id='word_1_140' title='bbox 311 1216 412 1275; x_wconf 87' lang='lat' dir='ltr'><strong>audeat</strong></span> <span class='ocrx_word' id='word_1_141' title='bbox 429 1215 556 1287; x_wconf 86' lang='lat' dir='ltr'><strong>deinceps</strong></span> <span class='ocrx_word' id='word_1_142' title='bbox 574 1214 630 1271; x_wconf 87' lang='lat' dir='ltr'><strong>ulla</strong></span> <span class='ocrx_word' id='word_1_143' title='bbox 645 1212 835 1287; x_wconf 86' lang='lat' dir='ltr'><strong>inquietudine</strong></span> <span class='ocrx_word' id='word_1_144' title='bbox 861 1212 1015 1270; x_wconf 88' lang='lat' dir='ltr'><strong>molestare.</strong></span> <span class='ocrx_word' id='word_1_145' title='bbox 1071 1218 1099 1268; x_wconf 93' lang='lat' dir='ltr'><strong>et</strong></span> <span class='ocrx_word' id='word_1_146' title='bbox 1117 1213 1146 1269; x_wconf 89' lang='lat' dir='ltr'><strong>in</strong></span> <span class='ocrx_word' id='word_1_147' title='bbox 1164 1214 1240 1283; x_wconf 87' lang='lat' dir='ltr'><strong>Sese,</strong></span> <span class='ocrx_word' id='word_1_148' title='bbox 1255 1212 1382 1285; x_wconf 81' lang='lat' dir='ltr'><strong>Rodano,</strong></span> <span class='ocrx_word' id='word_1_149' title='bbox 1408 1213 1557 1283; x_wconf 74' lang='lat' dir='ltr'><strong>Silvaram,</strong></span> <span class='ocrx_word' id='word_1_150' title='bbox 1584 1213 1789 1285; x_wconf 72' lang='lat' dir='ltr'><strong>carbognano,</strong></span> <span class='ocrx_word' id='word_1_151' title='bbox 1811 1214 1874 1272; x_wconf 81' lang='lat' dir='ltr'><strong>Cel·</strong></span> 
     </span>
     <span class='ocr_line' id='line_1_12' title="bbox 222 1305 1875 1383; baseline -0.002 -14"><span class='ocrx_word' id='word_1_152' title='bbox 222 1312 251 1370; x_wconf 85' lang='lat' dir='ltr'><strong>Si</strong></span> <span class='ocrx_word' id='word_1_153' title='bbox 274 1310 337 1383; x_wconf 91' lang='lat' dir='ltr'><strong>quis</strong></span> <span class='ocrx_word' id='word_1_154' title='bbox 359 1318 452 1369; x_wconf 87' lang='lat' dir='ltr'><strong>autam</strong></span> <span class='ocrx_word' id='word_1_155' title='bbox 465 1308 547 1381; x_wconf 77' lang='lat' dir='ltr'><strong>buius</strong></span> <span class='ocrx_word' id='word_1_156' title='bbox 573 1308 662 1365; x_wconf 83' lang='lat' dir='ltr'><strong>nostri</strong></span> <span class='ocrx_word' id='word_1_157' title='bbox 687 1306 820 1381; x_wconf 73' lang='lat' dir='ltr'><strong>privilegii</strong></span> <span class='ocrx_word' id='word_1_158' title='bbox 844 1305 1018 1363; x_wconf 89' lang='lat' dir='ltr'><strong>sanctionem</strong></span> <span class='ocrx_word' id='word_1_159' title='bbox 1071 1305 1185 1375; x_wconf 88' lang='lat' dir='ltr'><strong>darlola,</strong></span> <span class='ocrx_word' id='word_1_160' title='bbox 1198 1307 1387 1380; x_wconf 89' lang='lat' dir='ltr'><strong>campaniola,</strong></span> <span class='ocrx_word' id='word_1_161' title='bbox 1412 1306 1546 1377; x_wconf 85' lang='lat' dir='ltr'><strong>Bodollo;</strong></span> <span class='ocrx_word' id='word_1_162' title='bbox 1569 1307 1628 1365; x_wconf 84' lang='lat' dir='ltr'><strong>vieo</strong></span> <span class='ocrx_word' id='word_1_163' title='bbox 1642 1307 1769 1377; x_wconf 75' lang='lat' dir='ltr'><strong>Martini,</strong></span> <span class='ocrx_word' id='word_1_164' title='bbox 1785 1308 1875 1380; x_wconf 79' lang='lat' dir='ltr'><strong>erer</strong></span> 
     </span>
     <span class='ocr_line' id='line_1_13' title="bbox 223 1400 1875 1475; baseline -0.002 -12"><span class='ocrx_word' id='word_1_165' title='bbox 223 1405 377 1474; x_wconf 73' lang='lat' dir='ltr'><strong>notaverit,</strong></span> <span class='ocrx_word' id='word_1_166' title='bbox 404 1403 456 1462; x_wconf 90' lang='lat' dir='ltr'><strong>nisi</strong></span> <span class='ocrx_word' id='word_1_167' title='bbox 478 1402 637 1474; x_wconf 80' lang='lat' dir='ltr'><strong>resipuerit,</strong></span> <span class='ocrx_word' id='word_1_168' title='bbox 673 1410 701 1458; x_wconf 92' lang='lat' dir='ltr'><strong>ct</strong></span> <span class='ocrx_word' id='word_1_169' title='bbox 726 1400 808 1475; x_wconf 77' lang='lat' dir='ltr'><strong>digna</strong></span> <span class='ocrx_word' id='word_1_170' title='bbox 833 1400 1019 1458; x_wconf 74' lang='lat' dir='ltr'><strong>satisfactione</strong></span> <span class='ocrx_word' id='word_1_171' title='bbox 1071 1400 1150 1467; x_wconf 87' lang='lat' dir='ltr'><strong>ciclo,</strong></span> <span class='ocrx_word' id='word_1_172' title='bbox 1173 1403 1268 1458; x_wconf 86' lang='lat' dir='ltr'><strong>blnnte</strong></span> <span class='ocrx_word' id='word_1_173' title='bbox 1290 1401 1424 1459; x_wconf 87' lang='lat' dir='ltr'><strong>camonl.</strong></span> <span class='ocrx_word' id='word_1_174' title='bbox 1443 1403 1480 1458; x_wconf 86' lang='lat' dir='ltr'><strong>Et</strong></span> <span class='ocrx_word' id='word_1_175' title='bbox 1501 1401 1634 1474; x_wconf 89' lang='lat' dir='ltr'><strong>capellam</strong></span> <span class='ocrx_word' id='word_1_176' title='bbox 1650 1402 1744 1462; x_wconf 81' lang='lat' dir='ltr'><strong>Sancti</strong></span> <span class='ocrx_word' id='word_1_177' title='bbox 1766 1401 1827 1460; x_wconf 84' lang='lat' dir='ltr'><strong>Viti</strong></span> <span class='ocrx_word' id='word_1_178' title='bbox 1846 1403 1875 1459; x_wconf 90' lang='lat' dir='ltr'><strong>in</strong></span> 
     </span>
     <span class='ocr_line' id='line_1_14' title="bbox 223 1482 1938 1571; baseline -0.002 -13"><span class='ocrx_word' id='word_1_179' title='bbox 223 1497 417 1568; x_wconf 76' lang='lat' dir='ltr'><strong>emendaverit,</strong></span> <span class='ocrx_word' id='word_1_180' title='bbox 430 1496 466 1553; x_wconf 91' lang='lat' dir='ltr'><strong>sit</strong></span> <span class='ocrx_word' id='word_1_181' title='bbox 494 1496 610 1554; x_wconf 87' lang='lat' dir='ltr'><strong>extorris</strong></span> <span class='ocrx_word' id='word_1_182' title='bbox 625 1510 736 1569; x_wconf 79' lang='lat' dir='ltr'><strong>aregno</strong></span> <span class='ocrx_word' id='word_1_183' title='bbox 755 1495 818 1562; x_wconf 87' lang='lat' dir='ltr'><strong>Dei,</strong></span> <span class='ocrx_word' id='word_1_184' title='bbox 843 1502 939 1567; x_wconf 85' lang='lat' dir='ltr'><strong>utpote</strong></span> <span class='ocrx_word' id='word_1_185' title='bbox 952 1510 1018 1567; x_wconf 90' lang='lat' dir='ltr'><strong>apo·</strong></span> <span class='ocrx_word' id='word_1_186' title='bbox 1073 1493 1194 1560; x_wconf 86' lang='lat' dir='ltr'><strong>Oiliano,</strong></span> <span class='ocrx_word' id='word_1_187' title='bbox 1211 1502 1239 1551; x_wconf 90' lang='lat' dir='ltr'><strong>et</strong></span> <span class='ocrx_word' id='word_1_188' title='bbox 1251 1495 1390 1568; x_wconf 84' lang='lat' dir='ltr'><strong>Capellam</strong></span> <span class='ocrx_word' id='word_1_189' title='bbox 1405 1495 1496 1552; x_wconf 90' lang='lat' dir='ltr'><strong>Sancti</strong></span> <span class='ocrx_word' id='word_1_190' title='bbox 1511 1494 1621 1554; x_wconf 77' lang='lat' dir='ltr'><strong>Abundl</strong></span> <span class='ocrx_word' id='word_1_191' title='bbox 1632 1510 1697 1554; x_wconf 88' lang='lat' dir='ltr'><strong>conr</strong></span> <span class='ocrx_word' id='word_1_192' title='bbox 1709 1496 1773 1554; x_wconf 87' lang='lat' dir='ltr'><strong>auis</strong></span> <span class='ocrx_word' id='word_1_193' title='bbox 1787 1496 1875 1571; x_wconf 86' lang='lat' dir='ltr'><strong>perti·</strong></span> <span class='ocrx_word' id='word_1_194' title='bbox 1935 1482 1938 1491; x_wconf 52' lang='lat'><strong><em>⁴</em></strong></span> 
     </span>
     <span class='ocr_line' id='line_1_15' title="bbox 221 1587 1868 1662; baseline -0.002 -10"><span class='ocrx_word' id='word_1_195' title='bbox 221 1594 324 1652; x_wconf 86' lang='lat' dir='ltr'><strong>stolicae</strong></span> <span class='ocrx_word' id='word_1_196' title='bbox 338 1591 509 1650; x_wconf 77' lang='lat' dir='ltr'><strong>austeritatis</strong></span> <span class='ocrx_word' id='word_1_197' title='bbox 522 1590 669 1662; x_wconf 76' lang='lat' dir='ltr'><strong>sacrilegus</strong></span> <span class='ocrx_word' id='word_1_198' title='bbox 681 1597 868 1660; x_wconf 88' lang='lat' dir='ltr'><strong>contemptor,</strong></span> <span class='ocrx_word' id='word_1_199' title='bbox 884 1595 923 1658; x_wconf 91' lang='lat' dir='ltr'><strong>ct,</strong></span> <span class='ocrx_word' id='word_1_200' title='bbox 937 1588 1018 1662; x_wconf 78' lang='lat' dir='ltr'><strong>dlgna</strong></span> <span class='ocrx_word' id='word_1_201' title='bbox 1073 1587 1184 1656; x_wconf 87' lang='lat' dir='ltr'><strong>nentils,</strong></span> <span class='ocrx_word' id='word_1_202' title='bbox 1199 1590 1313 1646; x_wconf 87' lang='lat' dir='ltr'><strong>Pratum</strong></span> <span class='ocrx_word' id='word_1_203' title='bbox 1331 1587 1367 1646; x_wconf 90' lang='lat' dir='ltr'><strong>de</strong></span> <span class='ocrx_word' id='word_1_204' title='bbox 1383 1591 1495 1656; x_wconf 88' lang='lat' dir='ltr'><strong>Boeoto,</strong></span> <span class='ocrx_word' id='word_1_205' title='bbox 1514 1588 1619 1659; x_wconf 76' lang='lat' dir='ltr'><strong>Ariola,</strong></span> <span class='ocrx_word' id='word_1_206' title='bbox 1646 1590 1774 1657; x_wconf 79' lang='lat' dir='ltr'><strong>cariata,</strong></span> <span class='ocrx_word' id='word_1_207' title='bbox 1789 1590 1868 1649; x_wconf 78' lang='lat' dir='ltr'><strong>blote</strong></span> 
     </span>
     <span class='ocr_line' id='line_1_16' title="bbox 222 1681 1877 1759; baseline -0.002 -14"><span class='ocrx_word' id='word_1_208' title='bbox 222 1684 506 1746; x_wconf 85' lang='lat' dir='ltr'><strong>excommunicatione</strong></span> <span class='ocrx_word' id='word_1_209' title='bbox 518 1682 673 1752; x_wconf 87' lang='lat' dir='ltr'><strong>damnatus,</strong></span> <span class='ocrx_word' id='word_1_210' title='bbox 685 1686 719 1739; x_wconf 91' lang='lat' dir='ltr'><strong>ab</strong></span> <span class='ocrx_word' id='word_1_211' title='bbox 733 1681 855 1739; x_wconf 85' lang='lat' dir='ltr'><strong>Ecclesia</strong></span> <span class='ocrx_word' id='word_1_212' title='bbox 870 1682 923 1738; x_wconf 88' lang='lat' dir='ltr'><strong>Dei</strong></span> <span class='ocrx_word' id='word_1_213' title='bbox 937 1697 1018 1754; x_wconf 89' lang='lat' dir='ltr'><strong>pror·</strong></span> <span class='ocrx_word' id='word_1_214' title='bbox 1072 1681 1143 1750; x_wconf 90' lang='lat' dir='ltr'><strong>lena,</strong></span> <span class='ocrx_word' id='word_1_215' title='bbox 1159 1682 1333 1757; x_wconf 78' lang='lat' dir='ltr'><strong>campigene,</strong></span> <span class='ocrx_word' id='word_1_216' title='bbox 1349 1683 1539 1753; x_wconf 81' lang='lat' dir='ltr'><strong>Marmoriolo,</strong></span> <span class='ocrx_word' id='word_1_217' title='bbox 1555 1692 1582 1742; x_wconf 93' lang='lat' dir='ltr'><strong>ct</strong></span> <span class='ocrx_word' id='word_1_218' title='bbox 1601 1698 1646 1741; x_wconf 88' lang='lat' dir='ltr'><strong>rer</strong></span> <span class='ocrx_word' id='word_1_219' title='bbox 1672 1698 1736 1757; x_wconf 84' lang='lat' dir='ltr'><strong>quae</strong></span> <span class='ocrx_word' id='word_1_220' title='bbox 1751 1684 1877 1759; x_wconf 84' lang='lat' dir='ltr'><strong>rejacent</strong></span> 
     </span>
     <span class='ocr_line' id='line_1_17' title="bbox 221 1746 1878 1851; baseline -0.001 -13"><span class='ocrx_word' id='word_1_221' title='bbox 221 1797 268 1838; x_wconf 88' lang='lat' dir='ltr'><strong>sus</strong></span> <span class='ocrx_word' id='word_1_222' title='bbox 287 1787 433 1838; x_wconf 82' lang='lat' dir='ltr'><strong>extraneus</strong></span> <span class='ocrx_word' id='word_1_223' title='bbox 460 1776 610 1847; x_wconf 83' lang='lat' dir='ltr'><strong>efficiatur,</strong></span> <span class='ocrx_word' id='word_1_224' title='bbox 649 1784 843 1851; x_wconf 77' lang='lat' dir='ltr'><strong>perpetuaeque</strong></span> <span class='ocrx_word' id='word_1_225' title='bbox 878 1775 1018 1849; x_wconf 87' lang='lat' dir='ltr'><strong>subjaceat</strong></span> <span class='ocrx_word' id='word_1_226' title='bbox 1033 1746 1146 1849; x_wconf 78' lang='lat' dir='ltr'><strong>Bjorata</strong></span> <span class='ocrx_word' id='word_1_227' title='bbox 1160 1775 1358 1849; x_wconf 88' lang='lat' dir='ltr'><strong>pontidcellum</strong></span> <span class='ocrx_word' id='word_1_228' title='bbox 1371 1778 1490 1848; x_wconf 77' lang='lat' dir='ltr'><strong>nodam,</strong></span> <span class='ocrx_word' id='word_1_229' title='bbox 1504 1776 1572 1835; x_wconf 76' lang='lat' dir='ltr'><strong>silva</strong></span> <span class='ocrx_word' id='word_1_230' title='bbox 1587 1777 1878 1848; x_wconf 81' lang='lat' dir='ltr'><strong>decroseto‚1’urci·</strong></span> 
     </span>
     <span class='ocr_line' id='line_1_18' title="bbox 219 1869 1875 1946; baseline -0.001 -13"><span class='ocrx_word' id='word_1_231' title='bbox 219 1873 412 1933; x_wconf 87' lang='lat' dir='ltr'><strong>maledictioni.</strong></span> <span class='ocrx_word' id='word_1_232' title='bbox 428 1871 599 1946; x_wconf 70' lang='lat' dir='ltr'><strong>ceteroqui</strong></span> <span class='ocrx_word' id='word_1_233' title='bbox 613 1870 675 1944; x_wconf 89' lang='lat' dir='ltr'><strong>pius</strong></span> <span class='ocrx_word' id='word_1_234' title='bbox 693 1870 853 1928; x_wconf 80' lang='lat' dir='ltr'><strong>observator</strong></span> <span class='ocrx_word' id='word_1_235' title='bbox 873 1870 1017 1938; x_wconf 84' lang='lat' dir='ltr'><strong>exstiterit,</strong></span> <span class='ocrx_word' id='word_1_236' title='bbox 1072 1869 1146 1939; x_wconf 90' lang='lat' dir='ltr'><strong>liele,</strong></span> <span class='ocrx_word' id='word_1_237' title='bbox 1160 1869 1292 1942; x_wconf 83' lang='lat' dir='ltr'><strong>Rnnclse,</strong></span> <span class='ocrx_word' id='word_1_238' title='bbox 1302 1879 1329 1929; x_wconf 89' lang='lat' dir='ltr'><strong>ct</strong></span> <span class='ocrx_word' id='word_1_239' title='bbox 1339 1870 1365 1927; x_wconf 92' lang='lat' dir='ltr'><strong>iu</strong></span> <span class='ocrx_word' id='word_1_240' title='bbox 1378 1871 1473 1929; x_wconf 89' lang='lat' dir='ltr'><strong>casale</strong></span> <span class='ocrx_word' id='word_1_241' title='bbox 1486 1870 1679 1943; x_wconf 83' lang='lat' dir='ltr'><strong>Fossedundc,</strong></span> <span class='ocrx_word' id='word_1_242' title='bbox 1690 1878 1721 1931; x_wconf 81' lang='lat' dir='ltr'><strong>rt</strong></span> <span class='ocrx_word' id='word_1_243' title='bbox 1732 1872 1875 1931; x_wconf 71' lang='lat' dir='ltr'><strong>basolum</strong></span> 
     </span>
     <span class='ocr_line' id='line_1_19' title="bbox 219 1963 1879 2042; baseline -0.001 -16"><span class='ocrx_word' id='word_1_244' title='bbox 219 1976 359 2042; x_wconf 75' lang='lat' dir='ltr'><strong>perpetua</strong></span> <span class='ocrx_word' id='word_1_245' title='bbox 384 1965 584 2025; x_wconf 83' lang='lat' dir='ltr'><strong>benedictionis</strong></span> <span class='ocrx_word' id='word_1_246' title='bbox 605 1963 774 2022; x_wconf 87' lang='lat' dir='ltr'><strong>abundantia</strong></span> <span class='ocrx_word' id='word_1_247' title='bbox 787 1964 935 2035; x_wconf 78' lang='lat' dir='ltr'><strong>repleatur,</strong></span> <span class='ocrx_word' id='word_1_248' title='bbox 953 1979 1018 2020; x_wconf 88' lang='lat' dir='ltr'><strong>con·</strong></span> <span class='ocrx_word' id='word_1_249' title='bbox 1071 1979 1136 2021; x_wconf 89' lang='lat' dir='ltr'><strong>cum</strong></span> <span class='ocrx_word' id='word_1_250' title='bbox 1150 1964 1287 2036; x_wconf 89' lang='lat' dir='ltr'><strong>piscariis,</strong></span> <span class='ocrx_word' id='word_1_251' title='bbox 1300 1972 1328 2022; x_wconf 88' lang='lat' dir='ltr'><strong>et</strong></span> <span class='ocrx_word' id='word_1_252' title='bbox 1341 1965 1473 2023; x_wconf 88' lang='lat' dir='ltr'><strong>omuibus</strong></span> <span class='ocrx_word' id='word_1_253' title='bbox 1491 1965 1548 2023; x_wconf 89' lang='lat' dir='ltr'><strong>suis</strong></span> <span class='ocrx_word' id='word_1_254' title='bbox 1562 1965 1738 2038; x_wconf 85' lang='lat' dir='ltr'><strong>pertinentiis</strong></span> <span class='ocrx_word' id='word_1_255' title='bbox 1757 1966 1879 2026; x_wconf 83' lang='lat' dir='ltr'><strong>adSan·</strong></span> 
     </span>
     <span class='ocr_line' id='line_1_20' title="bbox 221 2057 1876 2136; baseline 0.001 -18"><span class='ocrx_word' id='word_1_256' title='bbox 221 2061 371 2120; x_wconf 89' lang='lat' dir='ltr'><strong>stituimus.</strong></span> <span class='ocrx_word' id='word_1_257' title='bbox 1070 2065 1146 2115; x_wconf 78' lang='lat' dir='ltr'><strong>cuam</strong></span> <span class='ocrx_word' id='word_1_258' title='bbox 1163 2057 1343 2131; x_wconf 86' lang='lat' dir='ltr'><strong>Stephanum,</strong></span> <span class='ocrx_word' id='word_1_259' title='bbox 1358 2059 1393 2117; x_wconf 88' lang='lat' dir='ltr'><strong>ad</strong></span> <span class='ocrx_word' id='word_1_260' title='bbox 1406 2060 1535 2117; x_wconf 85' lang='lat' dir='ltr'><strong>Sanctum</strong></span> <span class='ocrx_word' id='word_1_261' title='bbox 1548 2058 1760 2129; x_wconf 82' lang='lat' dir='ltr'><strong>Possldonium,</strong></span> <span class='ocrx_word' id='word_1_262' title='bbox 1773 2060 1807 2119; x_wconf 89' lang='lat' dir='ltr'><strong>in</strong></span> <span class='ocrx_word' id='word_1_263' title='bbox 1829 2076 1876 2136; x_wconf 88' lang='lat' dir='ltr'><strong>pa·</strong></span> 
     </span>
     <span class='ocr_line' id='line_1_21' title="bbox 256 2149 1880 2226; baseline 0.001 -14"><span class='ocrx_word' id='word_1_264' title='bbox 256 2156 336 2212; x_wconf 75' lang='lat' dir='ltr'><strong>Anno</strong></span> <span class='ocrx_word' id='word_1_265' title='bbox 363 2152 513 2211; x_wconf 75' lang='lat' dir='ltr'><strong>Dominicae</strong></span> <span class='ocrx_word' id='word_1_266' title='bbox 538 2150 737 2209; x_wconf 86' lang='lat' dir='ltr'><strong>incarnationis</strong></span> <span class='ocrx_word' id='word_1_267' title='bbox 759 2155 841 2219; x_wconf 74' lang='lat' dir='ltr'><strong>toti,</strong></span> <span class='ocrx_word' id='word_1_268' title='bbox 865 2149 1017 2209; x_wconf 84' lang='lat' dir='ltr'><strong>indictione</strong></span> <span class='ocrx_word' id='word_1_269' title='bbox 1071 2165 1107 2223; x_wconf 76' lang='lat' dir='ltr'><strong>qo</strong></span> <span class='ocrx_word' id='word_1_270' title='bbox 1121 2150 1269 2209; x_wconf 87' lang='lat' dir='ltr'><strong>Mutinensi</strong></span> <span class='ocrx_word' id='word_1_271' title='bbox 1289 2152 1434 2226; x_wconf 80' lang='lat' dir='ltr'><strong>buyda,in</strong></span> <span class='ocrx_word' id='word_1_272' title='bbox 1447 2160 1543 2212; x_wconf 90' lang='lat' dir='ltr'><strong>monte</strong></span> <span class='ocrx_word' id='word_1_273' title='bbox 1555 2153 1724 2223; x_wconf 86' lang='lat' dir='ltr'><strong>Passarario,</strong></span> <span class='ocrx_word' id='word_1_274' title='bbox 1738 2152 1770 2210; x_wconf 86' lang='lat' dir='ltr'><strong>in</strong></span> <span class='ocrx_word' id='word_1_275' title='bbox 1784 2154 1880 2213; x_wconf 80' lang='lat' dir='ltr'><strong>Polia-</strong></span> 
     </span>
     <span class='ocr_line' id='line_1_22' title="bbox 221 2242 1881 2320; baseline 0.001 -14"><span class='ocrx_word' id='word_1_276' title='bbox 221 2258 289 2318; x_wconf 72' lang='lat' dir='ltr'><strong>arr,</strong></span> <span class='ocrx_word' id='word_1_277' title='bbox 304 2263 376 2305; x_wconf 92' lang='lat' dir='ltr'><strong>anno</strong></span> <span class='ocrx_word' id='word_1_278' title='bbox 394 2255 488 2305; x_wconf 88' lang='lat' dir='ltr'><strong>autem</strong></span> <span class='ocrx_word' id='word_1_279' title='bbox 502 2245 678 2318; x_wconf 81' lang='lat' dir='ltr'><strong>pontificatus</strong></span> <span class='ocrx_word' id='word_1_280' title='bbox 691 2242 950 2302; x_wconf 86' lang='lat' dir='ltr'><strong>domniclementis</strong></span> <span class='ocrx_word' id='word_1_281' title='bbox 975 2246 1016 2303; x_wconf 91' lang='lat' dir='ltr'><strong>lll</strong></span> <span class='ocrx_word' id='word_1_282' title='bbox 1070 2243 1170 2318; x_wconf 76' lang='lat' dir='ltr'><strong>quello,</strong></span> <span class='ocrx_word' id='word_1_283' title='bbox 1185 2246 1280 2315; x_wconf 89' lang='lat' dir='ltr'><strong>Serra,</strong></span> <span class='ocrx_word' id='word_1_284' title='bbox 1293 2246 1441 2320; x_wconf 77' lang='lat' dir='ltr'><strong>Appolltna</strong></span> <span class='ocrx_word' id='word_1_285' title='bbox 1460 2246 1494 2305; x_wconf 90' lang='lat' dir='ltr'><strong>ad</strong></span> <span class='ocrx_word' id='word_1_286' title='bbox 1508 2248 1635 2305; x_wconf 89' lang='lat' dir='ltr'><strong>Sanctam</strong></span> <span class='ocrx_word' id='word_1_287' title='bbox 1657 2248 1779 2306; x_wconf 79' lang='lat' dir='ltr'><strong>Mariam</strong></span> <span class='ocrx_word' id='word_1_288' title='bbox 1793 2256 1881 2307; x_wconf 77' lang='lat' dir='ltr'><strong>&#39;mm</strong></span> 
     </span>
     <span class='ocr_line' id='line_1_23' title="bbox 220 2337 1867 2416; baseline 0.002 -17"><span class='ocrx_word' id='word_1_289' title='bbox 220 2356 299 2415; x_wconf 82' lang='lat' dir='ltr'><strong>papas</strong></span> <span class='ocrx_word' id='word_1_290' title='bbox 316 2355 372 2408; x_wconf 83' lang='lat' dir='ltr'><strong>ru,</strong></span> <span class='ocrx_word' id='word_1_291' title='bbox 384 2354 441 2399; x_wconf 73' lang='grc' dir='ltr'><strong>ιιι</strong></span> <span class='ocrx_word' id='word_1_292' title='bbox 456 2340 524 2397; x_wconf 83' lang='lat' dir='ltr'><strong>Kal.</strong></span> <span class='ocrx_word' id='word_1_293' title='bbox 541 2337 695 2396; x_wconf 85' lang='lat' dir='ltr'><strong>Februarii.</strong></span> <span class='ocrx_word' id='word_1_294' title='bbox 1070 2338 1227 2396; x_wconf 82' lang='lat' dir='ltr'><strong>oliveto.Et</strong></span> <span class='ocrx_word' id='word_1_295' title='bbox 1234 2339 1372 2398; x_wconf 90' lang='lat' dir='ltr'><strong>decimam</strong></span> <span class='ocrx_word' id='word_1_296' title='bbox 1383 2340 1412 2397; x_wconf 88' lang='lat' dir='ltr'><strong>in</strong></span> <span class='ocrx_word' id='word_1_297' title='bbox 1421 2341 1722 2416; x_wconf 81' lang='lat' dir='ltr'><strong>civitatequaroeatnr</strong></span> <span class='ocrx_word' id='word_1_298' title='bbox 1731 2342 1867 2416; x_wconf 59' lang='lat' dir='ltr'><strong>iterium,</strong></span> 
     </span>
     <span class='ocr_line' id='line_1_24' title="bbox 257 2431 1881 2508; baseline 0.002 -16"><span class='ocrx_word' id='word_1_299' title='bbox 257 2437 360 2493; x_wconf 82' lang='lat' dir='ltr'><strong>Datum</strong></span> <span class='ocrx_word' id='word_1_300' title='bbox 380 2449 429 2506; x_wconf 89' lang='lat' dir='ltr'><strong>per</strong></span> <span class='ocrx_word' id='word_1_301' title='bbox 451 2448 566 2492; x_wconf 90' lang='lat' dir='ltr'><strong>manum</strong></span> <span class='ocrx_word' id='word_1_302' title='bbox 586 2431 709 2490; x_wconf 89' lang='lat' dir='ltr'><strong>Bemeril</strong></span> <span class='ocrx_word' id='word_1_303' title='bbox 728 2432 786 2489; x_wconf 87' lang='lat' dir='ltr'><strong>vioe</strong></span> <span class='ocrx_word' id='word_1_304' title='bbox 816 2431 967 2490; x_wconf 87' lang='lat' dir='ltr'><strong>cancellarii</strong></span> <span class='ocrx_word' id='word_1_305' title='bbox 989 2432 1018 2488; x_wconf 88' lang='lat' dir='ltr'><strong>in</strong></span> <span class='ocrx_word' id='word_1_306' title='bbox 1070 2433 1225 2490; x_wconf 84' lang='lat' dir='ltr'><strong>cumomni</strong></span> <span class='ocrx_word' id='word_1_307' title='bbox 1248 2433 1416 2508; x_wconf 76' lang='lat' dir='ltr'><strong>integritate,</strong></span> <span class='ocrx_word' id='word_1_308' title='bbox 1436 2436 1504 2493; x_wconf 86' lang='lat' dir='ltr'><strong>etin</strong></span> <span class='ocrx_word' id='word_1_309' title='bbox 1522 2435 1635 2493; x_wconf 79' lang='lat' dir='ltr'><strong>Massia.</strong></span> <span class='ocrx_word' id='word_1_310' title='bbox 1654 2436 1803 2494; x_wconf 77' lang='lat' dir='ltr'><strong>litomncs</strong></span> <span class='ocrx_word' id='word_1_311' title='bbox 1825 2450 1881 2495; x_wconf 75' lang='lat' dir='ltr'><strong>res</strong></span> 
     </span>
     <span class='ocr_line' id='line_1_25' title="bbox 219 2525 1938 2601; baseline 0.001 -14"><span class='ocrx_word' id='word_1_312' title='bbox 219 2525 288 2587; x_wconf 86' lang='lat' dir='ltr'><strong>urbo</strong></span> <span class='ocrx_word' id='word_1_313' title='bbox 305 2527 444 2596; x_wconf 85' lang='lat' dir='ltr'><strong>Paduana,</strong></span> <span class='ocrx_word' id='word_1_314' title='bbox 469 2536 561 2585; x_wconf 89' lang='lat' dir='ltr'><strong>actum</strong></span> <span class='ocrx_word' id='word_1_315' title='bbox 591 2525 713 2582; x_wconf 87' lang='lat' dir='ltr'><strong>lellciter.</strong></span> <span class='ocrx_word' id='word_1_316' title='bbox 1070 2540 1132 2599; x_wconf 79' lang='lat' dir='ltr'><strong>quar</strong></span> <span class='ocrx_word' id='word_1_317' title='bbox 1146 2535 1210 2584; x_wconf 90' lang='lat' dir='ltr'><strong>sunt</strong></span> <span class='ocrx_word' id='word_1_318' title='bbox 1226 2527 1255 2585; x_wconf 94' lang='lat' dir='ltr'><strong>in</strong></span> <span class='ocrx_word' id='word_1_319' title='bbox 1273 2528 1390 2586; x_wconf 85' lang='lat' dir='ltr'><strong>circuitu</strong></span> <span class='ocrx_word' id='word_1_320' title='bbox 1404 2528 1521 2586; x_wconf 79' lang='lat' dir='ltr'><strong>civitatis</strong></span> <span class='ocrx_word' id='word_1_321' title='bbox 1540 2544 1602 2601; x_wconf 78' lang='lat' dir='ltr'><strong>qnae</strong></span> <span class='ocrx_word' id='word_1_322' title='bbox 1623 2537 1740 2587; x_wconf 77' lang='lat' dir='ltr'><strong>vocatur</strong></span> <span class='ocrx_word' id='word_1_323' title='bbox 1755 2529 1871 2588; x_wconf 68' lang='lat' dir='ltr'><strong>finilia.</strong></span> <span class='ocrx_word' id='word_1_324' title='bbox 1933 2568 1938 2577; x_wconf 87' lang='lat'><strong>·</strong></span> 
     </span>
     <span class='ocr_line' id='line_1_26' title="bbox 573 2620 1938 2710; baseline 0.007 -38"><span class='ocrx_word' id='word_1_325' title='bbox 573 2650 650 2710; x_wconf 42' lang='lat' dir='ltr'><strong>vm·</strong></span> <span class='ocrx_word' id='word_1_326' title='bbox 1069 2620 1105 2676; x_wconf 83' lang='lat' dir='ltr'><strong>Et</strong></span> <span class='ocrx_word' id='word_1_327' title='bbox 1124 2628 1230 2678; x_wconf 77' lang='lat' dir='ltr'><strong>comem</strong></span> <span class='ocrx_word' id='word_1_328' title='bbox 1243 2636 1327 2679; x_wconf 89' lang='lat' dir='ltr'><strong>unam</strong></span> <span class='ocrx_word' id='word_1_329' title='bbox 1342 2622 1369 2678; x_wconf 87' lang='lat' dir='ltr'><strong>in</strong></span> <span class='ocrx_word' id='word_1_330' title='bbox 1380 2622 1602 2693; x_wconf 85' lang='lat' dir='ltr'><strong>Tertnnenaibus,</strong></span> <span class='ocrx_word' id='word_1_331' title='bbox 1617 2637 1680 2696; x_wconf 79' lang='lat' dir='ltr'><strong>quar</strong></span> <span class='ocrx_word' id='word_1_332' title='bbox 1692 2620 1794 2681; x_wconf 71' lang='lat' dir='ltr'><strong>deora</strong></span> <span class='ocrx_word' id='word_1_333' title='bbox 1813 2624 1938 2682; x_wconf 80' lang='lat' dir='ltr'><strong>llo-</strong></span> 
     </span>
    </p>
   </div>
   <div class='ocr_carea' id='block_1_3' title="bbox 1069 2714 1938 2790">
    <p class='ocr_par' dir='ltr' id='par_1_3' title="bbox 1069 2714 1938 2790">
     <span class='ocr_line' id='line_1_27' title="bbox 1069 2714 1938 2790; baseline 0.006 -20"><span class='ocrx_word' id='word_1_334' title='bbox 1069 2727 1113 2781; x_wconf 81' lang='lat' dir='ltr'><strong>ra,</strong></span> <span class='ocrx_word' id='word_1_335' title='bbox 1133 2722 1161 2770; x_wconf 88' lang='lat' dir='ltr'><strong>et</strong></span> <span class='ocrx_word' id='word_1_336' title='bbox 1178 2729 1275 2773; x_wconf 90' lang='lat' dir='ltr'><strong>omnes</strong></span> <span class='ocrx_word' id='word_1_337' title='bbox 1287 2731 1331 2772; x_wconf 86' lang='lat' dir='ltr'><strong>res</strong></span> <span class='ocrx_word' id='word_1_338' title='bbox 1344 2731 1406 2788; x_wconf 79' lang='lat' dir='ltr'><strong>quae</strong></span> <span class='ocrx_word' id='word_1_339' title='bbox 1426 2724 1492 2774; x_wconf 88' lang='lat' dir='ltr'><strong>sunt</strong></span> <span class='ocrx_word' id='word_1_340' title='bbox 1514 2716 1544 2773; x_wconf 91' lang='lat' dir='ltr'><strong>in</strong></span> <span class='ocrx_word' id='word_1_341' title='bbox 1557 2714 1751 2790; x_wconf 79' lang='lat' dir='ltr'><strong>aqueductio,</strong></span> <span class='ocrx_word' id='word_1_342' title='bbox 1762 2724 1793 2774; x_wconf 86' lang='lat' dir='ltr'><strong>et</strong></span> <span class='ocrx_word' id='word_1_343' title='bbox 1806 2732 1938 2775; x_wconf 85' lang='lat' dir='ltr'><strong>cur-</strong></span> 
     </span>
    </p>
   </div>
   <div class='ocr_carea' id='block_1_4' title="bbox 219 2776 1938 2995">
    <p class='ocr_par' dir='ltr' id='par_1_4' title="bbox 219 2776 1938 2995">
     <span class='ocr_line' id='line_1_28' title="bbox 219 2776 1938 2884; baseline 0.001 -21"><span class='ocrx_word' id='word_1_344' title='bbox 219 2780 359 2863; x_wconf 52' lang='lat' dir='ltr'><strong>ami?</strong></span> <span class='ocrx_word' id='word_1_345' title='bbox 369 2780 422 2863; x_wconf 67' lang='grc' dir='ltr'><strong>,ω’</strong></span> <span class='ocrx_word' id='word_1_346' title='bbox 436 2776 755 2863; x_wconf 57' lang='grc' dir='ltr'><strong>ΡΡΡΡΡΡΡΡΡΡῬΡΡΡΡΡ</strong></span> <span class='ocrx_word' id='word_1_347' title='bbox 766 2793 804 2862; x_wconf 74' lang='grc' dir='ltr'><strong>ΡΡ</strong></span> <span class='ocrx_word' id='word_1_348' title='bbox 802 2793 846 2861; x_wconf 53' lang='grc' dir='ltr'><strong>ΡΨ</strong></span> <span class='ocrx_word' id='word_1_349' title='bbox 861 2777 947 2846; x_wconf 47' lang='grc' dir='ltr'><strong>ΡΡΡΨ</strong></span> <span class='ocrx_word' id='word_1_350' title='bbox 960 2793 1015 2848; x_wconf 70' lang='grc' dir='ltr'><strong>ΡΡΡ</strong></span> <span class='ocrx_word' id='word_1_351' title='bbox 1069 2814 1125 2863; x_wconf 87' lang='lat' dir='ltr'><strong>torn</strong></span> <span class='ocrx_word' id='word_1_352' title='bbox 1136 2808 1228 2865; x_wconf 89' lang='lat' dir='ltr'><strong>Sancti</strong></span> <span class='ocrx_word' id='word_1_353' title='bbox 1238 2808 1369 2881; x_wconf 87' lang='lat' dir='ltr'><strong>Stephani</strong></span> <span class='ocrx_word' id='word_1_354' title='bbox 1382 2825 1446 2866; x_wconf 90' lang='lat' dir='ltr'><strong>cum</strong></span> <span class='ocrx_word' id='word_1_355' title='bbox 1471 2808 1551 2882; x_wconf 90' lang='lat' dir='ltr'><strong>plebe</strong></span> <span class='ocrx_word' id='word_1_356' title='bbox 1570 2824 1633 2884; x_wconf 80' lang='lat' dir='ltr'><strong>qnae</strong></span> <span class='ocrx_word' id='word_1_357' title='bbox 1654 2808 1727 2868; x_wconf 79' lang='lat' dir='ltr'><strong>inira</strong></span> <span class='ocrx_word' id='word_1_358' title='bbox 1743 2817 1938 2869; x_wconf 60' lang='lat' dir='ltr'><strong>domums</strong></span> 
     </span>
     <span class='ocr_line' id='line_1_29' title="bbox 253 2849 1776 2919; baseline -0.001 -12"><span class='ocrx_word' id='word_1_359' title='bbox 253 2866 388 2907; x_wconf 77' lang='lat' dir='ltr'><strong>macereas</strong></span> <span class='ocrx_word' id='word_1_360' title='bbox 410 2850 522 2906; x_wconf 79' lang='lat' dir='ltr'><strong>eoelesro</strong></span> <span class='ocrx_word' id='word_1_361' title='bbox 550 2852 687 2919; x_wconf 70' lang='lat' dir='ltr'><strong>depensos</strong></span> <span class='ocrx_word' id='word_1_362' title='bbox 704 2864 795 2905; x_wconf 82' lang='lat' dir='ltr'><strong>ornato</strong></span> <span class='ocrx_word' id='word_1_363' title='bbox 813 2850 922 2906; x_wconf 80' lang='lat' dir='ltr'><strong>allorum</strong></span> <span class='ocrx_word' id='word_1_364' title='bbox 946 2849 1016 2905; x_wconf 84' lang='lat' dir='ltr'><strong>bono</strong></span> <span class='ocrx_word' id='word_1_365' title='bbox 1085 2899 1092 2912; x_wconf 83' lang='lat'><strong>,</strong></span> <span class='ocrx_word' id='word_1_366' title='bbox 1351 2902 1357 2915; x_wconf 82' lang='lat'><strong>,</strong></span> <span class='ocrx_word' id='word_1_367' title='bbox 1458 2903 1465 2915; x_wconf 79' lang='grc'>,</span> <span class='ocrx_word' id='word_1_368' title='bbox 1560 2902 1566 2915; x_wconf 89' lang='grc'>,</span> <span class='ocrx_word' id='word_1_369' title='bbox 1635 2902 1651 2915; x_wconf 84' lang='grc'><strong>,,</strong></span> <span class='ocrx_word' id='word_1_370' title='bbox 1768 2904 1776 2917; x_wconf 82' lang='grc'>,</span> 
     </span>
     <span class='ocr_line' id='line_1_30' title="bbox 253 2902 1938 2995; baseline 0.004 -40"><span class='ocrx_word' id='word_1_371' title='bbox 253 2926 280 2978; x_wconf 60' lang='lat'><strong>,3</strong></span> <span class='ocrx_word' id='word_1_372' title='bbox 289 2923 356 2995; x_wconf 51' lang='lat' dir='ltr'><strong>qm</strong></span> <span class='ocrx_word' id='word_1_373' title='bbox 367 2924 515 2993; x_wconf 45' lang='lat' dir='ltr'><strong>mmm,</strong></span> <span class='ocrx_word' id='word_1_374' title='bbox 1069 2908 1122 2957; x_wconf 87' lang='lat' dir='ltr'><strong>srta</strong></span> <span class='ocrx_word' id='word_1_375' title='bbox 1136 2910 1188 2971; x_wconf 90' lang='lat' dir='ltr'><strong>est,</strong></span> <span class='ocrx_word' id='word_1_376' title='bbox 1202 2918 1267 2959; x_wconf 88' lang='lat' dir='ltr'><strong>cum</strong></span> <span class='ocrx_word' id='word_1_377' title='bbox 1281 2903 1411 2960; x_wconf 77' lang='lat' dir='ltr'><strong>omnibus</strong></span> <span class='ocrx_word' id='word_1_378' title='bbox 1423 2918 1481 2961; x_wconf 87' lang='lat' dir='ltr'><strong>surr</strong></span> <span class='ocrx_word' id='word_1_379' title='bbox 1498 2910 1677 2975; x_wconf 89' lang='lat' dir='ltr'><strong>pertrnentus,</strong></span> <span class='ocrx_word' id='word_1_380' title='bbox 1692 2902 1778 2961; x_wconf 73' lang='lat' dir='ltr'><strong>doun</strong></span> <span class='ocrx_word' id='word_1_381' title='bbox 1789 2918 1807 2961; x_wconf 86' lang='lat' dir='ltr'><strong>a</strong></span> <span class='ocrx_word' id='word_1_382' title='bbox 1819 2904 1938 2963; x_wconf 73' lang='lat' dir='ltr'><strong>lto-‹-</strong></span> 
     </span>
    </p>
   </div>
   <div class='ocr_carea' id='block_1_5' title="bbox 1068 2994 1938 3073">
    <p class='ocr_par' dir='ltr' id='par_1_5' title="bbox 1068 2994 1938 3073">
     <span class='ocr_line' id='line_1_31' title="bbox 1068 2994 1938 3073; baseline 0.013 -23"><span class='ocrx_word' id='word_1_383' title='bbox 1068 3008 1112 3051; x_wconf 81' lang='lat' dir='ltr'><strong>nae</strong></span> <span class='ocrx_word' id='word_1_384' title='bbox 1126 2997 1269 3053; x_wconf 79' lang='lat' dir='ltr'><strong>memoriae</strong></span> <span class='ocrx_word' id='word_1_385' title='bbox 1279 2994 1416 3069; x_wconf 80' lang='lat' dir='ltr'><strong>sigclrido</strong></span> <span class='ocrx_word' id='word_1_386' title='bbox 1429 2997 1558 3072; x_wconf 90' lang='lat' dir='ltr'><strong>episcopo</strong></span> <span class='ocrx_word' id='word_1_387' title='bbox 1576 2996 1618 3055; x_wconf 85' lang='lat' dir='ltr'><strong>rcl</strong></span> <span class='ocrx_word' id='word_1_388' title='bbox 1633 2996 1669 3054; x_wconf 96' lang='lat' dir='ltr'><strong>ab</strong></span> <span class='ocrx_word' id='word_1_389' title='bbox 1687 2996 1752 3055; x_wconf 87' lang='lat' dir='ltr'><strong>aliis</strong></span> <span class='ocrx_word' id='word_1_390' title='bbox 1762 2998 1938 3073; x_wconf 71' lang='lat' dir='ltr'><strong>opimo-</strong></span> 
     </span>
    </p>
   </div>
   <div class='ocr_carea' id='block_1_6' title="bbox 517 3038 1938 3164">
    <p class='ocr_par' dir='ltr' id='par_1_6' title="bbox 517 3038 1938 3164">
     <span class='ocr_line' id='line_1_32' title="bbox 517 3038 1938 3164; baseline 0.036 -47"><span class='ocrx_word' id='word_1_391' title='bbox 517 3039 612 3104; x_wconf 68' lang='grc' dir='ltr'><strong>(ᾸΡΡΡ</strong></span> <span class='ocrx_word' id='word_1_392' title='bbox 631 3038 733 3106; x_wconf 57' lang='grc' dir='ltr'><em>ῙΡΡΡΡ·</em></span> <span class='ocrx_word' id='word_1_393' title='bbox 1032 3126 1036 3143; x_wconf 94' lang='grc'>.</span> <span class='ocrx_word' id='word_1_394' title='bbox 1067 3087 1117 3160; x_wconf 89' lang='lat' dir='ltr'><strong>pls,</strong></span> <span class='ocrx_word' id='word_1_395' title='bbox 1143 3104 1192 3161; x_wconf 91' lang='lat' dir='ltr'><strong>pro</strong></span> <span class='ocrx_word' id='word_1_396' title='bbox 1219 3090 1277 3147; x_wconf 88' lang='lat' dir='ltr'><strong>suis</strong></span> <span class='ocrx_word' id='word_1_397' title='bbox 1299 3106 1467 3164; x_wconf 88' lang='lat' dir='ltr'><strong>suorumque</strong></span> <span class='ocrx_word' id='word_1_398' title='bbox 1488 3101 1679 3150; x_wconf 80' lang='lat' dir='ltr'><strong>suceessorum</strong></span> <span class='ocrx_word' id='word_1_399' title='bbox 1705 3090 1938 3162; x_wconf 58' lang='lat' dir='ltr'><strong>nullumve·</strong></span> 
     </span>
    </p>
   </div>
   <div class='ocr_carea' id='block_1_7' title="bbox 214 3132 1938 3635">
    <p class='ocr_par' dir='ltr' id='par_1_7' title="bbox 214 3132 1938 3635">
     <span class='ocr_line' id='line_1_33' title="bbox 356 3132 1938 3258; baseline 0.001 -20"><span class='ocrx_word' id='word_1_400' title='bbox 356 3155 651 3224; x_wconf 62' lang='lat' dir='ltr'><strong>ffl¹¹¹ss⁰¹¹¹¹¹m⁶⁹¹</strong></span> <span class='ocrx_word' id='word_1_401' title='bbox 663 3153 741 3218; x_wconf 55' lang='grc' dir='ltr'><strong>Μ’</strong></span> <span class='ocrx_word' id='word_1_402' title='bbox 752 3154 791 3221; x_wconf 78' lang='lat'><strong>¹¹³</strong></span> <span class='ocrx_word' id='word_1_403' title='bbox 801 3155 874 3221; x_wconf 51' lang='grc' dir='ltr'><strong>ω’]</strong></span> <span class='ocrx_word' id='word_1_404' title='bbox 1030 3132 1054 3228; x_wconf 61' lang='grc' dir='ltr'><em>Ρ</em></span> <span class='ocrx_word' id='word_1_405' title='bbox 1071 3180 1159 3239; x_wconf 90' lang='lat' dir='ltr'><strong>eidem</strong></span> <span class='ocrx_word' id='word_1_406' title='bbox 1166 3183 1305 3242; x_wconf 83' lang='lat' dir='ltr'><strong>canonicae</strong></span> <span class='ocrx_word' id='word_1_407' title='bbox 1317 3200 1365 3257; x_wconf 90' lang='lat' dir='ltr'><strong>per</strong></span> <span class='ocrx_word' id='word_1_408' title='bbox 1383 3185 1515 3258; x_wconf 88' lang='lat' dir='ltr'><strong>seriptum</strong></span> <span class='ocrx_word' id='word_1_409' title='bbox 1531 3184 1575 3243; x_wconf 87' lang='lat' dir='ltr'><strong>rel</strong></span> <span class='ocrx_word' id='word_1_410' title='bbox 1590 3184 1784 3244; x_wconf 72' lang='lat' dir='ltr'><strong>investituram</strong></span> <span class='ocrx_word' id='word_1_411' title='bbox 1796 3184 1938 3245; x_wconf 66' lang='lat' dir='ltr'><strong>bases</strong></span> 
     </span>
     <span class='ocr_line' id='line_1_34' title="bbox 250 3274 1938 3352; baseline 0 -15"><span class='ocrx_word' id='word_1_412' title='bbox 250 3278 394 3337; x_wconf 74' lang='lat' dir='ltr'><strong>conanus</strong></span> <span class='ocrx_word' id='word_1_413' title='bbox 408 3277 563 3352; x_wconf 82' lang='lat' dir='ltr'><strong>episcopm,</strong></span> <span class='ocrx_word' id='word_1_414' title='bbox 580 3292 676 3335; x_wconf 83' lang='lat' dir='ltr'><strong>servus</strong></span> <span class='ocrx_word' id='word_1_415' title='bbox 688 3292 832 3334; x_wconf 85' lang='lat' dir='ltr'><strong>serrorum</strong></span> <span class='ocrx_word' id='word_1_416' title='bbox 847 3274 912 3344; x_wconf 83' lang='lat' dir='ltr'><strong>Dei,</strong></span> <span class='ocrx_word' id='word_1_417' title='bbox 923 3290 1010 3334; x_wconf 87' lang='lat' dir='ltr'><strong>cano·</strong></span> <span class='ocrx_word' id='word_1_418' title='bbox 1064 3275 1231 3348; x_wconf 86' lang='lat' dir='ltr'><strong>providendo</strong></span> <span class='ocrx_word' id='word_1_419' title='bbox 1248 3277 1356 3352; x_wconf 72' lang='lat' dir='ltr'><strong>integre</strong></span> <span class='ocrx_word' id='word_1_420' title='bbox 1372 3278 1470 3336; x_wconf 90' lang='lat' dir='ltr'><strong>collata</strong></span> <span class='ocrx_word' id='word_1_421' title='bbox 1492 3288 1566 3337; x_wconf 90' lang='lat' dir='ltr'><strong>suut.</strong></span> <span class='ocrx_word' id='word_1_422' title='bbox 1589 3282 1680 3352; x_wconf 80' lang='lat' dir='ltr'><strong>Atque</strong></span> <span class='ocrx_word' id='word_1_423' title='bbox 1704 3294 1807 3337; x_wconf 84' lang='lat' dir='ltr'><strong>omnes</strong></span> <span class='ocrx_word' id='word_1_424' title='bbox 1824 3288 1938 3337; x_wconf 75' lang='lat' dir='ltr'><strong>ro-</strong></span> 
     </span>
     <span class='ocr_line' id='line_1_35' title="bbox 214 3368 1938 3447; baseline 0.002 -19"><span class='ocrx_word' id='word_1_425' title='bbox 214 3370 283 3430; x_wconf 87' lang='lat' dir='ltr'><strong>nicis</strong></span> <span class='ocrx_word' id='word_1_426' title='bbox 300 3371 444 3446; x_wconf 70' lang='lat' dir='ltr'><strong>Regiensis</strong></span> <span class='ocrx_word' id='word_1_427' title='bbox 455 3371 586 3440; x_wconf 72' lang='lat' dir='ltr'><strong>eeclesia,</strong></span> <span class='ocrx_word' id='word_1_428' title='bbox 613 3370 792 3444; x_wconf 90' lang='lat' dir='ltr'><strong>ipsorumque</strong></span> <span class='ocrx_word' id='word_1_429' title='bbox 808 3369 1011 3428; x_wconf 87' lang='lat' dir='ltr'><strong>suecessoribus</strong></span> <span class='ocrx_word' id='word_1_430' title='bbox 1062 3382 1133 3441; x_wconf 86' lang='lat' dir='ltr'><strong>quas</strong></span> <span class='ocrx_word' id='word_1_431' title='bbox 1147 3368 1181 3427; x_wconf 91' lang='lat' dir='ltr'><strong>de</strong></span> <span class='ocrx_word' id='word_1_432' title='bbox 1194 3368 1273 3428; x_wconf 90' lang='lat' dir='ltr'><strong>donia</strong></span> <span class='ocrx_word' id='word_1_433' title='bbox 1298 3371 1490 3445; x_wconf 90' lang='lat' dir='ltr'><strong>episcoporum</strong></span> <span class='ocrx_word' id='word_1_434' title='bbox 1514 3372 1555 3430; x_wconf 84' lang='lat' dir='ltr'><strong>vel</strong></span> <span class='ocrx_word' id='word_1_435' title='bbox 1575 3379 1641 3429; x_wconf 84' lang='lat' dir='ltr'><strong>roto</strong></span> <span class='ocrx_word' id='word_1_436' title='bbox 1652 3370 1780 3431; x_wconf 84' lang='lat' dir='ltr'><strong>lidollum</strong></span> <span class='ocrx_word' id='word_1_437' title='bbox 1800 3384 1938 3447; x_wconf 70' lang='lat' dir='ltr'><strong>prae-⁴</strong></span> 
     </span>
     <span class='ocr_line' id='line_1_36' title="bbox 215 3462 1935 3541; baseline 0.003 -21"><span class='ocrx_word' id='word_1_438' title='bbox 215 3464 245 3521; x_wconf 93' lang='lat' dir='ltr'><strong>in</strong></span> <span class='ocrx_word' id='word_1_439' title='bbox 263 3474 434 3540; x_wconf 87' lang='lat' dir='ltr'><strong>perpetuum.</strong></span> <span class='ocrx_word' id='word_1_440' title='bbox 1067 3462 1147 3521; x_wconf 81' lang='lat' dir='ltr'><strong>dictae</strong></span> <span class='ocrx_word' id='word_1_441' title='bbox 1164 3464 1304 3522; x_wconf 81' lang='lat' dir='ltr'><strong>canonicae</strong></span> <span class='ocrx_word' id='word_1_442' title='bbox 1316 3465 1358 3522; x_wconf 87' lang='lat' dir='ltr'><strong>rel</strong></span> <span class='ocrx_word' id='word_1_443' title='bbox 1379 3465 1522 3525; x_wconf 88' lang='lat' dir='ltr'><strong>canonicis</strong></span> <span class='ocrx_word' id='word_1_444' title='bbox 1534 3466 1641 3526; x_wconf 89' lang='lat' dir='ltr'><strong>oblatas</strong></span> <span class='ocrx_word' id='word_1_445' title='bbox 1651 3480 1713 3524; x_wconf 86' lang='lat' dir='ltr'><strong>esse</strong></span> <span class='ocrx_word' id='word_1_446' title='bbox 1724 3464 1935 3541; x_wconf 62' lang='lat' dir='ltr'><strong>mosel-</strong></span> 
     </span>
     <span class='ocr_line' id='line_1_37' title="bbox 249 3558 1938 3635; baseline 0.001 -19"><span class='ocrx_word' id='word_1_447' title='bbox 249 3560 366 3632; x_wconf 85' lang='lat' dir='ltr'><strong>Oportet</strong></span> <span class='ocrx_word' id='word_1_448' title='bbox 388 3576 440 3617; x_wconf 90' lang='lat' dir='ltr'><strong>nos</strong></span> <span class='ocrx_word' id='word_1_449' title='bbox 457 3559 486 3616; x_wconf 90' lang='lat' dir='ltr'><strong>in</strong></span> <span class='ocrx_word' id='word_1_450' title='bbox 497 3560 606 3632; x_wconf 87' lang='lat' dir='ltr'><strong>specula</strong></span> <span class='ocrx_word' id='word_1_451' title='bbox 631 3570 734 3618; x_wconf 77' lang='lat' dir='ltr'><strong>sanotae</strong></span> <span class='ocrx_word' id='word_1_452' title='bbox 760 3558 833 3618; x_wconf 85' lang='lat' dir='ltr'><strong>sedis</strong></span> <span class='ocrx_word' id='word_1_453' title='bbox 853 3558 1010 3633; x_wconf 75' lang='lat' dir='ltr'><strong>apostolica</strong></span> <span class='ocrx_word' id='word_1_454' title='bbox 1062 3563 1119 3624; x_wconf 73' lang='lat' dir='ltr'><strong>aar,</strong></span> <span class='ocrx_word' id='word_1_455' title='bbox 1133 3566 1439 3618; x_wconf 89' lang='lat' dir='ltr'><strong>sanctornmcanonum</strong></span> <span class='ocrx_word' id='word_1_456' title='bbox 1453 3559 1616 3618; x_wconf 86' lang='lat' dir='ltr'><strong>auctoritate</strong></span> <span class='ocrx_word' id='word_1_457' title='bbox 1629 3567 1784 3635; x_wconf 72' lang='lat' dir='ltr'><strong>nosmaqne</strong></span> <span class='ocrx_word' id='word_1_458' title='bbox 1803 3570 1938 3635; x_wconf 69' lang='lat' dir='ltr'><strong>apo-⁶⁴</strong></span> 
     </span>
    </p>
   </div>
   <div class='ocr_carea' id='block_1_8' title="bbox 202 3642 1938 5879">
    <p class='ocr_par' dir='ltr' id='par_1_8' title="bbox 202 3642 1938 5223">
     <span class='ocr_line' id='line_1_38' title="bbox 213 3642 1938 3727; baseline 0.002 -19"><span class='ocrx_word' id='word_1_459' title='bbox 213 3652 378 3709; x_wconf 91' lang='lat' dir='ltr'><strong>constitutos</strong></span> <span class='ocrx_word' id='word_1_460' title='bbox 395 3652 432 3708; x_wconf 89' lang='lat' dir='ltr'><strong>ad</strong></span> <span class='ocrx_word' id='word_1_461' title='bbox 446 3650 635 3709; x_wconf 84' lang='lat' dir='ltr'><strong>defensionem</strong></span> <span class='ocrx_word' id='word_1_462' title='bbox 657 3652 901 3711; x_wconf 79' lang='lat' dir='ltr'><strong>etdrmitmliuem</strong></span> <span class='ocrx_word' id='word_1_463' title='bbox 923 3653 1009 3710; x_wconf 88' lang='lat' dir='ltr'><strong>ecele-</strong></span> <span class='ocrx_word' id='word_1_464' title='bbox 1063 3651 1158 3707; x_wconf 89' lang='lat' dir='ltr'><strong>stolica</strong></span> <span class='ocrx_word' id='word_1_465' title='bbox 1184 3651 1360 3710; x_wconf 88' lang='lat' dir='ltr'><strong>immunitate</strong></span> <span class='ocrx_word' id='word_1_466' title='bbox 1382 3652 1445 3710; x_wconf 89' lang='lat' dir='ltr'><strong>huic</strong></span> <span class='ocrx_word' id='word_1_467' title='bbox 1460 3662 1556 3711; x_wconf 77' lang='lat' dir='ltr'><strong>nomro</strong></span> <span class='ocrx_word' id='word_1_468' title='bbox 1568 3652 1764 3725; x_wconf 86' lang='lat' dir='ltr'><strong>inscripsimus</strong></span> <span class='ocrx_word' id='word_1_469' title='bbox 1788 3642 1938 3727; x_wconf 65' lang='lat' dir='ltr'><strong>putu-ei</strong></span> 
     </span>
     <span class='ocr_line' id='line_1_39' title="bbox 212 3742 1938 3821; baseline 0.002 -22"><span class='ocrx_word' id='word_1_470' title='bbox 212 3744 317 3800; x_wconf 88' lang='lat' dir='ltr'><strong>riarum</strong></span> <span class='ocrx_word' id='word_1_471' title='bbox 332 3742 385 3802; x_wconf 86' lang='lat' dir='ltr'><strong>Dei</strong></span> <span class='ocrx_word' id='word_1_472' title='bbox 407 3744 553 3818; x_wconf 74' lang='lat' dir='ltr'><strong>vigilanter</strong></span> <span class='ocrx_word' id='word_1_473' title='bbox 563 3745 703 3814; x_wconf 81' lang='lat' dir='ltr'><strong>insistere,</strong></span> <span class='ocrx_word' id='word_1_474' title='bbox 718 3754 852 3819; x_wconf 87' lang='lat' dir='ltr'><strong>qnatenus</strong></span> <span class='ocrx_word' id='word_1_475' title='bbox 871 3745 908 3804; x_wconf 89' lang='lat' dir='ltr'><strong>de</strong></span> <span class='ocrx_word' id='word_1_476' title='bbox 935 3746 1008 3803; x_wconf 92' lang='lat' dir='ltr'><strong>bono</strong></span> <span class='ocrx_word' id='word_1_477' title='bbox 1063 3742 1141 3817; x_wconf 76' lang='lat' dir='ltr'><strong>legio,</strong></span> <span class='ocrx_word' id='word_1_478' title='bbox 1160 3761 1225 3802; x_wconf 83' lang='lat' dir='ltr'><strong>cuna</strong></span> <span class='ocrx_word' id='word_1_479' title='bbox 1248 3746 1378 3803; x_wconf 88' lang='lat' dir='ltr'><strong>omuibus</strong></span> <span class='ocrx_word' id='word_1_480' title='bbox 1398 3746 1456 3805; x_wconf 90' lang='lat' dir='ltr'><strong>suis</strong></span> <span class='ocrx_word' id='word_1_481' title='bbox 1474 3744 1635 3821; x_wconf 82' lang='lat' dir='ltr'><strong>adjacentiis</strong></span> <span class='ocrx_word' id='word_1_482' title='bbox 1649 3753 1678 3803; x_wconf 90' lang='lat' dir='ltr'><strong>et</strong></span> <span class='ocrx_word' id='word_1_483' title='bbox 1692 3746 1938 3820; x_wconf 54' lang='lat' dir='ltr'><strong>pertinentiis</strong></span> 
     </span>
     <span class='ocr_line' id='line_1_40' title="bbox 212 3834 1938 3914; baseline 0.004 -22"><span class='ocrx_word' id='word_1_484' title='bbox 212 3836 242 3892; x_wconf 91' lang='lat' dir='ltr'><strong>in</strong></span> <span class='ocrx_word' id='word_1_485' title='bbox 256 3836 357 3895; x_wconf 90' lang='lat' dir='ltr'><strong>melius</strong></span> <span class='ocrx_word' id='word_1_486' title='bbox 369 3839 429 3895; x_wconf 89' lang='lat' dir='ltr'><strong>Deo</strong></span> <span class='ocrx_word' id='word_1_487' title='bbox 443 3837 587 3911; x_wconf 77' lang='lat' dir='ltr'><strong>adiurante</strong></span> <span class='ocrx_word' id='word_1_488' title='bbox 601 3837 757 3911; x_wconf 88' lang='lat' dir='ltr'><strong>prollclant,</strong></span> <span class='ocrx_word' id='word_1_489' title='bbox 773 3847 813 3907; x_wconf 91' lang='lat' dir='ltr'><strong>ut,</strong></span> <span class='ocrx_word' id='word_1_490' title='bbox 825 3847 932 3896; x_wconf 88' lang='lat' dir='ltr'><strong>remota</strong></span> <span class='ocrx_word' id='word_1_491' title='bbox 946 3854 1008 3896; x_wconf 89' lang='lat' dir='ltr'><strong>om·</strong></span> <span class='ocrx_word' id='word_1_492' title='bbox 1063 3834 1093 3890; x_wconf 90' lang='lat' dir='ltr'><strong>in</strong></span> <span class='ocrx_word' id='word_1_493' title='bbox 1118 3844 1280 3909; x_wconf 88' lang='lat' dir='ltr'><strong>perpetuum</strong></span> <span class='ocrx_word' id='word_1_494' title='bbox 1304 3839 1499 3898; x_wconf 82' lang='lat' dir='ltr'><strong>inviolabiliter</strong></span> <span class='ocrx_word' id='word_1_495' title='bbox 1520 3837 1737 3908; x_wconf 81' lang='lat' dir='ltr'><strong>conservandas,</strong></span> <span class='ocrx_word' id='word_1_496' title='bbox 1761 3838 1938 3914; x_wconf 67' lang='lat' dir='ltr'><strong>nqueo</strong></span> 
     </span>
     <span class='ocr_line' id='line_1_41' title="bbox 211 3928 1928 4008; baseline 0.003 -22"><span class='ocrx_word' id='word_1_497' title='bbox 211 3930 290 3986; x_wconf 91' lang='lat' dir='ltr'><strong>nium</strong></span> <span class='ocrx_word' id='word_1_498' title='bbox 307 3944 455 4003; x_wconf 81' lang='lat' dir='ltr'><strong>pravorum</strong></span> <span class='ocrx_word' id='word_1_499' title='bbox 470 3930 617 3987; x_wconf 89' lang='lat' dir='ltr'><strong>bominum</strong></span> <span class='ocrx_word' id='word_1_500' title='bbox 631 3931 833 4003; x_wconf 89' lang='lat' dir='ltr'><strong>inquietudine,</strong></span> <span class='ocrx_word' id='word_1_501' title='bbox 849 3931 1008 3988; x_wconf 89' lang='lat' dir='ltr'><strong>ministran-</strong></span> <span class='ocrx_word' id='word_1_502' title='bbox 1062 3928 1140 3985; x_wconf 91' lang='lat' dir='ltr'><strong>omni</strong></span> <span class='ocrx_word' id='word_1_503' title='bbox 1154 3930 1369 3991; x_wconf 86' lang='lat' dir='ltr'><strong>contradictione</strong></span> <span class='ocrx_word' id='word_1_504' title='bbox 1387 3932 1502 4007; x_wconf 70' lang='lat' dir='ltr'><strong>alicuius</strong></span> <span class='ocrx_word' id='word_1_505' title='bbox 1511 3948 1618 4008; x_wconf 76' lang='lat' dir='ltr'><strong>magne</strong></span> <span class='ocrx_word' id='word_1_506' title='bbox 1633 3946 1780 4007; x_wconf 80' lang='lat' dir='ltr'><strong>parvaeque</strong></span> <span class='ocrx_word' id='word_1_507' title='bbox 1802 3948 1928 4008; x_wconf 57' lang='lat' dir='ltr'><strong>per*</strong></span> 
     </span>
     <span class='ocr_line' id='line_1_42' title="bbox 208 4021 1938 4098; baseline 0.002 -18"><span class='ocrx_word' id='word_1_508' title='bbox 208 4030 249 4080; x_wconf 87' lang='lat' dir='ltr'><strong>tes</strong></span> <span class='ocrx_word' id='word_1_509' title='bbox 273 4022 368 4080; x_wconf 86' lang='lat' dir='ltr'><strong>dirinls</strong></span> <span class='ocrx_word' id='word_1_510' title='bbox 391 4021 489 4081; x_wconf 87' lang='lat' dir='ltr'><strong>oidciis</strong></span> <span class='ocrx_word' id='word_1_511' title='bbox 503 4023 658 4097; x_wconf 88' lang='lat' dir='ltr'><strong>promptius</strong></span> <span class='ocrx_word' id='word_1_512' title='bbox 682 4023 778 4081; x_wconf 90' lang='lat' dir='ltr'><strong>intenti</strong></span> <span class='ocrx_word' id='word_1_513' title='bbox 808 4024 900 4097; x_wconf 90' lang='lat' dir='ltr'><strong>quiete</strong></span> <span class='ocrx_word' id='word_1_514' title='bbox 927 4024 1008 4082; x_wconf 90' lang='lat' dir='ltr'><strong>mini·</strong></span> <span class='ocrx_word' id='word_1_515' title='bbox 1061 4036 1146 4080; x_wconf 77' lang='lat' dir='ltr'><strong>sonae.</strong></span> <span class='ocrx_word' id='word_1_516' title='bbox 1168 4025 1195 4081; x_wconf 90' lang='lat' dir='ltr'><strong>Si</strong></span> <span class='ocrx_word' id='word_1_517' title='bbox 1217 4026 1279 4098; x_wconf 91' lang='lat' dir='ltr'><strong>quis</strong></span> <span class='ocrx_word' id='word_1_518' title='bbox 1300 4034 1393 4085; x_wconf 89' lang='lat' dir='ltr'><strong>autem</strong></span> <span class='ocrx_word' id='word_1_519' title='bbox 1422 4028 1570 4086; x_wconf 89' lang='lat' dir='ltr'><strong>temerario</strong></span> <span class='ocrx_word' id='word_1_520' title='bbox 1589 4042 1658 4085; x_wconf 88' lang='lat' dir='ltr'><strong>ausu</strong></span> <span class='ocrx_word' id='word_1_521' title='bbox 1680 4032 1782 4085; x_wconf 81' lang='lat' dir='ltr'><strong>eontm</strong></span> <span class='ocrx_word' id='word_1_522' title='bbox 1807 4024 1938 4084; x_wconf 60' lang='lat' dir='ltr'><strong>boo</strong></span> 
     </span>
     <span class='ocr_line' id='line_1_43' title="bbox 207 4116 1938 4199; baseline 0.002 -26"><span class='ocrx_word' id='word_1_523' title='bbox 207 4124 297 4174; x_wconf 88' lang='lat' dir='ltr'><strong>strare</strong></span> <span class='ocrx_word' id='word_1_524' title='bbox 310 4123 423 4190; x_wconf 84' lang='lat' dir='ltr'><strong>queant,</strong></span> <span class='ocrx_word' id='word_1_525' title='bbox 445 4125 473 4173; x_wconf 91' lang='lat' dir='ltr'><strong>et</strong></span> <span class='ocrx_word' id='word_1_526' title='bbox 486 4131 538 4173; x_wconf 87' lang='lat' dir='ltr'><strong>nos</strong></span> <span class='ocrx_word' id='word_1_527' title='bbox 552 4116 616 4199; x_wconf 90' lang='lat' dir='ltr'><strong>boni</strong></span> <span class='ocrx_word' id='word_1_528' title='bbox 629 4117 747 4189; x_wconf 85' lang='lat' dir='ltr'><strong>pastoris</strong></span> <span class='ocrx_word' id='word_1_529' title='bbox 766 4132 924 4175; x_wconf 86' lang='lat' dir='ltr'><strong>mereamur</strong></span> <span class='ocrx_word' id='word_1_530' title='bbox 944 4134 1006 4191; x_wconf 90' lang='lat' dir='ltr'><strong>per·</strong></span> <span class='ocrx_word' id='word_1_531' title='bbox 1061 4125 1190 4175; x_wconf 87' lang='lat' dir='ltr'><strong>nostrum</strong></span> <span class='ocrx_word' id='word_1_532' title='bbox 1210 4120 1396 4192; x_wconf 89' lang='lat' dir='ltr'><strong>apostolicum</strong></span> <span class='ocrx_word' id='word_1_533' title='bbox 1422 4121 1596 4195; x_wconf 79' lang='lat' dir='ltr'><strong>priuilegium</strong></span> <span class='ocrx_word' id='word_1_534' title='bbox 1622 4135 1714 4195; x_wconf 75' lang='lat' dir='ltr'><strong>apere,</strong></span> <span class='ocrx_word' id='word_1_535' title='bbox 1733 4116 1938 4177; x_wconf 65' lang='lat' dir='ltr'><strong>edendi-⁴·</strong></span> 
     </span>
     <span class='ocr_line' id='line_1_44' title="bbox 208 4208 1938 4285; baseline 0 -18"><span class='ocrx_word' id='word_1_536' title='bbox 208 4208 298 4282; x_wconf 87' lang='lat' dir='ltr'><strong>cipere</strong></span> <span class='ocrx_word' id='word_1_537' title='bbox 316 4210 438 4284; x_wconf 71' lang='lat' dir='ltr'><strong>praemia.</strong></span> <span class='ocrx_word' id='word_1_538' title='bbox 464 4213 505 4266; x_wconf 84' lang='lat' dir='ltr'><strong>Ac</strong></span> <span class='ocrx_word' id='word_1_539' title='bbox 521 4225 569 4282; x_wconf 92' lang='lat' dir='ltr'><strong>per</strong></span> <span class='ocrx_word' id='word_1_540' title='bbox 583 4209 635 4268; x_wconf 88' lang='lat' dir='ltr'><strong>hoc</strong></span> <span class='ocrx_word' id='word_1_541' title='bbox 649 4227 699 4285; x_wconf 87' lang='lat' dir='ltr'><strong>por</strong></span> <span class='ocrx_word' id='word_1_542' title='bbox 712 4219 877 4284; x_wconf 71' lang='lat' dir='ltr'><strong>presentem</strong></span> <span class='ocrx_word' id='word_1_543' title='bbox 891 4211 1006 4284; x_wconf 91' lang='lat' dir='ltr'><strong>scrlptu·</strong></span> <span class='ocrx_word' id='word_1_544' title='bbox 1060 4224 1127 4268; x_wconf 88' lang='lat' dir='ltr'><strong>nare</strong></span> <span class='ocrx_word' id='word_1_545' title='bbox 1143 4212 1222 4270; x_wconf 88' lang='lat' dir='ltr'><strong>aliter</strong></span> <span class='ocrx_word' id='word_1_546' title='bbox 1243 4230 1288 4272; x_wconf 88' lang='lat' dir='ltr'><strong>res</strong></span> <span class='ocrx_word' id='word_1_547' title='bbox 1314 4215 1472 4284; x_wconf 86' lang='lat' dir='ltr'><strong>canonicas,</strong></span> <span class='ocrx_word' id='word_1_548' title='bbox 1494 4214 1537 4272; x_wconf 87' lang='lat' dir='ltr'><strong>rel</strong></span> <span class='ocrx_word' id='word_1_549' title='bbox 1558 4214 1642 4273; x_wconf 89' lang='lat' dir='ltr'><strong>alium</strong></span> <span class='ocrx_word' id='word_1_550' title='bbox 1666 4214 1695 4272; x_wconf 92' lang='lat' dir='ltr'><strong>in</strong></span> <span class='ocrx_word' id='word_1_551' title='bbox 1716 4212 1754 4272; x_wconf 84' lang='lat' dir='ltr'><strong>eit</strong></span> <span class='ocrx_word' id='word_1_552' title='bbox 1776 4216 1938 4271; x_wconf 71' lang='lat' dir='ltr'><strong>reuma:</strong></span> 
     </span>
     <span class='ocr_line' id='line_1_45' title="bbox 207 4292 1938 4382; baseline 0.002 -23"><span class='ocrx_word' id='word_1_553' title='bbox 207 4302 427 4376; x_wconf 89' lang='lat' dir='ltr'><strong>ramapostolica</strong></span> <span class='ocrx_word' id='word_1_554' title='bbox 441 4304 603 4360; x_wconf 87' lang='lat' dir='ltr'><strong>auctoritate</strong></span> <span class='ocrx_word' id='word_1_555' title='bbox 616 4303 818 4378; x_wconf 90' lang='lat' dir='ltr'><strong>inperpetuum</strong></span> <span class='ocrx_word' id='word_1_556' title='bbox 831 4304 1004 4362; x_wconf 88' lang='lat' dir='ltr'><strong>manendum</strong></span> <span class='ocrx_word' id='word_1_557' title='bbox 1058 4317 1161 4375; x_wconf 88' lang='lat' dir='ltr'><strong>ponere</strong></span> <span class='ocrx_word' id='word_1_558' title='bbox 1175 4307 1380 4381; x_wconf 73' lang='lat' dir='ltr'><strong>presumpserit</strong></span> <span class='ocrx_word' id='word_1_559' title='bbox 1407 4324 1489 4382; x_wconf 89' lang='lat' dir='ltr'><strong>quam</strong></span> <span class='ocrx_word' id='word_1_560' title='bbox 1511 4324 1577 4367; x_wconf 91' lang='lat' dir='ltr'><strong>eum</strong></span> <span class='ocrx_word' id='word_1_561' title='bbox 1596 4323 1681 4382; x_wconf 87' lang='lat' dir='ltr'><strong>quern</strong></span> <span class='ocrx_word' id='word_1_562' title='bbox 1715 4292 1938 4367; x_wconf 57' lang='lat' dir='ltr'><strong>mmntnltffi</strong></span> 
     </span>
     <span class='ocr_line' id='line_1_46' title="bbox 208 4382 1938 4475; baseline 0.003 -22"><span class='ocrx_word' id='word_1_563' title='bbox 208 4395 409 4454; x_wconf 81' lang='lat' dir='ltr'><strong>confirmamus</strong></span> <span class='ocrx_word' id='word_1_564' title='bbox 428 4396 568 4454; x_wconf 88' lang='lat' dir='ltr'><strong>canonicis</strong></span> <span class='ocrx_word' id='word_1_565' title='bbox 588 4405 690 4454; x_wconf 78' lang='lat' dir='ltr'><strong>sancta</strong></span> <span class='ocrx_word' id='word_1_566' title='bbox 710 4397 856 4471; x_wconf 75' lang='lat' dir='ltr'><strong>Regiensis</strong></span> <span class='ocrx_word' id='word_1_567' title='bbox 869 4397 1002 4465; x_wconf 75' lang='lat' dir='ltr'><strong>ccclesia,</strong></span> <span class='ocrx_word' id='word_1_568' title='bbox 1058 4398 1149 4455; x_wconf 84' lang='lat' dir='ltr'><strong>Teuao</strong></span> <span class='ocrx_word' id='word_1_569' title='bbox 1179 4398 1336 4473; x_wconf 88' lang='lat' dir='ltr'><strong>episcopus,</strong></span> <span class='ocrx_word' id='word_1_570' title='bbox 1372 4400 1538 4475; x_wconf 75' lang='lat' dir='ltr'><strong>Siqelridus,</strong></span> <span class='ocrx_word' id='word_1_571' title='bbox 1567 4400 1764 4470; x_wconf 69' lang='lat' dir='ltr'><strong>adhelberius,</strong></span> <span class='ocrx_word' id='word_1_572' title='bbox 1788 4382 1938 4461; x_wconf 59' lang='lat' dir='ltr'><strong>wel-⁶¹</strong></span> 
     </span>
     <span class='ocr_line' id='line_1_47' title="bbox 205 4488 1938 4571; baseline 0.004 -25"><span class='ocrx_word' id='word_1_573' title='bbox 205 4496 237 4546; x_wconf 90' lang='lat' dir='ltr'><strong>nt</strong></span> <span class='ocrx_word' id='word_1_574' title='bbox 252 4488 288 4546; x_wconf 92' lang='lat' dir='ltr'><strong>ad</strong></span> <span class='ocrx_word' id='word_1_575' title='bbox 310 4488 473 4548; x_wconf 87' lang='lat' dir='ltr'><strong>canonicam</strong></span> <span class='ocrx_word' id='word_1_576' title='bbox 492 4505 571 4548; x_wconf 88' lang='lat' dir='ltr'><strong>suam</strong></span> <span class='ocrx_word' id='word_1_577' title='bbox 590 4489 782 4548; x_wconf 86' lang='lat' dir='ltr'><strong>inviolabiliter</strong></span> <span class='ocrx_word' id='word_1_578' title='bbox 806 4500 917 4548; x_wconf 88' lang='lat' dir='ltr'><strong>teneant</strong></span> <span class='ocrx_word' id='word_1_579' title='bbox 940 4506 1003 4548; x_wconf 90' lang='lat' dir='ltr'><strong>cur·</strong></span> <span class='ocrx_word' id='word_1_580' title='bbox 1059 4506 1163 4563; x_wconf 80' lang='lat' dir='ltr'><strong>marrus,</strong></span> <span class='ocrx_word' id='word_1_581' title='bbox 1177 4493 1343 4566; x_wconf 85' lang='lat' dir='ltr'><strong>candullus,</strong></span> <span class='ocrx_word' id='word_1_582' title='bbox 1363 4497 1433 4554; x_wconf 87' lang='lat' dir='ltr'><strong>sciat</strong></span> <span class='ocrx_word' id='word_1_583' title='bbox 1449 4512 1478 4554; x_wconf 91' lang='lat' dir='ltr'><strong>se</strong></span> <span class='ocrx_word' id='word_1_584' title='bbox 1499 4495 1698 4571; x_wconf 86' lang='lat' dir='ltr'><strong>omnipotentis</strong></span> <span class='ocrx_word' id='word_1_585' title='bbox 1711 4496 1765 4553; x_wconf 85' lang='lat' dir='ltr'><strong>Dei</strong></span> <span class='ocrx_word' id='word_1_586' title='bbox 1781 4503 1938 4569; x_wconf 63' lang='lat' dir='ltr'><strong>pota‘</strong></span> 
     </span>
     <span class='ocr_line' id='line_1_48' title="bbox 203 4582 1938 4663; baseline 0.005 -24"><span class='ocrx_word' id='word_1_587' title='bbox 203 4590 261 4639; x_wconf 90' lang='lat' dir='ltr'><strong>tem</strong></span> <span class='ocrx_word' id='word_1_588' title='bbox 287 4597 371 4640; x_wconf 88' lang='lat' dir='ltr'><strong>unam</strong></span> <span class='ocrx_word' id='word_1_589' title='bbox 396 4597 460 4657; x_wconf 78' lang='lat' dir='ltr'><strong>quae</strong></span> <span class='ocrx_word' id='word_1_590' title='bbox 488 4582 586 4641; x_wconf 88' lang='lat' dir='ltr'><strong>dicitur</strong></span> <span class='ocrx_word' id='word_1_591' title='bbox 603 4583 686 4652; x_wconf 84' lang='lat' dir='ltr'><strong>Villa,</strong></span> <span class='ocrx_word' id='word_1_592' title='bbox 706 4592 735 4641; x_wconf 92' lang='lat' dir='ltr'><strong>et</strong></span> <span class='ocrx_word' id='word_1_593' title='bbox 753 4599 865 4642; x_wconf 88' lang='lat' dir='ltr'><strong>mansos</strong></span> <span class='ocrx_word' id='word_1_594' title='bbox 896 4592 952 4642; x_wconf 87' lang='lat' dir='ltr'><strong>tres</strong></span> <span class='ocrx_word' id='word_1_595' title='bbox 977 4584 1004 4641; x_wconf 90' lang='lat' dir='ltr'><strong>in</strong></span> <span class='ocrx_word' id='word_1_596' title='bbox 1058 4592 1145 4657; x_wconf 89' lang='lat' dir='ltr'><strong>state,</strong></span> <span class='ocrx_word' id='word_1_597' title='bbox 1169 4602 1201 4643; x_wconf 90' lang='lat' dir='ltr'><strong>ac</strong></span> <span class='ocrx_word' id='word_1_598' title='bbox 1214 4586 1288 4646; x_wconf 88' lang='lat' dir='ltr'><strong>beati</strong></span> <span class='ocrx_word' id='word_1_599' title='bbox 1313 4590 1386 4648; x_wconf 87' lang='lat' dir='ltr'><strong>Petri</strong></span> <span class='ocrx_word' id='word_1_600' title='bbox 1415 4590 1544 4663; x_wconf 87' lang='lat' dir='ltr'><strong>apostoli,</strong></span> <span class='ocrx_word' id='word_1_601' title='bbox 1559 4596 1779 4661; x_wconf 87' lang='lat' dir='ltr'><strong>sanctorumque</strong></span> <span class='ocrx_word' id='word_1_602' title='bbox 1800 4602 1938 4648; x_wconf 56' lang='grc' dir='ltr'><strong>σπι-ν’</strong></span> 
     </span>
     <span class='ocr_line' id='line_1_49' title="bbox 205 4676 1938 4752; baseline 0.006 -18"><span class='ocrx_word' id='word_1_603' title='bbox 205 4676 706 4746; x_wconf 75' lang='grc' dir='ltr'>ὓοιι,ιιιιιιιιιιιιιιιιιιωίιιΝοιιίιιιο,</span> <span class='ocrx_word' id='word_1_604' title='bbox 719 4677 1006 4752; x_wconf 89' lang='lat' dir='ltr'><strong>incampiliacurtem</strong></span> <span class='ocrx_word' id='word_1_605' title='bbox 1060 4676 1149 4747; x_wconf 87' lang='lat' dir='ltr'><strong>nium,</strong></span> <span class='ocrx_word' id='word_1_606' title='bbox 1175 4689 1270 4740; x_wconf 89' lang='lat' dir='ltr'><strong>nostra</strong></span> <span class='ocrx_word' id='word_1_607' title='bbox 1284 4683 1370 4741; x_wconf 87' lang='lat' dir='ltr'><strong>etiam</strong></span> <span class='ocrx_word' id='word_1_608' title='bbox 1391 4683 1572 4752; x_wconf 86' lang='lat' dir='ltr'><strong>auctoritato,</strong></span> <span class='ocrx_word' id='word_1_609' title='bbox 1595 4680 1784 4742; x_wconf 80' lang='lat' dir='ltr'><strong>anathematis</strong></span> <span class='ocrx_word' id='word_1_610' title='bbox 1805 4682 1938 4740; x_wconf 39' lang='grc' dir='ltr'><strong>’ἰπὶ</strong></span> 
     </span>
     <span class='ocr_line' id='line_1_50' title="bbox 205 4770 1938 4852; baseline 0.005 -26"><span class='ocrx_word' id='word_1_611' title='bbox 205 4776 348 4840; x_wconf 76' lang='lat' dir='ltr'><strong>onomat</strong></span> <span class='ocrx_word' id='word_1_612' title='bbox 364 4770 571 4840; x_wconf 83' lang='lat' dir='ltr'><strong>manaosduos,</strong></span> <span class='ocrx_word' id='word_1_613' title='bbox 586 4778 615 4828; x_wconf 91' lang='lat' dir='ltr'><strong>et</strong></span> <span class='ocrx_word' id='word_1_614' title='bbox 631 4787 815 4845; x_wconf 80' lang='lat' dir='ltr'><strong>utrumquem</strong></span> <span class='ocrx_word' id='word_1_615' title='bbox 831 4770 907 4830; x_wconf 91' lang='lat' dir='ltr'><strong>dedit</strong></span> <span class='ocrx_word' id='word_1_616' title='bbox 928 4772 1005 4846; x_wconf 79' lang='lat' dir='ltr'><strong>Sige-</strong></span> <span class='ocrx_word' id='word_1_617' title='bbox 1059 4772 1121 4830; x_wconf 91' lang='lat' dir='ltr'><strong>colo</strong></span> <span class='ocrx_word' id='word_1_618' title='bbox 1134 4772 1306 4845; x_wconf 88' lang='lat' dir='ltr'><strong>innodatum,</strong></span> <span class='ocrx_word' id='word_1_619' title='bbox 1322 4785 1471 4852; x_wconf 81' lang='lat' dir='ltr'><strong>etareqnn</strong></span> <span class='ocrx_word' id='word_1_620' title='bbox 1493 4778 1547 4835; x_wconf 87' lang='lat' dir='ltr'><strong>Dei</strong></span> <span class='ocrx_word' id='word_1_621' title='bbox 1571 4776 1776 4845; x_wconf 84' lang='lat' dir='ltr'><strong>aliemtrrm,et</strong></span> <span class='ocrx_word' id='word_1_622' title='bbox 1798 4771 1938 4834; x_wconf 57' lang='lat' dir='ltr'><strong>rnn‘</strong></span> 
     </span>
     <span class='ocr_line' id='line_1_51' title="bbox 202 4853 1938 4943; baseline 0.002 -24"><span class='ocrx_word' id='word_1_623' title='bbox 202 4853 302 4932; x_wconf 81' lang='lat' dir='ltr'><strong>fridus,</strong></span> <span class='ocrx_word' id='word_1_624' title='bbox 325 4864 373 4935; x_wconf 92' lang='lat' dir='ltr'><strong>qui</strong></span> <span class='ocrx_word' id='word_1_625' title='bbox 397 4862 498 4921; x_wconf 90' lang='lat' dir='ltr'><strong>dicitur</strong></span> <span class='ocrx_word' id='word_1_626' title='bbox 512 4862 656 4933; x_wconf 80' lang='lat' dir='ltr'><strong>calliolo,</strong></span> <span class='ocrx_word' id='word_1_627' title='bbox 680 4872 787 4922; x_wconf 92' lang='lat' dir='ltr'><strong>curtem</strong></span> <span class='ocrx_word' id='word_1_628' title='bbox 816 4878 878 4939; x_wconf 77' lang='lat' dir='ltr'><strong>quae</strong></span> <span class='ocrx_word' id='word_1_629' title='bbox 903 4864 1006 4923; x_wconf 89' lang='lat' dir='ltr'><strong>dicitnr</strong></span> <span class='ocrx_word' id='word_1_630' title='bbox 1059 4867 1189 4926; x_wconf 88' lang='lat' dir='ltr'><strong>omnibus</strong></span> <span class='ocrx_word' id='word_1_631' title='bbox 1198 4868 1291 4943; x_wconf 89' lang='lat' dir='ltr'><strong>impiis</strong></span> <span class='ocrx_word' id='word_1_632' title='bbox 1299 4879 1403 4928; x_wconf 74' lang='lat' dir='ltr'><strong>aterno</strong></span> <span class='ocrx_word' id='word_1_633' title='bbox 1424 4869 1550 4928; x_wconf 88' lang='lat' dir='ltr'><strong>incendio</strong></span> <span class='ocrx_word' id='word_1_634' title='bbox 1560 4868 1810 4928; x_wconf 83' lang='lat' dir='ltr'><strong>concremandum.</strong></span> <span class='ocrx_word' id='word_1_635' title='bbox 1825 4858 1938 4927; x_wconf 62' lang='lat' dir='ltr'><strong>a.</strong></span> 
     </span>
     <span class='ocr_line' id='line_1_52' title="bbox 204 4954 1938 5038; baseline 0.003 -26"><span class='ocrx_word' id='word_1_636' title='bbox 204 4956 304 5026; x_wconf 82' lang='lat' dir='ltr'><strong>blassa,</strong></span> <span class='ocrx_word' id='word_1_637' title='bbox 323 4972 388 5013; x_wconf 91' lang='lat' dir='ltr'><strong>cum</strong></span> <span class='ocrx_word' id='word_1_638' title='bbox 411 4956 468 5013; x_wconf 88' lang='lat' dir='ltr'><strong>suis</strong></span> <span class='ocrx_word' id='word_1_639' title='bbox 483 4954 664 5028; x_wconf 89' lang='lat' dir='ltr'><strong>appendiciis,</strong></span> <span class='ocrx_word' id='word_1_640' title='bbox 687 4959 843 5016; x_wconf 81' lang='lat' dir='ltr'><strong>Prenniano</strong></span> <span class='ocrx_word' id='word_1_641' title='bbox 865 4959 1004 5027; x_wconf 86' lang='lat' dir='ltr'><strong>cumanis,</strong></span> <span class='ocrx_word' id='word_1_642' title='bbox 1060 4975 1126 5018; x_wconf 88' lang='lat' dir='ltr'><strong>raro</strong></span> <span class='ocrx_word' id='word_1_643' title='bbox 1149 4962 1196 5034; x_wconf 87' lang='lat' dir='ltr'><strong>qni</strong></span> <span class='ocrx_word' id='word_1_644' title='bbox 1218 4963 1377 5021; x_wconf 83' lang='lat' dir='ltr'><strong>observator</strong></span> <span class='ocrx_word' id='word_1_645' title='bbox 1398 4964 1545 5031; x_wconf 85' lang='lat' dir='ltr'><strong>exstiterit,</strong></span> <span class='ocrx_word' id='word_1_646' title='bbox 1568 4962 1683 5038; x_wconf 59' lang='lat' dir='ltr'><strong>mant</strong></span> <span class='ocrx_word' id='word_1_647' title='bbox 1705 4970 1735 5020; x_wconf 87' lang='lat' dir='ltr'><strong>et</strong></span> <span class='ocrx_word' id='word_1_648' title='bbox 1753 4960 1938 5021; x_wconf 55' lang='lat' dir='ltr'><strong>mirail</strong></span> 
     </span>
     <span class='ocr_line' id='line_1_53' title="bbox 205 5047 1938 5131; baseline 0.005 -25"><span class='ocrx_word' id='word_1_649' title='bbox 205 5057 233 5106; x_wconf 89' lang='lat' dir='ltr'><strong>et</strong></span> <span class='ocrx_word' id='word_1_650' title='bbox 249 5056 352 5106; x_wconf 67' lang='lat' dir='ltr'><strong>waram</strong></span> <span class='ocrx_word' id='word_1_651' title='bbox 371 5062 436 5120; x_wconf 81' lang='lat' dir='ltr'><strong>quaa</strong></span> <span class='ocrx_word' id='word_1_652' title='bbox 448 5056 491 5105; x_wconf 89' lang='lat' dir='ltr'><strong>ast</strong></span> <span class='ocrx_word' id='word_1_653' title='bbox 507 5047 535 5104; x_wconf 93' lang='lat' dir='ltr'><strong>in</strong></span> <span class='ocrx_word' id='word_1_654' title='bbox 556 5050 653 5106; x_wconf 89' lang='lat' dir='ltr'><strong>castro</strong></span> <span class='ocrx_word' id='word_1_655' title='bbox 667 5050 819 5107; x_wconf 77' lang='lat' dir='ltr'><strong>nolerianc</strong></span> <span class='ocrx_word' id='word_1_656' title='bbox 839 5051 1005 5109; x_wconf 74' lang='lat' dir='ltr'><strong>inblucleto</strong></span> <span class='ocrx_word' id='word_1_657' title='bbox 1060 5054 1182 5112; x_wconf 90' lang='lat' dir='ltr'><strong>cordiam</strong></span> <span class='ocrx_word' id='word_1_658' title='bbox 1196 5054 1336 5131; x_wconf 85' lang='lat' dir='ltr'><strong>vitamque</strong></span> <span class='ocrx_word' id='word_1_659' title='bbox 1348 5064 1482 5115; x_wconf 84' lang='lat' dir='ltr'><strong>aetcrnam</strong></span> <span class='ocrx_word' id='word_1_660' title='bbox 1500 5056 1793 5116; x_wconf 85' lang='lat' dir='ltr'><strong>amisaricordissimo</strong></span> <span class='ocrx_word' id='word_1_661' title='bbox 1810 5056 1938 5115; x_wconf 45' lang='lat' dir='ltr'><strong>llo!</strong></span> 
     </span>
     <span class='ocr_line' id='line_1_54' title="bbox 206 5140 1551 5223; baseline 0.007 -24"><span class='ocrx_word' id='word_1_662' title='bbox 206 5156 337 5199; x_wconf 88' lang='lat' dir='ltr'><strong>mansum</strong></span> <span class='ocrx_word' id='word_1_663' title='bbox 350 5154 449 5209; x_wconf 91' lang='lat' dir='ltr'><strong>onum,</strong></span> <span class='ocrx_word' id='word_1_664' title='bbox 464 5140 495 5197; x_wconf 90' lang='lat' dir='ltr'><strong>ln</strong></span> <span class='ocrx_word' id='word_1_665' title='bbox 520 5140 660 5198; x_wconf 85' lang='lat' dir='ltr'><strong>Dinasann</strong></span> <span class='ocrx_word' id='word_1_666' title='bbox 674 5158 772 5211; x_wconf 88' lang='lat' dir='ltr'><strong>unum,</strong></span> <span class='ocrx_word' id='word_1_667' title='bbox 798 5143 916 5200; x_wconf 82' lang='lat' dir='ltr'><strong>lavalle</strong></span> <span class='ocrx_word' id='word_1_668' title='bbox 940 5143 1007 5201; x_wconf 86' lang='lat' dir='ltr'><strong>Birll</strong></span> <span class='ocrx_word' id='word_1_669' title='bbox 1060 5147 1137 5206; x_wconf 90' lang='lat' dir='ltr'><strong>mino</strong></span> <span class='ocrx_word' id='word_1_670' title='bbox 1151 5157 1248 5207; x_wconf 88' lang='lat' dir='ltr'><strong>nostro</strong></span> <span class='ocrx_word' id='word_1_671' title='bbox 1257 5150 1388 5223; x_wconf 85' lang='lat' dir='ltr'><strong>consequi</strong></span> <span class='ocrx_word' id='word_1_672' title='bbox 1402 5160 1551 5209; x_wconf 87' lang='lat' dir='ltr'><strong>mereatur.</strong></span> 
     </span>
    </p>

    <p class='ocr_par' dir='ltr' id='par_1_9' title="bbox 205 5232 1936 5596">
     <span class='ocr_line' id='line_1_55' title="bbox 206 5232 1935 5318; baseline 0.007 -27"><span class='ocrx_word' id='word_1_673' title='bbox 206 5232 557 5301; x_wconf 77' lang='lat' dir='ltr'><strong>nnuminmontebabuli</strong></span> <span class='ocrx_word' id='word_1_674' title='bbox 572 5250 671 5301; x_wconf 81' lang='lat' dir='ltr'><strong>uonna,</strong></span> <span class='ocrx_word' id='word_1_675' title='bbox 687 5234 855 5292; x_wconf 88' lang='lat' dir='ltr'><strong>incasaliclo</strong></span> <span class='ocrx_word' id='word_1_676' title='bbox 868 5239 1004 5307; x_wconf 77' lang='lat' dir='ltr'><strong>nnumin</strong></span> <span class='ocrx_word' id='word_1_677' title='bbox 1093 5242 1198 5299; x_wconf 86' lang='lat' dir='ltr'><strong>Datum</strong></span> <span class='ocrx_word' id='word_1_678' title='bbox 1210 5242 1283 5315; x_wconf 91' lang='lat' dir='ltr'><strong>apud</strong></span> <span class='ocrx_word' id='word_1_679' title='bbox 1295 5245 1428 5302; x_wconf 60' lang='lat' dir='ltr'><strong>menam</strong></span> <span class='ocrx_word' id='word_1_680' title='bbox 1445 5260 1494 5318; x_wconf 89' lang='lat' dir='ltr'><strong>per</strong></span> <span class='ocrx_word' id='word_1_681' title='bbox 1507 5258 1623 5301; x_wconf 89' lang='lat' dir='ltr'><strong>manum</strong></span> <span class='ocrx_word' id='word_1_682' title='bbox 1646 5242 1777 5302; x_wconf 86' lang='lat' dir='ltr'><strong>Berncrii</strong></span> <span class='ocrx_word' id='word_1_683' title='bbox 1798 5243 1853 5301; x_wconf 84' lang='lat' dir='ltr'><strong>rico</strong></span> <span class='ocrx_word' id='word_1_684' title='bbox 1929 5262 1935 5267; x_wconf 94' lang='lat'>·</span> 
     </span>
     <span class='ocr_line' id='line_1_56' title="bbox 207 5324 1936 5404; baseline 0.01 -24"><span class='ocrx_word' id='word_1_685' title='bbox 207 5324 343 5382; x_wconf 80' lang='lat' dir='ltr'><strong>Boaciano</strong></span> <span class='ocrx_word' id='word_1_686' title='bbox 355 5332 411 5383; x_wconf 89' lang='lat' dir='ltr'><strong>tres</strong></span> <span class='ocrx_word' id='word_1_687' title='bbox 425 5325 620 5383; x_wconf 75' lang='lat' dir='ltr'><strong>inveterirola</strong></span> <span class='ocrx_word' id='word_1_688' title='bbox 633 5342 734 5399; x_wconf 87' lang='lat' dir='ltr'><strong>unum,</strong></span> <span class='ocrx_word' id='word_1_689' title='bbox 751 5328 779 5384; x_wconf 96' lang='lat' dir='ltr'><strong>in</strong></span> <span class='ocrx_word' id='word_1_690' title='bbox 794 5333 889 5386; x_wconf 89' lang='lat' dir='ltr'><strong>monte</strong></span> <span class='ocrx_word' id='word_1_691' title='bbox 906 5330 1005 5389; x_wconf 85' lang='lat' dir='ltr'><strong>&#39;rodio-</strong></span> <span class='ocrx_word' id='word_1_692' title='bbox 1058 5333 1132 5391; x_wconf 76' lang='lat' dir='ltr'><strong>Petri</strong></span> <span class='ocrx_word' id='word_1_693' title='bbox 1143 5334 1307 5404; x_wconf 90' lang='lat' dir='ltr'><strong>cancellarii,</strong></span> <span class='ocrx_word' id='word_1_694' title='bbox 1316 5350 1391 5393; x_wconf 89' lang='lat' dir='ltr'><strong>anno</strong></span> <span class='ocrx_word' id='word_1_695' title='bbox 1400 5336 1555 5394; x_wconf 83' lang='lat' dir='ltr'><strong>Dominicae</strong></span> <span class='ocrx_word' id='word_1_696' title='bbox 1564 5335 1771 5395; x_wconf 83' lang='lat' dir='ltr'><strong>incarnationis</strong></span> <span class='ocrx_word' id='word_1_697' title='bbox 1778 5338 1855 5403; x_wconf 67' lang='lat' dir='ltr'><strong>tm,</strong></span> <span class='ocrx_word' id='word_1_698' title='bbox 1885 5352 1936 5379; x_wconf 50' lang='grc' dir='ltr'><strong>ι·</strong></span> 
     </span>
     <span class='ocr_line' id='line_1_57' title="bbox 206 5417 1936 5503; baseline 0.009 -27"><span class='ocrx_word' id='word_1_699' title='bbox 206 5417 235 5476; x_wconf 91' lang='lat' dir='ltr'><strong>ni</strong></span> <span class='ocrx_word' id='word_1_700' title='bbox 251 5432 348 5475; x_wconf 89' lang='lat' dir='ltr'><strong>unum.</strong></span> <span class='ocrx_word' id='word_1_701' title='bbox 363 5420 401 5476; x_wconf 78' lang='lat' dir='ltr'><strong>nt</strong></span> <span class='ocrx_word' id='word_1_702' title='bbox 425 5417 558 5492; x_wconf 90' lang='lat' dir='ltr'><strong>quidquid</strong></span> <span class='ocrx_word' id='word_1_703' title='bbox 580 5420 698 5491; x_wconf 89' lang='lat' dir='ltr'><strong>pertinet</strong></span> <span class='ocrx_word' id='word_1_704' title='bbox 713 5420 748 5477; x_wconf 94' lang='lat' dir='ltr'><strong>ad</strong></span> <span class='ocrx_word' id='word_1_705' title='bbox 762 5422 920 5493; x_wconf 86' lang='lat' dir='ltr'><strong>praedictam</strong></span> <span class='ocrx_word' id='word_1_706' title='bbox 934 5426 1003 5483; x_wconf 85' lang='lat' dir='ltr'><strong>San-</strong></span> <span class='ocrx_word' id='word_1_707' title='bbox 1056 5424 1204 5484; x_wconf 90' lang='lat' dir='ltr'><strong>indictione</strong></span> <span class='ocrx_word' id='word_1_708' title='bbox 1215 5443 1268 5496; x_wconf 79' lang='lat' dir='ltr'><strong>xv,</strong></span> <span class='ocrx_word' id='word_1_709' title='bbox 1281 5444 1354 5486; x_wconf 92' lang='lat' dir='ltr'><strong>anno</strong></span> <span class='ocrx_word' id='word_1_710' title='bbox 1374 5438 1468 5488; x_wconf 91' lang='lat' dir='ltr'><strong>autem</strong></span> <span class='ocrx_word' id='word_1_711' title='bbox 1486 5428 1665 5503; x_wconf 78' lang='lat' dir='ltr'><strong>pontificatus</strong></span> <span class='ocrx_word' id='word_1_712' title='bbox 1677 5428 1778 5490; x_wconf 84' lang='lat' dir='ltr'><strong>domni</strong></span> <span class='ocrx_word' id='word_1_713' title='bbox 1795 5428 1856 5489; x_wconf 79' lang='lat' dir='ltr'><strong>Gle-</strong></span> <span class='ocrx_word' id='word_1_714' title='bbox 1899 5430 1936 5451; x_wconf 65' lang='lat'>²</span> 
     </span>
     <span class='ocr_line' id='line_1_58' title="bbox 205 5510 1586 5596; baseline 0.007 -26"><span class='ocrx_word' id='word_1_715' title='bbox 205 5518 259 5570; x_wconf 84' lang='lat' dir='ltr'><strong>etta</strong></span> <span class='ocrx_word' id='word_1_716' title='bbox 273 5510 370 5569; x_wconf 73' lang='lat' dir='ltr'><strong>Maria</strong></span> <span class='ocrx_word' id='word_1_717' title='bbox 383 5511 512 5570; x_wconf 85' lang='lat' dir='ltr'><strong>etsancti</strong></span> <span class='ocrx_word' id='word_1_718' title='bbox 522 5510 665 5570; x_wconf 86' lang='lat' dir='ltr'><strong>Michaelis</strong></span> <span class='ocrx_word' id='word_1_719' title='bbox 686 5514 850 5573; x_wconf 89' lang='lat' dir='ltr'><strong>canonicam</strong></span> <span class='ocrx_word' id='word_1_720' title='bbox 866 5516 894 5573; x_wconf 91' lang='lat' dir='ltr'><strong>in</strong></span> <span class='ocrx_word' id='word_1_721' title='bbox 905 5516 1002 5576; x_wconf 74' lang='lat' dir='ltr'><strong>labia·</strong></span> <span class='ocrx_word' id='word_1_722' title='bbox 1058 5520 1159 5578; x_wconf 87' lang='lat' dir='ltr'><strong>mentis</strong></span> <span class='ocrx_word' id='word_1_723' title='bbox 1169 5520 1239 5577; x_wconf 88' lang='lat' dir='ltr'><strong>tertii</strong></span> <span class='ocrx_word' id='word_1_724' title='bbox 1249 5536 1327 5596; x_wconf 72' lang='lat' dir='ltr'><strong>pape</strong></span> <span class='ocrx_word' id='word_1_725' title='bbox 1340 5538 1384 5594; x_wconf 85' lang='lat' dir='ltr'><strong>rx,</strong></span> <span class='ocrx_word' id='word_1_726' title='bbox 1395 5522 1586 5582; x_wconf 80' lang='lat' dir='ltr'><strong>ldibuslunli.</strong></span> 
     </span>
    </p>

    <p class='ocr_par' dir='ltr' id='par_1_10' title="bbox 206 5604 1002 5681">
     <span class='ocr_line' id='line_1_59' title="bbox 206 5604 1002 5681; baseline 0.008 -17"><span class='ocrx_word' id='word_1_727' title='bbox 206 5620 253 5674; x_wconf 90' lang='lat' dir='ltr'><strong>no,</strong></span> <span class='ocrx_word' id='word_1_728' title='bbox 268 5604 441 5673; x_wconf 69' lang='lat' dir='ltr'><strong>calomano,</strong></span> <span class='ocrx_word' id='word_1_729' title='bbox 461 5604 598 5677; x_wconf 71' lang='lat' dir='ltr'><strong>mellocio,</strong></span> <span class='ocrx_word' id='word_1_730' title='bbox 611 5615 639 5663; x_wconf 90' lang='lat' dir='ltr'><strong>et</strong></span> <span class='ocrx_word' id='word_1_731' title='bbox 652 5607 789 5679; x_wconf 83' lang='lat' dir='ltr'><strong>crasano,</strong></span> <span class='ocrx_word' id='word_1_732' title='bbox 804 5618 831 5668; x_wconf 89' lang='lat' dir='ltr'><strong>et</strong></span> <span class='ocrx_word' id='word_1_733' title='bbox 852 5612 1002 5681; x_wconf 83' lang='lat' dir='ltr'><strong>vomicae,</strong></span> 
     </span>
    </p>

    <p class='ocr_par' dir='ltr' id='par_1_11' title="bbox 207 5668 1855 5879">
     <span class='ocr_line' id='line_1_60' title="bbox 207 5668 1484 5774; baseline 0.006 -15"><span class='ocrx_word' id='word_1_734' title='bbox 207 5698 576 5774; x_wconf 84' lang='lat' dir='ltr'><strong>comanistppcndiciis,et</strong></span> <span class='ocrx_word' id='word_1_735' title='bbox 590 5700 740 5759; x_wconf 78' lang='lat' dir='ltr'><strong>incivitate</strong></span> <span class='ocrx_word' id='word_1_736' title='bbox 750 5704 837 5769; x_wconf 85' lang='lat' dir='ltr'><strong>lloea,</strong></span> <span class='ocrx_word' id='word_1_737' title='bbox 853 5705 1003 5765; x_wconf 87' lang='lat' dir='ltr'><strong>etincur-</strong></span> <span class='ocrx_word' id='word_1_738' title='bbox 1428 5668 1484 5725; x_wconf 53' lang='grc' dir='ltr'><strong>α’</strong></span> 
     </span>
     <span class='ocr_line' id='line_1_61' title="bbox 207 5790 1855 5879; baseline 0.009 -29"><span class='ocrx_word' id='word_1_739' title='bbox 207 5790 246 5862; x_wconf 88' lang='lat' dir='ltr'><strong>lo,</strong></span> <span class='ocrx_word' id='word_1_740' title='bbox 263 5800 293 5851; x_wconf 88' lang='lat' dir='ltr'><strong>ct</strong></span> <span class='ocrx_word' id='word_1_741' title='bbox 307 5806 352 5852; x_wconf 83' lang='lat' dir='ltr'><strong>rea</strong></span> <span class='ocrx_word' id='word_1_742' title='bbox 360 5792 423 5854; x_wconf 84' lang='lat' dir='ltr'><strong>lllat</strong></span> <span class='ocrx_word' id='word_1_743' title='bbox 431 5808 497 5853; x_wconf 86' lang='lat' dir='ltr'><strong>otttn</strong></span> <span class='ocrx_word' id='word_1_744' title='bbox 502 5793 605 5854; x_wconf 85' lang='lat' dir='ltr'><strong>tllrain</strong></span> <span class='ocrx_word' id='word_1_745' title='bbox 613 5794 750 5869; x_wconf 77' lang='lat' dir='ltr'><strong>Balarola,</strong></span> <span class='ocrx_word' id='word_1_746' title='bbox 758 5804 786 5855; x_wconf 87' lang='lat' dir='ltr'><strong>et</strong></span> <span class='ocrx_word' id='word_1_747' title='bbox 794 5796 904 5870; x_wconf 84' lang='lat' dir='ltr'><strong>plebem</strong></span> <span class='ocrx_word' id='word_1_748' title='bbox 916 5812 1001 5859; x_wconf 85' lang='lat' dir='ltr'><strong>unam</strong></span> <span class='ocrx_word' id='word_1_749' title='bbox 1056 5798 1200 5862; x_wconf 74' lang='lat' dir='ltr'><strong>commta</strong></span> <span class='ocrx_word' id='word_1_750' title='bbox 1209 5802 1254 5863; x_wconf 84' lang='lat' dir='ltr'><strong>ln</strong></span> <span class='ocrx_word' id='word_1_751' title='bbox 1262 5809 1406 5879; x_wconf 80' lang='lat' dir='ltr'><strong>oattpopo</strong></span> <span class='ocrx_word' id='word_1_752' title='bbox 1415 5804 1540 5879; x_wconf 67' lang='lat' dir='ltr'><strong>{metam</strong></span> <span class='ocrx_word' id='word_1_753' title='bbox 1552 5802 1594 5864; x_wconf 75' lang='lat' dir='ltr'><strong>ce</strong></span> <span class='ocrx_word' id='word_1_754' title='bbox 1605 5802 1799 5865; x_wconf 56' lang='lat' dir='ltr'><strong>&amp;eddom</strong></span> <span class='ocrx_word' id='word_1_755' title='bbox 1810 5818 1855 5864; x_wconf 80' lang='lat' dir='ltr'><strong>et·</strong></span> 
     </span>
    </p>
   </div>
   <div class='ocr_carea' id='block_1_9' title="bbox 0 0 1946 6151">
    <p class='ocr_par' dir='ltr' id='par_1_12' title="bbox 0 0 1946 6151">
     <span class='ocr_line' id='line_1_62' title="bbox 0 0 1946 6151; baseline 0 0"><span class='ocrx_word' id='word_1_756' title='bbox 0 0 1946 6151; x_wconf 95' lang='lat' dir='ltr'><strong> </strong></span> 
     </span>
    </p>
   </div>
  </div>
 </body>
</html>
