3870 6164
388 357 531 411 anenno.
552 358 594 412 ιιι.
615 384 651 396 -
669 354 875 416 conopeum
896 345 1125 421 censemini.
1246 366 1258 385 ’
1513 378 1581 431 noo

119 491 149 530 se
162 479 207 532 iiie
219 494 352 533 numerus
377 478 422 535 inc
442 491 553 537 sanctus
566 494 617 548 est,
634 483 662 537 in
678 498 731 554 quo
744 485 772 549 Α
786 485 932 556 superbia.
945 488 1022 549 Hinc
1032 505 1082 563 ego
1097 491 1233 561 expallens
1253 493 1320 551 iilud
1339 495 1452 552 Domini
1467 497 1494 553 in
1510 501 1580 556 Eze-

119 568 188 626 ictor
197 587 292 644 regom
304 572 466 644 impiorum,
480 575 513 631 ab
527 591 559 631 eo
574 575 621 649 qui
634 577 729 633 aeterni
784 577 854 634 cbiei
877 580 993 639 dicentis
1019 585 1088 639 :Vae
1102 583 1203 641 civitati
1224 587 1402 657 sanguinum,
1427 590 1505 662 cujus
1527 607 1578 665 ego

118 671 138 718 st
161 662 248 721 lorma
271 666 440 724 benedicitur
456 671 536 736 (Gen.
554 677 631 739 xcv).
659 695 672 720 »
695 675 729 728 Et
783 672 917 742 grandem
930 674 1029 732 iaciam
1041 693 1137 749 pyram
1151 681 1262 745 (Ezecb.
1279 681 1376 752 xxiv),
1388 682 1452 738 licet
1468 686 1543 740 Deus
1552 686 1581 742 in

118 760 175 814 Iso
188 775 258 831 papa
271 764 361 830 (epist.
378 769 421 829 53)
438 783 445 818 :
463 788 476 813 ι
489 765 581 820 Sancti
591 765 631 821 iili
646 774 675 822 et
686 783 729 822 re·
783 780 827 820 me
839 765 1129 826 ieceritsiamsemitae
1139 771 1186 828 irae
1196 776 1339 845 suaeiPsci.
1354 781 1491 845 cxxvn);
1504 777 1580 835 iiiam

118 861 183 912 tres.
200 854 246 926 qui
263 855 290 909 in
300 856 368 912 urbe
382 857 502 926 Nicaena,
513 860 645 933 sacrilego
661 861 728 916 Ario
782 866 873 915 tamen
884 859 1009 918 desidero
1019 862 1101 932 iram,
1110 864 1398 941 dequaliieronymus
1410 888 1417 924 :
1428 894 1441 920 ι
1450 871 1579 937 Grandis,

118 944 215 1016 pietate
234 946 376 1016 damnato,
391 966 533 1008 mansuras
547 968 632 1024 usquc
647 951 682 1009 ad
696 954 727 1008 ii·
783 950 859 1020 dicit,
875 952 983 1011 oliensa
1004 964 1056 1023 est,
1070 965 1218 1028 postquam
1244 961 1426 1030 peccavimus,
1441 962 1512 1021 iram
1527 965 1580 1021 Dei

129 1038 200 1112 leges
215 1040 463 1100 ecclesiasticorum
478 1061 617 1102 canonum
634 1047 729 1103 condi·
783 1061 839 1102 non
862 1048 974 1112 mereri,
989 1058 1020 1105 ut
1043 1050 1120 1106 iliam
1134 1050 1269 1108 declinem
1287 1053 1367 1121 iram,
1388 1054 1488 1129 dequa
1503 1059 1579 1115 Psal-

117 1131 170 1204 pnd
184 1148 236 1189 nos
255 1133 283 1189 in
306 1143 365 1191 toto
390 1136 457 1193 orbe
471 1146 608 1195 terrarum
629 1139 659 1194 in
673 1141 729 1198 suis
773 1124 864 1197 inista
876 1160 883 1196 ε
896 1165 909 1188 «ι
918 1142 1096 1200 Exaoerbavit
1105 1143 1251 1218 [peccator]
1263 1148 1416 1205 Dominum
1424 1149 1578 1208 secundum

117 1226 175 1282 ibus
199 1227 304 1284 vivunt.
326 1232 405 1287 Etsi
428 1232 494 1304 quid
520 1249 635 1306 usquam
650 1235 729 1292 aliter
782 1233 1344 1309 misericordiam[multitudemliraesuae
1353 1243 1433 1306 (Psoi.
1446 1246 1509 1310 x),»
1522 1260 1578 1300 non

117 1328 197 1377 tuere
211 1324 466 1393 praesumitur,sinc
480 1328 653 1384 cunctatione
667 1345 727 1385 cas-
781 1326 845 1400 quia
860 1327 934 1384 idem
955 1339 1081 1400 peccator
1096 1330 1207 1387 licenter
1228 1341 1333 1404 peccat,
1357 1334 1405 1390 sed
1422 1335 1512 1392 nimiae
1527 1337 1578 1393 Dei

118 1413 180 1469 binc
194 1424 307 1472 sanctus
318 1420 376 1474 Leo
395 1418 429 1474 ad
450 1420 619 1476 Pulcheriam
633 1426 727 1496 Augu-
781 1420 829 1476 iras
849 1430 892 1477 est
916 1420 992 1494 quod
1012 1426 1136 1494 peccanti
1159 1440 1273 1497 propera
1290 1427 1420 1498 arrident,
1448 1429 1522 1501 quod
1536 1446 1580 1486 ne-

121 1507 191 1580 .5.5)
222 1529 228 1564 ι
258 1513 394 1567 «Contra
418 1521 529 1581 statuta,
553 1514 651 1586 inquit,
675 1518 727 1571 Pa·
782 1514 867 1586 quitia
894 1516 953 1586 ejus
971 1531 1027 1571 non
1055 1517 1219 1589 retunditur,
1245 1520 1318 1593 quod
1343 1520 1401 1593 ejus
1421 1523 1578 1596 sceieripro

120 1617 236 1668 nonum,
250 1619 312 1675 quae
327 1613 390 1660 ante
404 1605 571 1678 longissimas
583 1610 671 1665 aetatis
684 1626 728 1665 an·
783 1608 888 1663 meritis
902 1624 960 1664 non
973 1610 1163 1682 respondetur.
1179 1637 1191 1661 ι

117 1696 229 1752 Nicaena
247 1697 411 1769 spiritalibus
423 1709 488 1755 sunt
509 1700 624 1758 lundata
636 1703 728 1760 decre·
818 1703 853 1756 Et
863 1717 899 1757 ne
913 1700 1015 1759 diutius
1028 1702 1188 1775 delinquam
1202 1706 1375 1778 majestatem
1390 1709 1577 1767 animiama·
1639 1774 1641 1778 ,

119 1805 202 1861 quam
221 1791 322 1846 audere
338 1793 506 1862 conceditur,
523 1793 558 1850 ita
585 1805 616 1852 ut
630 1797 651 1851 si
668 1797 728 1867 quis
778 1794 887 1867 juribus
906 1795 1087 1865 demorando,
1100 1807 1165 1853 tuos
1178 1798 1340 1857 deosculans
1353 1803 1445 1873 pedes,
1460 1814 1506 1861 tua
1520 1821 1579 1861 am·

117 1882 193 1952 iquid
214 1882 360 1940 decernere
381 1886 456 1954 velit,
472 1903 501 1943 se
515 1889 607 1959 potius
621 1890 728 1947 minuat
743 1869 769 1932 Β
783 1888 905 1959 plectens
919 1904 1017 1962 genua,
1033 1889 1123 1946 clamo
1136 1890 1196 1960 tibi,
1214 1894 1293 1949 Pater
1304 1901 1333 1949 et
1343 1896 1474 1966 Domine,
1491 1914 1578 1954 unum

117 1985 274 2049 corrumpat.
300 2001 312 2026 ιι
340 1979 479 2036 Andircnt
500 1982 584 2038 etiam
608 1982 724 2039 beatum
780 1981 891 2053 pietate,
907 1981 1023 2038 aiterum
1037 1981 1178 2056 dignitate,
1196 2000 1310 2056 precans
1326 1987 1503 2062 indulgentias
1515 2008 1578 2063 gra-

118 2071 247 2126 nmuitis
265 2073 307 2127 sui
328 2089 383 2128 uon
399 2077 529 2144 licpistrt,
549 2074 597 2131 sed
619 2080 727 2146 liegesti
780 2074 858 2141 tiam,
874 2091 955 2147 quarn
977 2091 1050 2145 saepe
1064 2077 1113 2131 tibi
1130 2076 1304 2134 valefacienti
1323 2081 1425 2137 seniori
1439 2099 1502 2139 meo
1516 2100 1578 2139 san·

117 2179 187 2220 arrae
208 2166 304 2238 synodi
327 2167 436 2223 decreta
458 2168 652 2226 affirmantem.
670 2174 724 2227 Re·
780 2166 903 2223 ctissime
926 2169 1066 2225 Rumoido
1089 2172 1189 2235 (1047)
1213 2170 1294 2227 hodie
1314 2173 1434 2230 coeiestis
1447 2175 1579 2233 anlaedo-

117 2257 196 2314 :erius
217 2268 244 2314 ct
264 2260 331 2316 iliud
350 2262 485 2332 Gregorii,
505 2262 580 2335 quod
602 2274 630 2321 et
650 2265 724 2336 prius
780 2261 891 2317 mesticc
905 2261 1032 2327 dederas,
1053 2279 1167 2335 precans
1183 2264 1280 2321 levatae
1294 2281 1394 2323 manus
1409 2274 1463 2325 tuae
1483 2271 1581 2326 mereri

116 2367 180 2408 sona
196 2353 295 2409 sanctis
309 2355 435 2410 Patribus
451 2356 611 2413 delinitione
633 2359 725 2414 sanci·
779 2353 1012 2421 benedictionem
1031 2357 1075 2412 cui
1096 2357 1187 2412 nuilus
1207 2357 1289 2414 distat
1311 2359 1396 2428 iocus,
1418 2377 1531 2445 precans
1550 2373 1581 2419 ut

119 2447 203 2502 sacris
222 2447 308 2502 nescit
322 2448 432 2503 obedire
447 2450 605 2516 canonibus,
619 2466 670 2507 nec
682 2468 726 2508 sa-
779 2448 807 2503 in
830 2447 875 2504 iilo
897 2448 1028 2505 ineflabili
1047 2450 1146 2521 jubilo,
1166 2467 1221 2523 quo
1242 2451 1343 2508 coeium
1365 2464 1504 2525 penetras,
1525 2473 1581 2529 quo

116 2554 157 2594 are
170 2540 211 2595 rei
233 2541 457 2598 communionem
470 2558 567 2615 capere
580 2542 615 2599 sit
627 2544 725 2616 dignus
780 2541 900 2598 divinam
924 2542 1077 2613 promulces
1092 2558 1198 2607 aurem,
1213 2544 1267 2600 mei
1280 2560 1338 2600 non
1352 2547 1520 2604 obliviscaris
1534 2551 1581 2621 qui

780 2636 821 2690 tui
835 2637 935 2693 saitem
959 2644 1026 2692 tunc
1039 2651 1147 2714 memor
1169 2636 1269 2704 cristo,
1295 2652 1358 2693 cum
1383 2640 1422 2695 tui
1440 2656 1579 2698 conversa·

116 2726 175 2782 haec
186 2743 257 2784 nova
272 2729 416 2786 emersisse
431 2731 541 2786 tertium
556 2747 632 2786 nunc
644 2732 729 2787 Cato·
779 2729 882 2784 tionem
896 2729 1042 2801 tritamque
1063 2727 1169 2785 vivendi
1193 2729 1321 2785 semitam
1335 2731 1452 2788 devotus
1469 2743 1579 2806 exopto.

116 2820 281 2891 caecidisse,
302 2822 416 2879 audiant
436 2829 532 2896 papam
546 2825 725 2882 coeiestinum
782 2821 830 2877 Vix
847 2820 983 2878 refrenata
998 2837 1086 2892 penna
1099 2821 1190 2877 dicam
1209 2822 1295 2878 invito
1309 2839 1377 2879 ore:
1396 2826 1473 2894 Vale,
1493 2827 1581 2894 gioria

116 2915 218 2970 ,Νιιιιῑ
236 2916 409 2974 sacerdotum
431 2934 496 2974 suos
517 2917 644 2992 ignorare
665 2919 727 2976 licet
780 2915 948 2983 lsraei,vale,
962 2914 1044 2971 curiae
1058 2914 1177 2970 coelcstis
1191 2915 1352 2986 conscriptae
1369 2926 1489 2974 senator.
1509 2921 1580 2976 insi·

116 3025 122 3064 ι
135 3008 285 3082 quidquam
302 3009 400 3079 iacere,
422 3012 497 3086 quod
511 3014 625 3069 Patrum
641 3013 726 3085 possit
780 3008 857 3080 piens
868 3006 955 3064 iactus
969 3023 1032 3065 sum
1042 3008 1189 3080 loquendo,
1203 3008 1277 3064 dices
1291 3008 1359 3065 milri
1372 3029 1379 3065 :
1393 3012 1560 3083 Respondes
1572 3032 1579 3068 :

119 3102 305 3176 riisiobviare.
321 3107 569 3175 Non‘praetcreant,
581 3123 635 3162 non
649 3107 726 3163 abra·
780 3100 891 3174 coegisti
913 3117 967 3158 me.
991 3101 1086 3156 Amori
1106 3100 1223 3158 modurn
1246 3101 1376 3172 suadens,
1404 3104 1501 3176 perdes
1516 3122 1578 3179 ope-

116 3213 161 3251 ren
179 3214 248 3253 suos.
267 3200 335 3254 Nam
353 3215 472 3256 canones
486 3200 589 3272 proprii
602 3210 667 3257 sunt
681 3217 724 3257 sa·
783 3211 855 3251 ram·

116 3289 181 3346 ιιρχ
196 3293 285 3362 Moysi
304 3301 333 3348 ει
349 3293 388 3348 tex
403 3292 576 3351 Judaeorum,
592 3295 675 3351 Unde
687 3295 727 3350 eis
819 3289 915 3344 Valeas
933 3295 961 3344 et
982 3296 1013 3345 tu
1034 3297 1135 3360 optatae
1167 3287 1277 3358 indolis,
1300 3291 1446 3360 Bernaide,
1467 3293 1580 3351 iioscuie

116 3408 127 3431 a
152 3386 184 3438 111
207 3385 275 3455 iege,
296 3386 395 3459 inquit,
417 3396 506 3444 restra
533 3389 665 3460 scripturn
688 3397 730 3444 est
784 3398 912 3453 vernans,
928 3389 1115 3456 rogatuscum
1130 3382 1177 3438 iilo
1190 3383 1312 3454 Apostoli
1325 3383 1360 3440 ad
1374 3381 1579 3459 Philippensem

123 3478 424 3552 »Erdeeisgalniege
437 3482 677 3553 eorumscriptum
689 3488 730 3538 est
785 3499 797 3526 ι
819 3476 844 3533 si
868 3492 920 3548 qua
945 3475 1095 3532 consolatio
1117 3476 1144 3531 in
1166 3476 1286 3544 Christo,
1310 3477 1333 3533 si
1358 3479 1434 3550 qnod
1448 3481 1580 3539 solatium

116 3571 207 3626 »Hinc
222 3581 304 3644 patet,
315 3575 379 3646 quia
392 3574 424 3644 si,
441 3582 471 3630 nt
481 3575 644 3631 Coeiestinns
655 3573 729 3632 altir-
783 3567 935 3633 charitatis,
951 3567 975 3624 si
997 3583 1059 3640 quae
1073 3566 1190 3623 societas
1213 3568 1337 3640 spiritus,
1359 3571 1381 3626 si
1402 3586 1463 3641 qnae
1477 3572 1581 3629 viscera

130 3666 285 3722 sacerdotes
294 3683 412 3738 quorum
427 3676 491 3723 sunt
506 3685 636 3736 canones¹
649 3677 727 3737 tunc,
783 3661 967 3718 miserationis
983 3662 1102 3732 (Philip.
1120 3666 1171 3728 11),
1187 3685 1200 3710 tt
1227 3662 1351 3718 Uibilius
1366 3662 1476 3720 dicldiae
1500 3665 1583 3722 tibia

115 3776 121 3810 ι
144 3765 210 3812 sunt
224 3765 354 3829 canones,
376 3776 427 3815 nee
449 3769 531 3817 erunt
553 3760 724 3820 sacerdotes,
782 3755 896 3811 domino
916 3763 962 3811 tuo
983 3754 1108 3810 materiae
1132 3769 1240 3810 merear
1263 3755 1367 3812 litteras
1382 3757 1459 3812 omni
1474 3767 1582 3815 nectare

115 3858 215 3907 renus.
782 3849 849 3905 mibi
866 3848 1026 3921 sapidiores,
1053 3856 1113 3904 tum
1135 3855 1243 3904 tantum
1259 3858 1338 3905 tuam
1361 3849 1522 3924 dominique
1541 3851 1583 3910 tni

129 3945 283 4001 venerande
302 3949 393 4013 Pater,
417 3947 559 4017 recordor,
574 3949 727 4006 exclamare
782 3944 900 3999 salutern
911 3941 981 3998 mihi
995 3939 1154 3998 referentes.
1171 3942 1212 3998 Tu
1227 3941 1287 4011 tibi,
1303 3958 1414 4012 monitu,
1427 3959 1484 4000 non
1497 3943 1582 4015 desis,

115 4039 189 4094 ome
203 4037 353 4105 infelicem,
375 4040 430 4095 imo
452 4038 638 4098 inimicissimo
661 4042 728 4099 insa
782 4045 996 4109 praesentaturus
1007 4044 1034 4091 te
1044 4035 1125 4090 nobis
1138 4035 1232 4103 talem,
1247 4034 1358 4107 qualem
1371 4053 1422 4110 ego
1435 4045 1462 4093 tc
1476 4038 1581 4108 nescio,

115 4130 151 4186 od
174 4147 225 4204 ego
246 4131 312 4187 oiim
332 4132 426 4204 digitis
439 4133 492 4189 tuis
506 4133 726 4206 probatissimam
782 4140 875 4187 utrum
890 4130 978 4202 magis
993 4138 1085 4201 optem
1104 4147 1140 4184 an
1154 4144 1274 4200 sperem.
1290 4131 1363 4202 Opto
1376 4130 1474 4203 quippe
1488 4148 1520 4187 ex
1532 4133 1579 4188 iiio

115 4225 256 4298 pyrrham,
271 4226 336 4281 mibi
352 4224 421 4299 quid
441 4227 578 4300 agendum
598 4229 726 4301 praescri·
782 4239 864 4296 quem
883 4223 910 4278 in
932 4230 959 4278 te
981 4221 1069 4278 babeo
1084 4219 1196 4278 ellectu.
1213 4224 1298 4294 Spero
1315 4239 1350 4280 ex
1369 4222 1472 4281 debitas
1486 4225 1580 4282 virtuti

115 4333 143 4372 tn
166 4317 283 4386 obedivi,
306 4319 391 4391 quod,
407 4320 492 4376 instar
504 4321 606 4394 aspidis
620 4322 725 4392 surdae,
781 4327 835 4374 tuae
847 4318 993 4391 parentelae
1006 4325 1143 4389 respectu.

115 4413 208 4467 ronitis
227 4412 367 4469 obturavi!
381 4416 466 4480 (Psoi.
482 4421 544 4482 57.)
559 4419 638 4472 Nunc
652 4416 725 4472 enim
1060 4413 1240 4470 EPiSTOLA
1259 4415 1298 4469 ΙΙΙ

115 4504 166 4560 iud
181 4505 336 4563 Salomonis
352 4526 359 4561 :
386 4532 398 4556 «
424 4512 485 4582 Quo
504 4508 586 4565 modo
601 4510 623 4566 si
645 4509 722 4581 spina
940 4522 1110 4566 snscusnrr
1124 4523 1164 4562 an
1179 4521 1385 4564 ssnuicnun.

123 4615 206 4653 manu
231 4600 385 4670 temulenti,
402 4602 441 4657 sic
462 4604 491 4658 in
506 4619 554 4659 ore
575 4603 762 4672 stoicorump
815 4601 936 4657 Domino
951 4618 984 4658 ac
1004 4598 1234 4658 reverendissimo
1252 4601 1388 4657 sacerdoti
1411 4604 1580 4661 Bsnuscno

115 4709 161 4748 ·ου.
173 4697 279 4762 xxvi.)
290 4717 302 4742 ι
313 4697 382 4750 liam
394 4695 465 4752 sicut
474 4696 641 4753 temulentus
652 4698 728 4769 spina
780 4711 835 4751 non
846 4695 904 4768 jam
918 4710 1054 4768 nugacem
1076 4692 1164 4766 lyram
1178 4693 1296 4763 Horatii,
1321 4694 1369 4751 sed
1383 4698 1527 4770 mysticam
1542 4699 1579 4755 ci·

115 4795 174 4843 enta
189 4787 309 4858 scipsum
327 4789 353 4843 in
369 4789 464 4860 primis
478 4789 611 4856 vulnerat,
632 4791 669 4846 ita
683 4807 726 4847 me
780 4788 890 4844 tharam
911 4785 1008 4853 David,
1029 4785 1197 4843 fructuosius
1215 4786 1277 4855 sibi,
1292 4797 1320 4844 et
1339 4789 1395 4846 suis
1407 4790 1581 4848 auditoribus

114 4880 141 4934 ia
155 4881 195 4935 sui
212 4880 309 4952 laqueo
324 4883 489 4953 strangulat,
505 4884 542 4939 ita
558 4900 603 4939 me
617 4885 725 4956 proprio
779 4881 956 4954 amplexanti,
971 4888 1176 4969 incessurus
1189 4889 1269 4937 aetate
1284 4882 1436 4958 presbyter,
1449 4900 1507 4942 non
1520 4902 1580 4941 mo·

114 4976 223 5046 ,ugutat
249 4978 289 5031 De
301 4976 359 5047 iege
374 4992 421 5032 sua
444 4993 488 5033 me
502 4980 578 5033 Deus
599 4978 724 5034 doccndo
779 4976 866 5042 ribus,
883 4976 998 5048 ejusque
1016 4974 1178 5043 Bernaldus,
1203 4991 1238 5031 ex
1253 4983 1371 5049 utroque
1386 4977 1499 5035 bomine
1520 4995 1581 5034 cer·

114 5067 126 5122 ii
138 5069 262 5124 adiebus
273 5069 446 5126 malisvciuit
457 5070 465 5141 i
476 5071 663 5142 Psci.xc111);
675 5070 724 5126 sed
778 5069 877 5125 tissimi
891 5068 1048 5126 serviminis
1065 5066 1190 5125 allectus.
1212 5071 1254 5126 De
1274 5067 1433 5127 dulcissimo
1445 5071 1524 5127 vestri
1539 5085 1579 5126 re·

134 5170 226 5218 sancte
261 5165 351 5229 Pater,
383 5164 445 5235 quia
472 5163 522 5218 tibi
548 5163 634 5220 iactus
662 5182 723 5220 sum
777 5163 889 5234 scripto,
902 5162 980 5219 vobis
1000 5161 1150 5236 condignas
1170 5171 1259 5236 grates
1284 5162 1389 5220 rsierre
1403 5181 1456 5219 noo
1474 5162 1578 5219 sufiici-

114 5256 276 5324 macis,aes,
300 5257 671 5327 murmuraudmstannum,
693 5267 724 5314 ut
777 5273 858 5324 mus;
890 5256 937 5313 sed
960 5256 1014 5312 hoc
1037 5257 1163 5312 omnium
1183 5258 1320 5314 bonorum
1339 5255 1521 5320 Retributori,
1544 5263 1577 5311 nt

114 5347 186 5416 tries,
207 5351 319 5406 meliora
336 5350 509 5419 mentiend03
525 5350 643 5420 ferrum,
658 5368 724 5424 pro·
780 5351 838 5422 ipse
851 5351 928 5407 vobis
941 5348 1085 5416 retribuat,
1107 5348 1205 5405 obnixa
1219 5349 1415 5422 supplicatione
1428 5347 1578 5406 committi-

114 5440 162 5509 i0;
178 5441 322 5515 plumbum
338 5444 452 5512 (Erech.
467 5449 563 5515 ιιιιιι),
574 5463 681 5518 semper
692 5446 726 5502 ad
780 5460 853 5514 mus,
868 5458 953 5517 quem
967 5451 996 5499 et
1015 5459 1064 5499 ros
1078 5444 1105 5498 in
1128 5442 1208 5500 nobis
1219 5452 1276 5501 tani
1296 5439 1451 5498 charitativa
1463 5456 1578 5515 respon·

114 5534 178 5591 ndo.
195 5537 392 5605 «curavimus,
401 5537 441 5593 ait
451 5540 595 5606 Dominus,
611 5540 727 5611 Babylo·
781 5539 869 5606 sione,
894 5543 950 5592 tam
980 5535 1115 5593 laboriosa
1138 5536 1315 5608 rescriptione
1337 5548 1394 5589 non
1417 5533 1580 5597 dubitamus

114 5637 251 5687 persanata
267 5633 418 5698 (irim),
431 5655 443 5680 s
455 5633 728 5703 erepuit‚dicitScri·
781 5631 943 5687 honorasse.
968 5627 1020 5687 Sed
1041 5628 1104 5701 quia
1129 5628 1259 5684 nonnulla
1278 5627 1303 5682 iu
1328 5625 1425 5683 eodem
1443 5631 1578 5703 rescripto

114 5737 178 5780 nace
189 5726 299 5790 (Ezccb.
311 5731 408 5794 ιιιιιι),
419 5726 466 5799 qui
479 5742 535 5781 non
546 5728 634 5782 caruit
646 5737 726 5784 vento
781 5741 832 5781 nos
855 5728 977 5791 movent,
992 5721 1026 5779 de
1048 5730 1159 5792 experta
1186 5726 1281 5776 restrae
1296 5719 1445 5792 prudentia
1458 5722 1578 5781 benevo-

114 5838 185 5896 rbic
197 5840 244 5897 iile
261 5848 304 5897 est
317 5841 481 5911 Rumoidus,
494 5842 539 5915 qui
554 5841 606 5900 fuit
620 5845 728 5917 primus
781 5841 888 5907 tiensis3
907 5839 941 5896 de
965 5854 1020 5909 quo
1044 5839 1071 5894 iu
1094 5835 1153 5891 Vita
1178 5837 1205 5889 S.
1230 5835 1378 5904 Benuonis,
1393 5850 1456 5910 cap.
1482 5844 1527 5910 12,
1551 5851 1582 5901 er

114 5910 298 5981 imtariensis,
313 5919 408 5984 postea
428 5915 572 5987 episcopus
590 5913 726 5975 Constan-
780 5913 852 5986 apud
867 5910 1059 5978 lambertum,
1074 5920 1146 5964 anno
1162 5908 1246 5962 loct?
