3870 6164
134 261 188 320 lat
273 308 277 319 .
328 282 334 289 ·
593 280 596 285 ·
663 263 764 320 Llestt
782 261 948 332 QUARTUS.
967 291 1004 301 -
1021 262 1127 320 ltrlst.
1146 262 1255 319 xxvtlt.
1732 266 1784 324 lat
1897 266 1903 275 ’

133 382 219 442 tumui
232 384 395 443 sententiam
409 385 588 444 manifestans
600 386 637 444 ait
652 405 660 445 r
681 393 720 447 lte
735 389 811 460 iuste
824 390 931 462 indicio
944 390 972 454 Α
985 392 1148 456 commoda,
1170 397 1199 446 et
1215 390 1305 463 aliqua
1322 397 1529 447 antecessorum
1554 396 1714 446 nostrorum
1738 404 1786 448 oe-

133 480 639 552 ileiquireddetenteuiquesecaodum
647 484 879 555 eperoejttstltem.
889 488 935 551 ιι).
990 482 1103 540 culterit
1118 484 1289 558 negligentia.
1309 486 1384 542 Dum
1399 493 1545 559 postquam
1557 499 1673 558 reguum
1688 483 1755 542 illud
1770 500 1787 540 a

134 572 184 629 His
203 572 315 645 qnidam
337 572 383 646 qui
410 573 561 633 secuudum
583 576 739 648 patientiam
756 576 819 633 boni
845 576 937 649 operis
988 577 1129 635 Saracenis
1148 587 1176 635 et
1209 579 1324 652 paganis
1347 595 1494 652 pervasum
1518 587 1574 648 est,
1600 587 1629 635 et
1648 578 1787 636 seruitium

133 667 250 739 gloriam
260 666 700 741 etbenetemetiucorruptionem
707 670 935 743 quaereremur
987 672 1061 744 quod
1075 671 1156 729 beato
1170 674 1251 729 Petro
1267 672 1330 729 inde
1343 673 1451 731 solebat
1464 675 1537 744 lieri,
1551 670 1787 746 propterinlidcli·

134 769 282 829 aeternam3
296 761 340 819 bis
353 770 446 819 autem
459 764 505 836 qui
523 771 590 821 sunt
602 780 636 820 ex
646 765 834 833 contentione,
845 775 873 822 et
888 765 935 840 qui
987 772 1072 822 tatem
1091 781 1188 824 eorum
1212 775 1241 824 et
1255 767 1428 839 tyrannidem
1452 766 1604 836 detentum,
1621 766 1656 823 ab
1673 781 1724 824 usu
1735 781 1787 824 uo·

132 870 190 913 nen
213 855 387 929 aequiescunt
400 857 520 925 veritati,
541 858 658 915 eredunt
671 869 762 916 autem
789 859 934 932 iniquitati,
987 866 1095 916 tmtum
1110 868 1153 917 tot
1163 860 1243 917 annis
1258 860 1444 933 interceptum
1459 868 1517 930 est,
1530 860 1633 933 pariter
1649 861 1731 916 οιίιπι
1741 876 1786 918 re-

135 949 174 1007 ira
197 957 228 1006 et
240 948 401 1023 indignatio,
418 950 560 1008 tribulatio
584 960 614 1009 et
627 953 752 1026 angustia
773 952 801 1009 in
822 969 935 1011 omnem
986 969 1051 1010 rum
1070 963 1098 1011 et
1120 954 1291 1026 proprietatis
1310 955 1442 1011 memoria
1462 954 1546 1012 dilabi
1565 956 1655 1027 caepit.
1681 955 1786 1012 Verum

134 1042 257 1099 animant
277 1042 546 1118 bominisoperantis
559 1046 672 1103 malurn.
688 1044 778 1102 Nolite
803 1059 869 1117 ergo
892 1059 935 1099 su·
988 1048 1050 1120 qnia
1067 1047 1156 1106 divina
1170 1048 1313 1105 clementia
1333 1064 1460 1106 concessa
1475 1048 1552 1106 vobis
1566 1048 1594 1104 in
1609 1046 1702 1105 hostes
1725 1048 1787 1105 iilos

134 1136 220 1194 blime
239 1152 345 1210 sapere,
366 1146 429 1205 aut,
458 1148 570 1211 propter
594 1138 771 1195 eminentiam
793 1134 935 1210 presentis
988 1156 1150 1214 semperque
1168 1140 1343 1199 concedenda
1372 1141 1483 1198 victoria
1511 1148 1613 1197 terram
1638 1140 1666 1197 in
1690 1156 1788 1198 manus

133 1230 238 1304 gloriae
255 1229 384 1289 bumana,
391 1231 565 1302 conditionis,
579 1248 641 1305 qua
655 1248 733 1305 aequa
743 1239 787 1288 est
800 1247 896 1306 regum
908 1238 936 1287 et
987 1243 1089 1291 restras
1111 1234 1232 1305 tradidit,
1249 1234 1363 1293 ulterius
1382 1251 1431 1292 vos
1449 1250 1559 1291 eausam
1576 1235 1647 1290 banc
1662 1234 1787 1308 ignorare

135 1340 300 1398 pauperum,
322 1325 453 1382 oblivisci.
473 1325 538 1396 Sed,
552 1326 623 1383 sicut
638 1326 712 1383 idem
724 1324 864 1399 apostolus
877 1341 935 1382 mo·
986 1328 1127 1399 nolumus,
1148 1344 1182 1386 ne
1206 1328 1281 1402 qued
1304 1344 1439 1403 supernus
1463 1328 1564 1386 arbiter
1587 1336 1616 1384 et
1642 1327 1734 1401 legum
1756 1343 1788 1385 ac

139 1427 196 1487 net,
207 1419 396 1475 humiliamini
402 1420 452 1476 snb
459 1423 566 1490 potenti
575 1437 659 1477 meae
669 1422 728 1484 Dei,
739 1425 823 1476 etees
836 1420 936 1476 eeeltet
986 1422 1099 1497 justitia>
1125 1421 1253 1481 conditor
1283 1421 1318 1479 de
1344 1422 1530 1494 recuperanda
1563 1430 1592 1478 ct
1617 1420 1787 1478 restituenda

134 1515 296 1585 interrepere
319 1514 500 1570 tribulotiem's
522 1518 606 1582 (l‘ctr.
626 1518 668 1582 v).
689 1513 870 1585 Nolitespem
884 1527 935 1586 pe-
982 1516 1087 1590 justitia
1105 1516 1245 1574 ethonore
1275 1516 1363 1573 saneti
1388 1515 1471 1584 Petri,
1499 1516 1611 1590 ejusque
1629 1523 1734 1572 sanctae
1760 1521 1789 1571 et

134 1622 198 1663 nere
215 1605 245 1663 in
258 1605 363 1664 incerto
381 1605 537 1665 dunarum
552 1607 639 1680 bujus
652 1607 755 1674 saculi,
780 1607 829 1664 sed
847 1607 874 1662 in
888 1605 934 1664 illo
987 1609 1143 1682 apostoliea
1154 1609 1236 1676 sedis,
1252 1616 1350 1667 emate
1364 1609 1459 1682 gloria
1472 1608 1507 1664 ad
1530 1607 1601 1665 bene
1621 1606 1785 1665 merendum

134 1698 166 1757 de
180 1715 239 1774 quo
253 1699 385 1773 scriptum
409 1709 473 1758 est:
497 1704 550 1757 Per
574 1716 616 1756 me
641 1702 712 1757 enim
731 1716 803 1771 reqes
821 1704 935 1771 rcqoeat
987 1703 1112 1772 eontulit,
1127 1711 1176 1761 aut
1197 1702 1277 1760 nobis
1295 1719 1328 1760 er
1346 1703 1533 1759 taciturnitate
1556 1701 1586 1758 in
1614 1700 1787 1774 negligentia

136 1797 224 1861 (Pren-
241 1799 309 1863 titt)
316 1812 326 1865 ;
341 1803 369 1851 et
378 1793 467 1851 aiibi:
489 1796 624 1864 Quoniam
637 1796 709 1850 dote
727 1800 766 1850 est
789 1786 1103 1869 oDomirteBculpam,
1131 1804 1180 1853 aut
1201 1795 1278 1853 robis
1296 1811 1329 1852 er
1359 1794 1522 1868 ignorantia,
1553 1794 1627 1868 quod
1652 1792 1736 1850 absitl
1750 1791 1788 1852 ad

132 1893 253 1960 potestas
270 1888 353 1953 rebe,
366 1890 492 1945 eteirlus
506 1890 541 1944 ob
552 1889 707 1957 ditissime,
723 1890 775 1960 qui
785 1889 932 1959 toterreqo·
984 1889 1186 1947 detrimentum
1204 1889 1353 1964 propesitae
1365 1899 1392 1946 et
1409 1888 1542 1946 divinitus
1553 1888 1654 1946 oblatae
1667 1887 1787 1945 retribu-

134 1981 372 2053 biteperovestre,
380 1985 406 2037 et
417 1983 593 2052 cogitationes
611 1982 791 2050 scnttebitur3
805 1983 837 2036 ire
848 1983 933 2052 queet
985 1983 1068 2041 tionis
1090 1983 1227 2041 obveniat.
1253 1982 1426 2042 confidimus
1449 1983 1522 2039 enim
1542 1981 1572 2039 in
1598 1980 1785 2040 misericordia

135 2076 319 2133 muriante
350 2075 424 2131 vebis
442 2075 555 2132 diuitias
575 2075 703 2131 benorum
736 2091 859 2146 operum,
874 2091 933 2131 coa·
985 2079 1049 2146 Dei,
1062 2078 1108 2151 qui
1127 2076 1259 2133 virtutem
1279 2076 1358 2133 vobis
1368 2075 1445 2134 dedit
1455 2084 1484 2133 ct
1497 2075 1650 2146 victoriam,
1670 2082 1704 2131 ut
1716 2074 1787 2133 banc

133 2172 267 2226 ementes
279 2168 596 2238 stabilemrtdumerrtum
607 2170 631 2237 (l
638 2169 705 2226 Tim.
719 2174 771 2236 vr),
780 2174 807 2225 et
815 2170 932 2225 melioris
984 2171 1070 2228 otiam
1080 2168 1648 2244 voluntatemvobistribuat,quo,cognita
1658 2169 1784 2238 rerimte,

135 2261 403 2333 utqueiadellcientis
416 2262 574 2319 substantie
584 2264 776 2334 possessionem
789 2263 878 2331 tilebr.
888 2267 930 2331 x),
985 2264 1076 2337 petius
1092 2272 1194 2322 statuta
1209 2263 1431 2321 Christianorum
1445 2262 1600 2337 principum
1612 2271 1641 2320 et
1657 2263 1783 2336 exempla

133 2356 178 2411 abi
192 2358 281 2412 eitum
298 2356 406 2413 ducetis
420 2361 561 2413 estentona.
577 2359 636 2416 Neo
653 2358 724 2413 enim
749 2357 875 2413 babemus
889 2358 933 2413 bic
985 2356 1147 2430 aequamini,
1163 2373 1248 2430 quam
1267 2373 1365 2415 eorum
1388 2356 1558 2430 impietatem
1581 2355 1628 2430 qui
1652 2355 1785 2414 christia·

134 2454 284 2507 manetetem
296 2452 444 2515 civitatem,
469 2452 516 2508 sed
529 2453 657 2519 futurum
666 2454 839 2522 inquirimus,
856 2453 932 2523 cujas
985 2466 1053 2508 uum
1067 2467 1168 2508 nomen
1180 2451 1269 2524 magis
1280 2451 1395 2524 cupiunt
1409 2451 1534 2524 persequi
1548 2465 1633 2525 quam
1647 2450 1789 2509 venerari.
1830 2440 1837 2451 “

138 2545 932 2619 ertiseeetceoditorlless(llebr.xrrt)(392).Etproieeto
986 2544 1112 2602 Misimus
1130 2554 1222 2601 autern
1242 2544 1277 2601 ad
1293 2561 1341 2602 vos
1361 2543 1528 2603 confratrem
1551 2553 1678 2602 nostrum
1699 2548 1787 2603 Ama·

137 2638 239 2712 vosipsi
252 2638 362 2697 scitisct
373 2640 495 2713 quotidie
504 2640 602 2697 videtis
618 2654 702 2711 quarn
713 2640 787 2696 dtrxa
796 2648 824 2696 et
834 2638 934 2711 fragilis
986 2645 1046 2710 tum
1070 2637 1251 2694 venerabilem
1269 2639 1437 2695 Ellorensem
1456 2639 1630 2712 episcopum,
1652 2639 1695 2696 eui
1708 2649 1736 2696 ct
1752 2639 1789 2697 ti·

135 2732 239 2790 attrita
253 2733 426 2799 mortalium,
452 2750 535 2807 quam
552 2733 632 2790 iallaa
650 2741 678 2789 ct
699 2734 857 2806 deceptoria
871 2747 933 2805 spes
986 2746 1046 2788 cem
1068 2741 1193 2789 nostram
1207 2730 1243 2787 ad
1264 2740 1354 2805 partes
1378 2732 1437 2789 illas
1459 2732 1595 2802 dedimus,
1610 2731 1791 2808 adjungentes

134 2827 318 2899 presentium.
339 2827 455 2902 Semper
472 2828 548 2884 enirn
569 2828 693 2883 volentes
705 2829 883 2899 nolentesque
898 2825 934 2884 ad
986 2822 1038 2882 sibi
1062 2824 1136 2882 hunc
1150 2824 1279 2881 abbatem
1301 2823 1393 2883 sancti
1414 2826 1513 2894 Pontii,
1534 2825 1624 2883 virum
1644 2827 1789 2884 venerabi·

135 2919 218 2978 inem
231 2922 381 2988 currimus,
397 2931 424 2977 et
434 2920 485 2978 sub
496 2931 552 2977 tam
564 2929 638 2978 certo
652 2920 932 2993 pericule,nunquam
987 2919 1057 2989 lem,
1074 2919 1127 2976 bde
1146 2926 1174 2977 et
1192 2935 1304 2976 morum
1325 2919 1470 2977 honestate
1496 2920 1652 2994 probatum,
1666 2928 1697 2976 ut
1714 2920 1789 2994 qued

134 3021 227 3073 tamen
249 3031 334 3089 quam
360 3015 396 3072 sit
416 3014 504 3071 ticina
519 3030 596 3072 mors
611 3015 760 3087 praevidere
774 3030 934 3088 pessumum
987 3027 1040 3070 nes
1062 3013 1096 3070 de
1117 3013 1302 3070 insinuatione
1318 3012 1401 3087 hujus
1419 3028 1509 3071 causae
1523 3021 1621 3071 sestroe
1634 3013 1790 3072 celsitudini

136 3123 181 3167 mc
194 3125 322 3183 unquam
340 3108 389 3166 diu
402 3117 514 3166 tenetur
529 3108 660 3183 quidquid
677 3107 713 3166 de
735 3108 864 3182 praeseuti
881 3108 934 3165 rita
951 3106 1127 3226 csuccincte
1148 3107 1317 3180 scripsimus,
1341 3107 1391 3181 ipsi
1405 3106 1493 3178 vobis,
1517 3107 1540 3164 si
1555 3122 1666 3164 neeesse
1689 3106 1736 3177 sit,
1750 3107 1790 3165 la·

136 3203 171 3259 rei
191 3204 298 3260 saeculo
313 3201 449 3276 quaritur
477 3211 526 3259 aut
548 3201 710 3275 possidetur.
735 3203 933 3276 Quamobrem,
989 3202 1042 3259 tius
1070 3204 1246 3276 apertiusque
1266 3200 1456 3272 manifestent,
1487 3209 1525 3272 et,
1557 3211 1694 3276 quantum
1718 3201 1790 3259 ratio

135 3305 282 3371 pensantes
293 3312 403 3369 semper
414 3312 476 3369 quae
486 3297 541 3353 sint
563 3296 714 3353 notissima
732 3306 831 3367 vestra,
844 3313 932 3369 quan·
987 3296 1175 3370 postulaverit,
1193 3295 1321 3353 notitiam
1348 3295 1470 3354 veritatis
1493 3294 1621 3368 praesenti
1642 3294 1790 3354 denuntia·

135 3398 216 3467 aque
233 3406 301 3449 cum
314 3391 494 3448 amaritudine
506 3391 540 3449 de
552 3391 675 3463 praesenti
694 3392 796 3449 saeeule
816 3407 935 3464 nequam
987 3390 1062 3447 tiene
1076 3399 1104 3448 et
1115 3399 1189 3449 certa
1207 3390 1356 3448 assertione
1370 3390 1569 3447 demonstrent.
1585 3391 1713 3463 Quorum
1726 3405 1791 3447 con·

126 3472 244 3557 exituri,
257 3492 288 3543 et
306 3485 336 3541 iu
352 3485 523 3558 putredinem
546 3494 626 3542 terrae
647 3501 679 3543 ae
698 3485 791 3543 sordes
816 3484 936 3559 pulveris
987 3483 1055 3541 siliis
1074 3484 1103 3541 in
1122 3485 1166 3542 his
1183 3500 1244 3557 quae
1262 3484 1298 3542 ad
1318 3483 1473 3541 Dominum
1494 3483 1639 3556 pertinent,
1663 3490 1691 3540 et
1708 3482 1793 3541 saluti

135 3578 271 3637 nemori
291 3577 368 3648 estis,
390 3594 527 3651 quamque
551 3579 602 3635 sub
624 3577 751 3636 districto
764 3579 889 3635 examine
903 3579 937 3636 de
988 3578 1143 3635 animarum
1168 3586 1317 3634 restramm
1329 3577 1574 3645 neeessariasunt,
1597 3575 1787 3635 indubitanter

136 3670 216 3730 laetis
230 3670 476 3729 rationationem
497 3671 628 3729 reddituri
640 3668 708 3741 sitis,
730 3679 826 3729 contm
846 3670 937 3729 lutura
987 3672 1100 3746 potestis
1110 3671 1236 3738 eredere,
1260 3672 1331 3728 sieut
1343 3687 1393 3728 uos
1407 3671 1436 3727 iu
1458 3670 1525 3744 ipsis
1546 3685 1596 3744 per
1613 3668 1737 3728 studium
1750 3686 1792 3729 re·

138 3764 259 3838 pericula
274 3780 322 3821 sos
331 3764 512 3822 communite.
527 3768 613 3821 Arma
632 3773 732 3835 vestra,
749 3772 936 3837 opes,poten-
989 3765 1097 3839 ligionis
1111 3773 1139 3823 et
1159 3776 1272 3824 actuum
1292 3781 1406 3822 suorum
1424 3765 1677 3838 comprobavimus,
1693 3772 1722 3824 et
1744 3781 1792 3825 ves

139 3858 217 3929 iam,
230 3859 330 3916 nonad
343 3857 642 3930 sacularempompam
656 3866 776 3925 tanturn,
786 3857 937 3916 sedadbo-
989 3859 1018 3917 iu
1036 3874 1134 3917 eorurn
1154 3859 1275 3933 poteritis
1290 3858 1495 3916 couversatione
1510 3859 1690 3932 perpendere.
1704 3858 1792 3933 igitur

137 3966 236 4011 nerem
250 3952 435 4011 etserritium
456 3952 554 4010 aeterni
579 3952 651 4025 regis
669 3952 776 4021 vertite,
791 3951 937 4009 commissa
988 3952 1062 4026 qued
1077 3952 1113 4009 ad
1134 3969 1185 4009 nos
1201 3953 1346 4026 pertinuit,
1364 3962 1412 4009 aut
1429 3951 1629 4027 providendum
1644 3968 1677 4009 ex
1698 3951 1791 4011 cilicie

137 4048 215 4107 tobis
228 4046 309 4121 regui
326 4045 508 4120 gubemacuia
523 4045 560 4102 ita
572 4046 673 4119 gerite,
687 4048 726 4102 sie
737 4046 939 4116 administrata,
989 4054 1037 4104 aut
1047 4045 1237 4104 satisfaciendo
1249 4046 1365 4120 justitia
1385 4046 1487 4115 debite,
1503 4047 1565 4104 Deo
1581 4044 1740 4118 miserante,
1754 4044 1793 4105 le·

137 4151 164 4200 tt
175 4150 280 4200 restrae
305 4141 413 4197 virtutis
432 4148 460 4197 et
478 4138 648 4197 rectitudinis
670 4139 793 4196 medium
814 4138 938 4212 omnipo-
989 4140 1092 4210 cimus3
1110 4141 1178 4214 quid
1194 4148 1292 4198 vestrae
1306 4156 1387 4198 causa
1402 4140 1497 4197 salutis
1514 4139 1622 4197 arobis
1642 4139 1743 4214 erigat,
1762 4149 1792 4199 et

137 4236 204 4295 buti
222 4238 285 4292 Dee
305 4244 413 4308 gratum
424 4233 539 4307 justitia
565 4233 651 4306 possit
676 4248 735 4290 esea
756 4232 936 4303 sacrificium,
990 4245 1124 4307 quantum
1136 4234 1219 4293 beate
1232 4237 1312 4292 Petro
1330 4234 1521 4307 apostoiorum
1537 4232 1651 4307 principi
1667 4233 1791 4293 debeatis

137 4338 276 4403 quatenus
289 4337 318 4386 et
333 4343 383 4385 vos
396 4326 425 4384 in
443 4328 503 4400 ipso
517 4343 626 4400 sperare
641 4326 751 4400 possitis
771 4325 876 4401 quidet
896 4343 939 4384 sa·
992 4326 1177 4397 indicavimus,
1187 4343 1223 4384 nc
1236 4327 1391 4401 ignorantia
1401 4327 1486 4391 obsit,
1505 4342 1556 4384 nec
1567 4327 1620 4384 sub
1632 4343 1700 4387 vana
1714 4344 1791 4387 seen·

137 4420 222 4482 iutetn
231 4420 362 4495 regibns;
375 4429 514 4495 etpotens
523 4420 937 4493 esteripcredemanumortis,
992 4421 1071 4479 ritate
1090 4421 1208 4479 labentis
1230 4420 1297 4478 lucis
1322 4428 1350 4477 et
1382 4419 1516 4493 temporis
1540 4419 1672 4477 damnosa
1698 4421 1790 4492 robis,

137 4525 165 4575 st
176 4515 364 4590 superinduat
384 4530 432 4572 ves
446 4514 619 4572 eminentiori
637 4514 771 4584 claritate,
786 4523 814 4573 et
834 4502 978 4588 gaudiisii
994 4517 1066 4589 qued
1079 4515 1166 4573 absitl
1189 4514 1318 4588 subrepat
1335 4513 1510 4587 negligentia.
1530 4516 1587 4571 Vos
1609 4521 1704 4571 autem
1722 4514 1790 4590 quid

138 4611 199 4669 titre
219 4609 357 4684 perenms,
377 4609 453 4667 etde
469 4608 580 4667 caducis
601 4607 752 4666 bonoribus
774 4623 845 4682 quos
867 4625 940 4666 nunc
980 4607 1790 4680 ,restrumsitattenditmquidlidesctClrristianadevotio
1895 4626 1901 4637 ·

140 4701 248 4763 bebetis
271 4701 419 4762 nansfcrat
441 4719 491 4760 vos
513 4703 541 4759 in
564 4718 683 4776 regnum
708 4702 805 4776 gloriae
829 4696 948 4761 aeternae
994 4703 1075 4761 vestri
1088 4702 1253 4776 principatus
1266 4701 1301 4759 ad
1312 4700 1496 4758 imitationem
1512 4701 1701 4774 piissimorum
1718 4703 1790 4777 prin·

139 4814 208 4872 aso,
229 4798 279 4859 ubi
295 4815 347 4857 nec
360 4799 501 4857 beatitudo
512 4797 612 4868 duem,
631 4814 682 4857 uec
692 4799 778 4873 gloria
790 4798 940 4874 corruptio·
993 4798 1087 4870 cipum
1109 4797 1218 4869 exsequi
1229 4797 1329 4853 debeat
1343 4794 1469 4868 prudenti
1482 4794 1596 4852 consilio
1609 4804 1789 4870 pertractate,

138 4909 215 4963 mm,
234 4909 290 4952 nec
305 4891 427 4969 dignitas
441 4891 526 4951 babet
546 4892 790 4966 comparationem.
806 4896 941 4950 Praeterea
993 4890 1128 4964 disponite
1144 4898 1225 4962 atquc
1249 4887 1375 4958 statuite3
1391 4897 1420 4946 et
1437 4888 1475 4946 ita
1497 4903 1545 4945 tes
1569 4905 1633 4961 erga
1658 4888 1791 4949 bonorem

139 4999 238 5048 notum
253 4988 332 5046 robis
362 4987 418 5045 lieri
432 4988 571 5054 volumus,
593 4986 666 5060 quod
684 4985 765 5043 nobis
777 4986 887 5061 quidem
902 4985 940 5044 ia·
993 4985 1065 5043 beati
1078 4984 1152 5042 Petri
1167 4991 1195 5040 et
1206 4995 1308 5041 sancta
1321 4983 1416 5040 matris
1430 4990 1528 5041 vestrae
1541 4985 1677 5042 Romana
1696 4985 1789 5043 Eccle-

139 5098 203 5141 eers
217 5098 276 5140 non
289 5090 332 5139 est
345 5081 475 5151 liberum,
489 5080 569 5139 vebis
578 5088 671 5137 autem
686 5096 743 5137 non
753 5083 842 5137 solum
855 5078 940 5139 adiu·
993 5081 1041 5138 sin
1055 5087 1197 5153 promptos
1213 5086 1295 5153 atque
1314 5077 1472 5152 magnificos
1492 5076 1630 5147 exbibete,
1657 5087 1687 5136 ut
1700 5089 1791 5138 restra

140 5184 233 5235 uuam
256 5175 402 5235 sedetiam
423 5175 459 5234 ad
479 5183 644 5249 presentem
658 5175 775 5249 gloriam
790 5173 866 5232 vaide
887 5190 939 5232 ne·
993 5175 1080 5232 virtus
1098 5182 1127 5231 et
1148 5174 1242 5246 gloria,
1267 5189 1330 5246 quae
1345 5177 1403 5231 Deo
1428 5171 1548 5230 donante
1562 5170 1658 5230 illustri
1678 5173 1791 5232 victoria

138 5270 303 5340 manen,
323 5268 449 5327 videlieet
464 5284 579 5345 regnum
605 5268 745 5343 Hispania
765 5284 799 5326 es
823 5268 941 5343 antiquis
994 5268 1092 5343 pollet,
1119 5268 1275 5341 apostolicis
1299 5265 1540 5324 intercessionibus
1570 5265 1669 5324 clarior
1697 5266 1745 5325 bat
1763 5277 1793 5337 et

137 5362 381 5425 mustiuttieu'bus
392 5364 473 5423 beato
490 5366 574 5421 Petro
587 5372 616 5422 et
628 5373 729 5423 sanctae
742 5360 876 5423 Romanae
890 5366 941 5421 Ee·-
993 5361 1136 5433 excelsior,
1149 5370 1177 5419 οι
1191 5374 1289 5419 eorum
1302 5377 1350 5419 res
1362 5376 1470 5434 semper
1490 5357 1646 5419 benedictio
1663 5360 1791 5435 muniat,

137 5458 233 5519 clasiae
253 5457 341 5533 injus
365 5466 394 5517 et
413 5456 608 5533 proprietatem
623 5472 682 5516 esse
695 5458 838 5517 traditum.
861 5458 942 5531 Quod
992 5456 1140 5514 auctoritas
1156 5456 1304 5529 apeccatis
1324 5455 1456 5523 nbselmt,
1480 5452 1605 5512 detentio
1619 5462 1695 5512 tutos
1713 5464 1741 5513 et
1758 5454 1792 5513 lt·

137 5552 275 5613 ninam
297 5550 477 5624 baetenuapt
496 5551 700 5627 praeteritorum
716 5562 874 5627 temporum
896 5552 941 5610 in·
993 5551 1073 5609 lnsos
1088 5550 1123 5608 ab
1140 5549 1215 5608 omni
1229 5550 1350 5624 periculo
1363 5554 1506 5624 protegat,
1524 5563 1642 5621 quorum
1654 5557 1792 5623 potestate

130 5700 133 5705 '
176 5692 254 5767 (tta)
269 5690 403 5750 datariis
419 5690 543 5777 Apostoli
553 5690 708 5762 essentiis,
724 5700 756 5749 ut
768 5700 796 5751 et
808 5690 941 5778 ‚proxime
994 5688 1193 5775 aliquantulum
1207 5687 1308 5761 iorma,
1323 5706 1338 5746 e
1352 5690 1568 5776 memorial-sua,
1586 5692 1790 5776 scripturatum

137 5762 726 5908 m’fflmtfficiffiupibtiiiinez
737 5780 940 5897 ιιξοιᾱιρῗιιιιηᾶοέ
993 5762 1267 5904 1ιΙιΙιιιθιΙιιιιὲιέἒῃιξιειιι,
1287 5776 1414 5831 manare,
1435 5771 1466 5820 ut
1485 5770 1523 5821 tta
1542 5765 1641 5835 dream,
1658 5771 1723 5822 nntt
1746 5760 1794 5823 tei

729 5876 737 5906 ἱ
806 5877 816 5906 b
1088 5898 1091 5903 ,
1160 5871 1200 5907 ⁰⁸1
