3870 6164
71 237 139 291 root
522 239 666 295 seruus.
686 240 731 296 m.
751 271 786 284 -
804 234 1013 300 uommnum
1032 244 1264 302 cuneorum.
1304 220 1307 227 '
1650 254 1719 309 roes

68 357 277 427 Celsinianum
297 375 364 416 nam
391 356 541 419 nttotnum
566 360 650 419 tuisse
663 379 720 420 non
734 363 924 423 duodecimum
952 368 1019 424 satis
1042 376 1175 425 testentur
1188 369 1314 441 ejusdem
1333 371 1403 426 mole
1417 374 1530 428 tornata
1544 376 1674 444 epistolm
1687 383 1720 431 ut

67 429 171 572 16ιέ31616
176 429 534 558 ²puiliicar·trxr¹apllgloappellantur.
545 433 593 490 Sat
605 433 784 506 praefationis.
793 438 855 494 iam
869 439 1202 510 opusculorum'lndicem
1213 440 1402 513 subjiciamus,
1412 450 1439 497 et
1451 451 1545 515 postea
1554 447 1720 503 Bernaldum

67 672 1705 708 ——-—-—-————-.--.—....-......-„.

280 803 400 860 tubex
421 804 705 864 OPUSCULORUM
727 807 921 863 BERNALDI
944 808 1249 866 CONSTANTIENSlS
1265 812 1504 868 PRESBYTERI.

63 1096 91 1151 I.
107 1165 113 1176 Ι
132 1096 274 1150 Tractatus
295 1097 334 1151 Ite
364 1100 541 1154 sacramentis
560 1101 861 1169 excommunicatorum,
875 1104 904 1167 Α
917 1103 964 1158 III.
983 1103 1074 1158 Tertia
1086 1103 1358 1173 responsiollerncldi
1369 1104 1575 1160 adAlbolnum.

96 1170 183 1235 juata
206 1169 383 1222 assertionem
394 1170 442 1226 SS.
457 1171 580 1226 Petrum.
920 1175 993 1229 tn
1017 1172 1092 1228 'stolo
1116 1176 1331 1229 reconciliatorio
1350 1174 1468 1230 Alboini
1497 1193 1557 1232 cum
1573 1178 1717 1233 Rernaleio.

63 1238 102 1293 II.
119 1237 308 1306 Apolopeticus
326 1241 367 1294 lle
377 1245 653 1298 eammmunicatione
670 1245 746 1310 facta
759 1258 777 1298 6
801 1245 864 1302 (Ire
889 1303 899 1319 ,
919 1245 966 1300 III.
1006 1244 1167 1314 polopeticus
1181 1246 1314 1300 bernaldi
1324 1261 1375 1316 pro
1387 1247 1498 1303 meets
1512 1250 1637 1318 Greporii
1656 1251 1718 1316 VII,

102 1311 179 1377 porro
197 1309 258 1365 VII.
955 1317 1041 1383 sactis
1056 1317 1085 1368 in
1096 1318 1219 1371 Romana
1233 1317 1344 1386 synodo.

62 1380 118 1435 III.
132 1380 255 1448 synodus
266 1383 388 1437 mmona
399 1382 450 1436 sub
464 1383 593 1453 drepanio
610 1385 674 1441 VII.
918 1388 977 1443 III.
994 1387 1118 1455 Epistola
1131 1387 1278 1443 adalberti
1296 1393 1322 1442 et
1338 1388 1471 1443 anmdi
1489 1389 1529 1444 66
1549 1390 1719 1448 Rernardum

62 1451 118 1506 IV.
132 1451 254 1520 Epistola
281 1453 443 1508 IBernuldi
463 1455 500 1508 od
519 1456 664 1512 alboinum
687 1455 723 1512 rie
736 1456 865 1512 celibatu
954 1459 1719 1525 naastrumscnolarumccrstantinutnmctesocramen

101 1522 285 1576 sacerdotum.
956 1530 991 1583 tis
1005 1532 1304 1584 excommunicatorum.

65 1592 100 1646 V.
117 1595 261 1663 Responsio
280 1593 646 1666 Albolniadprocedentem
659 1599 811 1670 epistolam.
920 1600 995 1656 XIII.
1023 1601 1167 1669 Responsio
1191 1601 1331 1656 Bernardi
1351 1601 1389 1657 66
1407 1603 1600 1671 monacnum
1617 1604 1718 1674 episto·
1787 1640 1790 1645 -
1846 1592 1853 1601 ’
1908 1624 1912 1631 ·

65 1664 117 1718 VI.
136 1666 279 1734 Responsio
292 1667 423 1721 Bernuldi
431 1668 468 1721 ad
477 1667 635 1725 Alboinum.
958 1670 1023 1725 lom.
1809 1726 1811 1731 .

64 1736 131 1790 VII.
147 1736 269 1792 8666666
280 1738 411 1793 Remealdi
421 1742 559 1809 responsio
574 1741 611 1795 66
634 1740 791 1796 Alboinum.
921 1742 997 1798 XIV.
1027 1741 1093 1796 Alia
1118 1741 1266 1798 Adolberti
1292 1747 1317 1797 et
1343 1743 1476 1799 Renealdi
1499 1745 1537 1800 od
1550 1746 1719 1801 Bentordum

63 1806 145 1862 VIII.
159 1807 427 1878 Semndareeponsro
444 1811 558 1866 Alboini
570 1811 608 1866 66
626 1812 814 1867 bernaldum:
958 1813 1081 1882 epistola.
1436 1823 1438 1827 ’

56 1982 1718 2020 m

346 2136 821 2253 bannum
852 2137 1439 2255 asistamus
1536 2128 1539 2135 ’

215 2365 506 2487 tutttttts
552 2369 615 2487 bt
666 2368 1006 2487 sttmrtttts
1053 2368 1567 2489 ttttttttlittttttttt

465 2578 589 2636 IUXTA
619 2578 876 2635 ASSERTIONEM
902 2578 1130 2636 SANCTORUM
1155 2578 1312 2634 Puteum

192 2725 281 2788 Nune
296 2734 432 2807 primum
447 2729 544 2791 editus
558 2747 598 2790 ec
611 2727 790 2790 bibliotheca
803 2729 968 2790 admodum
981 2704 1190 2790 reverendiss
1201 2727 1309 2789 motin
1320 2730 1450 2807 capiuli
1463 2729 1589 2790 erolum
1632 2700 1635 2707 Ι

673 2826 856 2888 cathedralis
875 2826 1109 2887 Rotisbonensis.

96 3141 316 3215 Religiosissimo
338 3141 473 3199 sacerdoti
502 3158 535 3200 ac
552 3140 766 3215 prudentissimo
788 3157 860 3214 prae·
878 3149 903 3212 Β
914 3142 1128 3213 parricidalibus
1141 3142 1269 3197 manibus
1283 3142 1448 3212 [impiorum]
1459 3142 1548 3197 omnin
1570 3154 1598 3196 sc
1610 3140 1716 3197 subtra-

55 3234 170 3307 captori
177 3235 357 3303 Bassiano,
365 3236 425 3309 jam
434 3235 520 3308 Ipsius
533 3235 605 3309 regis
617 3234 776 3293 cubiculum
788 3236 862 3305 (666)
918 3251 983 3291 aere
993 3236 1136 3305 nestora.

57 3328 207 3402 ingresse,
232 3331 416 3386 Burmannus
430 3329 490 3385 solo
504 3329 616 3385 nomine
641 3330 793 3403 presbyter,
806 3345 865 3385 non
954 3329 1027 3383 Item
1037 3329 1071 3383 B.
1088 3324 1265 3382 Innocentius
1278 3342 1348 3399 papa
1359 3329 1446 3399 (epist.
1463 3328 1509 3397 tt)
1524 3327 1646 3384 scribens
1655 3343 1715 3383 om·

57 3419 200 3492 moribus,
215 3421 397 3479 devotissimae
415 3421 546 3478 ursionis
559 3430 642 3494 atque
658 3422 765 3478 servitii
779 3422 864 3479 certi·
918 3419 999 3476 nibus
1013 3420 1149 3491 episcopis
1167 3419 1201 3476 de
1222 3419 1444 3476 ordinationibus
1458 3428 1535 3477 extra
1553 3418 1715 3485 Ecdesiam,

61 3513 204 3571 tudinem.
917 3513 1013 3569 asserit
1037 3510 1129 3569 dimna
1148 3534 1154 3568 ε
1172 3514 1225 3581 Qui
1250 3513 1374 3568 lumem
1389 3516 1494 3577 ambit,
1510 3515 1636 3570 bonorem
1650 3514 1717 3570 dare

95 3610 143 3665 De
170 3608 349 3666 momentis
376 3608 689 3676 excommunicatorum,
710 3608 783 3665 6666
801 3608 862 3681 jam
916 3621 970 3661 non
984 3611 1088 3677 potest,·
1102 3621 1149 3661 neo
1170 3606 1216 3661 ilie
1239 3606 1348 3677 aliquid
1369 3608 1500 3677 occipere,
1513 3607 1586 3678 quod
1604 3607 1675 3662 nibil
1686 3609 1716 3662 in

59 3700 174 3759 dudum
187 3710 252 3759 anta
267 3703 371 3759 multos
397 3718 486 3760 annos
499 3704 588 3759 multa
613 3701 648 3759 ad
663 3701 782 3758 invicem
798 3701 863 3757 scri-
917 3698 1004 3756 dante
1017 3701 1148 3755 renensit
1161 3699 1233 3770 praed
1252 3699 1300 3754 ille
1311 3703 1402 3769 posset
1414 3701 1543 3770 accipere.
1557 3698 1715 3771 acquiesci·

58 3794 181 3868 primus,
191 3810 243 3852 uec
251 3803 384 3852 umento
397 3803 523 3868 temporo
533 3795 655 3868 aliquam
667 3794 863 3852 certitudinem
917 3808 989 3860 mus,
1016 3802 1044 3849 et
1057 3808 1153 3850 verum
1167 3800 1210 3849 est
1223 3792 1290 3865 quia
1312 3791 1388 3864 quod
1399 3808 1454 3849 non
1469 3792 1566 3850 babuit
1579 3792 1645 3850 duro
1658 3809 1715 3850 non

58 3887 189 3945 invenire
202 3887 353 3960 potuimus,
369 3887 556 3961 tandemquid
576 3888 627 3944 Dei
641 3888 790 3944 clementia
803 3903 863 3960 par·
916 3885 1017 3958 potuit.
1033 3886 1247 3943 Damnationem
1270 3894 1337 3958 ergo
1348 3900 1432 3957 quam
1447 3884 1556 3954 babuit,
1576 3900 1627 3959 per
1652 3902 1717 3959 pra-

56 3979 240 4037 vitaanostra
250 3980 382 4037 iuvenuit
397 3981 473 4037 robis
488 3980 703 4049 libetintimare,
716 3988 863 4052 vestroque
917 3995 979 4036 vam
993 3995 1091 4036 manus
1115 3979 1324 4052 impositionem
1337 3977 1423 4036 dedit.
1439 3981 1510 4036 Item
1529 3979 1626 4036 beatus
1640 3980 1717 4038 Peis-
1772 3986 1775 3991 '

56 4072 182 4131 emmim
193 4082 368 4146 prasentare.
385 4076 449 4131 Non
463 4073 537 4130 enim
545 4073 606 4146 jam
622 4072 715 4142 modo,
731 4082 762 4129 ut
774 4088 864 4147 quon·
916 4072 976 4145 gius
994 4086 1064 4146 papa
1089 4072 1190 4129 loanni
1217 4072 1330 4145 patricio
1354 4072 1496 4128 scribens:
1511 4074 1545 4128 In
1559 4072 1715 4143 schismate,

55 4166 138 4235 dam,
171 4166 252 4223 vmtri
286 4166 421 4224 examims
448 4182 594 4224 censuram
611 4167 704 4222 subire
729 4167 863 4223 timemus
916 4164 1013 4236 inquit,
1032 4181 1086 4221 non
1099 4170 1281 4230 consecratur,
1309 4164 1357 4220 sed
1378 4169 1538 4221 cosecratur
1566 4168 1712 4237 episeopus.

57 4258 110 4317 ssd
125 4267 266 4333 optamus,
282 4260 330 4333 qui
342 4260 408 4317 oiim
422 4276 537 4317 manum
555 4267 679 4316 nostram
700 4257 796 4316 ierulte
819 4274 863 4315 ve-
917 4260 989 4314 Itcm
1001 4261 1031 4314 S.
1047 4257 1197 4330 Gregorius
1211 4272 1277 4330 papa
1295 4262 1369 4324 (sot)
1383 4259 1488 4329 primm
1498 4259 1531 4315 de
1544 4258 1716 4317 ordinatIone

58 4360 128 4410 sure
143 4352 172 4409 in
182 4351 428 4411 echolismultoties
441 4352 622 4411 subduximus
636 4357 719 4421 (961).
917 4350 1031 4406 Maximi
1050 4350 1201 4408 salonitani
1215 4350 1335 4422 episcopi
1347 4353 1556 4422 praesumptoris
1568 4352 1691 4409 scribens
1706 4370 1714 4407 :

97 4446 249 4505 86666666
263 4455 423 4504 munerum
438 4451 551 4503 Patrum
565 4447 599 4504 de
612 4446 863 4519 ncramcnnsquae
916 4443 1002 4510 0666
1014 4458 1081 4508 rem,
1100 4443 1198 4515 inquit,
1220 4442 1353 4498 nosnullo
1373 4443 1455 4497 modo
1466 4457 1610 4514 possumus
1629 4444 1716 4500 decere

58 4547 142 4599 extra
155 4539 309 4596 Ecclesiam
325 4539 461 4597 catholico
479 4555 557 4596 more
570 4538 642 4597 flunt
652 4539 768 4598 divemae
782 4556 862 4612 repe-
878 4508 902 4575 c
916 4539 1153 4601 mrrseorationem,
1177 4535 1251 4607 quod
1271 4536 1306 4590 ab
1326 4537 1560 4591 eecommunicatis
1581 4537 1717 4593 celematc

58 4634 188 4701 riuntu13
207 4648 328 4705 quarum
341 4632 469 4703 quaedam
484 4633 582 4689 eadam
596 4633 706 4705 penitus
721 4635 863 4690 annullare
917 4636 967 4686 est.
982 4631 1034 4686 ttae
1047 4630 1183 4686 nimimm
1195 4628 1339 4686 sententia
1356 4626 1486 4684 ridentur
1493 4638 1717 4688 sacramentam·

57 4726 206 4796 ridentur,
218 4725 460 4799 quasdamautem,
473 4727 524 4782 etsi
534 4726 619 4798 recipi
638 4742 670 4783 ea
686 4726 861 4799 prohibeant,
917 4724 1186 4780 communicatorum
1207 4720 1395 4793 proscribere;
1415 4736 1479 4779 oum
1493 4734 1542 4796 per
1553 4738 1653 4781 manus
1667 4739 1715 4781 eo·

58 4835 122 4879 non
135 4826 230 4876 tamm
244 4834 357 4893 prorsus
379 4834 476 4876 eorum
490 4818 693 4876 coniectionem
717 4819 862 4893 denegant.
917 4834 1051 4875 rumnon
1065 4816 1311 4885 consecrationem,
1323 4814 1372 4873 aed
1381 4815 1586 4874 damnatIenem
1599 4825 1628 4875 et
1639 4832 1718 4876 exce·

49 4916 139 4974 'uam
152 4913 248 4970 beatm
260 4914 318 4969 Lao
333 4928 403 4986 papa
412 4913 521 4985 primus
535 4915 624 4983 (epist.
638 4917 684 4977 ⁷5,
704 4913 776 4969 decr.
790 4917 819 4980 2,
834 4931 862 4986 p.
917 4910 1071 4968 orationem
1080 4909 1266 4968 administrari
1281 4909 1467 4982 pronuntient.
1541 4921 1544 4927 ·

58 5024 87 5066 c.
104 5020 249 5081 r,t1.1,c.
265 5005 447 5074 ts)eeribens
460 5007 545 5062 Iseum
561 5005 864 5079 Augustodcntexan·
955 5003 1600 5076 666666666666,666666666616666
1625 5021 1717 5064 sacra

57 5100 148 5161 66666
171 5099 321 5157 Timotheo
335 5099 575 5173 escommunicato
592 5117 599 5154 ε
624 5101 802 5168 Manifestum
815 5105 864 5168 est,
919 5106 1012 5154 menta
1022 5112 1101 5171 posse
1111 5096 1209 5154 condci
1223 5095 1375 5153 affirmant.
1386 5095 1462 5154 Siout
1476 5097 1541 5155 iilud
1552 5101 1584 5154 B.
1599 5101 1716 5155 Anasta

58 5192 166 5269 inquit,
176 5192 451 5265 percrudelissimam
463 5194 717 5264 insanissimamque
727 5197 865 5250 vesaniam
919 5191 952 5248 sii
967 5207 1045 5264 papas
1074 5188 1109 5247 ad
1135 5191 1314 5248 Amataeium
1328 5192 1454 5263 imperat.
1475 5191 1511 5247 de
1537 5192 1717 5250 sacramentis

57 5287 221 5361 [miiam]
235 5284 275 5358 (in
282 5285 467 5342 Alexandrina
478 5284 552 5351 sede)
563 5301 638 5341 omne
651 5287 709 5341 iilic
722 5287 865 5343 celestium
920 5285 1012 5341 Aeacii
1027 5286 1114 5356 (epist.
1130 5287 1220 5349 unica,
1240 5285 1290 5339 sub
1303 5287 1414 5354 tlnemi:
1432 5284 1495 5339 Ideo
1513 5284 1556 5338 liic
1567 5284 1714 5357 (Aeacius),

61 5383 303 5441 momentorum
313 5378 404 5434 lumen
422 5380 595 5434 ecstinctum.
610 5381 763 5451 Intercepta
775 5385 813 5436 est
823 5396 866 5435 sa·
921 5379 997 5450 cujus
1010 5394 1105 5434 nomm
1123 5379 1237 5433 dicinms
1255 5377 1428 5440 reticendum,
1449 5376 1520 5431 male
1539 5376 1607 5432 borsa
1630 5381 1714 5435 mini·

58 5474 164 5581 «ripert
186 5472 296 5543 oblatio,
322 5472 423 5541 delent
447 5472 604 5528 obrumatis
626 5476 814 5544 sanctificatio,
841 5479 867 5529 et
921 5472 1043 5542 suanae,
1059 5472 1114 5528 sibi
1127 5476 1234 5527 tantum
1248 5474 1348 5528 nocuit.
1363 5472 1434 5529 Nam
1447 5470 1604 5527 inuiolabile
1627 5488 1717 5530 mme-

81 5634 279 5768 ¹(itdu2)m{2m;‘ta
301 5633 487 5694 monasticum
506 5634 631 5693 ardicam
657 5636 782 5695 Corbeiae
806 5653 867 5696 am·
921 5635 997 5763 3¹:1⁸1ss
1021 5631 1180 5690 scholarum
1198 5630 1334 5704 magistri,
1350 5637 1445 5703 postea
1459 5630 1715 5693 monacbiCorbei-

58 5724 131 5785 pex
222 5724 236 5764 r
270 5745 277 5762 .
1001 5743 1007 5759 .

100 5784 178 5848 (666)
196 5776 350 5837 mmmm
371 5776 521 5851 euuputur
530 5776 662 5835 bernardi
677 5777 868 5837 consumier·
959 5771 1454 5847 (ustts.Gregoriusttagn.,tib.ru‚
1468 5772 1605 5847 apiscro,
1618 5774 1720 5839 ubiuis
1826 5810 1832 5821 -
