3870 6164
184 294 251 360 ,ιι
299 250 303 259 “
559 248 593 317 -’
701 270 703 275 ’
835 278 864 333 s
884 276 1075 334 caesonius
1093 276 1138 330 vn
1157 276 1256 334 esea.
1841 274 1875 327 se

222 408 370 469 defendere
388 384 430 464 vel
445 404 582 463 celebrare
602 384 800 469 contendant,
813 410 851 468 et,
871 401 939 457 dum
961 400 1019 457 suis
1031 405 1059 470 Α
1071 399 1145 457 unde
1160 406 1287 465 venerat,
1301 397 1371 454 illico
1397 365 1502 455 reversa
1531 407 1581 457 est.
1602 398 1773 470 stupefactus
1793 399 1877 471 igitur

113 506 116 512 '
222 510 271 560 aot
287 500 369 558 lucris
388 509 436 558 aut
456 498 601 573 praesentis
620 497 715 571 gloria
737 495 880 554 desideriis
905 494 1020 564 inhiant,
1073 508 1146 550 novo
1169 491 1301 548 miraculo
1317 491 1447 560 rusticus,
1466 501 1549 564 atque
1571 502 1633 564 post
1656 492 1770 565 paulurn
1793 492 1874 549 adse

222 594 361 663 omnibus,
376 610 437 667 qure
449 592 484 650 ad
499 591 660 665 religionem
673 599 702 646 et
716 589 854 661 iustitiam
871 588 919 644 Dei
935 588 1020 660 perti-
1074 602 1212 653 reversos,
1227 585 1261 643 ad
1275 585 1383 658 propria
1398 586 1538 642 remearit.

225 696 303 758 nent,
318 689 435 745 aevelut
447 686 541 743 hostes
564 690 712 756 opponant.
738 684 800 753 Quo
827 681 916 755 magis
940 680 1022 738 nobis
1108 686 1152 736 25.
1169 681 1297 751 Sequenti
1312 687 1392 734 nocte
1406 687 1463 735 tres
1483 680 1544 745 viri,
1572 679 1666 735 babitu
1694 679 1795 737 decoro
1817 680 1874 738 vul-

224 782 374 841 dolendum
392 790 443 847 est,
471 778 516 853 qni
535 784 696 848 susceptum
719 775 877 832 universalia
892 774 1023 832 Ecclesiae
1074 783 1158 847 tuque
1184 771 1337 845 splendido,
1352 772 1377 828 ei
1401 781 1589 845 apparuerunt
1613 794 1619 830 :
1643 789 1763 846 quorum
1791 791 1874 846 unus,

224 877 345 949 regimen
359 875 389 931 in
402 882 475 930 mnia
495 870 667 937 diliieultate,
680 884 731 927 nec
750 869 801 925 rite
815 867 1019 938 administrare,
1074 868 1175 924 vestitu
1189 866 1326 923 succincto
1348 865 1507 939 canicieque
1519 865 1637 935 decenti,
1660 865 1776 941 figuram
1789 869 1873 936 Petri,

223 985 276 1027 nec
290 977 351 1026 tuto
365 966 490 1024 deserere
511 979 670 1037 possumus.
682 964 824 1029 Ceterum,
840 963 903 1035 quia
916 960 980 1017 bdei
994 969 1024 1018 et
1075 967 1116 1027 (ut
1132 961 1159 1016 in
1174 960 1286 1034 picturis
1297 959 1389 1016 videre
1410 958 1526 1024 solebat)
1548 959 1601 1015 sibi
1614 961 1748 1032 expressit
1774 981 1781 1019 ι
1804 962 1875 1019 elius

122 1072 128 1083 ‘
225 1061 386 1121 constantim
410 1059 538 1116 virtutem
556 1057 685 1131 (donante
698 1060 768 1123 Deo)
783 1056 811 1112 in
827 1064 855 1112 te
871 1055 952 1113 sitam
964 1070 1022 1112 esse
1074 1055 1152 1112 vultu
1165 1051 1335 1126 splendidus,
1346 1061 1451 1110 statura
1464 1068 1606 1124 procerus,
1620 1053 1648 1109 in
1661 1053 1875 1113 admirationem

224 1155 422 1230 cognovimoa;
437 1168 562 1220 omnem,
575 1165 660 1224 quam
685 1157 795 1222 oportet
822 1150 850 1206 in
879 1148 1022 1205 carissimo
1074 1148 1156 1205 simul
1175 1156 1202 1204 et
1218 1148 1348 1204 timorem
1374 1147 1510 1203 convertit
1529 1146 1726 1220 inspectorem
1749 1150 1874 1220 tertium,

225 1252 254 1306 S.
282 1248 352 1304 Petri
379 1246 445 1315 illio,
477 1246 504 1301 in
530 1255 557 1301 te
578 1244 708 1300 fiduciam
731 1243 874 1311 habentes,
901 1243 1024 1298 animum
1076 1242 1154 1315 cujus
1180 1241 1321 1314 qualitatis
1337 1248 1421 1308 esset,
1443 1255 1498 1297 non
1517 1240 1587 1298 adeo
1606 1242 1713 1298 curiose
1736 1244 1874 1315 quaesivit.

225 1350 306 1399 tuum
318 1340 354 1398 de
365 1347 458 1397 nostra
479 1338 574 1394 itidem
588 1337 808 1394 constantissima
820 1335 978 1405 dilectione,
994 1345 1024 1393 ct
1075 1335 1193 1393 Proinde
1204 1334 1342 1392 affabilior
1355 1334 1456 1391 borum
1470 1333 1564 1403 trium,
1573 1335 1634 1408 quis
1646 1344 1718 1392 esset
1731 1336 1778 1392 diu
1790 1337 1876 1394 baeu·

225 1451 289 1508 erge
313 1434 434 1491 bonores
448 1441 513 1489 tuos
527 1431 730 1504 promptissima
749 1429 899 1499 voluntate,
919 1444 1023 1502 nequa·
1075 1438 1150 1499 tans,
1166 1429 1280 1486 tandem
1295 1443 1396 1485 eanum
1411 1428 1496 1485 illum
1504 1443 1632 1484 sermone
1645 1444 1801 1503 aggressus,
1815 1430 1877 1503 quis

226 1543 310 1601 quam
330 1527 457 1583 dubitare
469 1525 606 1581 volumus.
620 1526 667 1589 De
681 1539 745 1597 rege
758 1538 824 1579 vcro
837 1531 960 1579 mentem
972 1537 1023 1578 no·
1076 1523 1218 1596 illemajor
1223 1522 1347 1591 esset‚vel
1355 1537 1412 1594 quo
1420 1529 1580 1579 censeretur
1586 1522 1712 1591 nomine,
1722 1523 1877 1581 sciscitatus

227 1630 311 1678 stram
325 1630 354 1676 et
367 1618 532 1676 desiderium
548 1619 628 1690 plene
640 1632 807 1689 cognoscere
818 1625 912 1689 potes,
937 1614 1023 1689 qnod,
1076 1625 1118 1675 est
1132 1636 1139 1673 ι
1153 1632 1233 1689 aquo
1248 1615 1556 1689 responsum,quodSol
1567 1623 1720 1687 vocaretur,
1729 1616 1873 1688 accipiens,

226 1722 362 1788 quantum
374 1715 402 1768 in
417 1712 536 1769 Domino
544 1711 675 1782 sapimus,
686 1710 825 1766 neminem
836 1709 871 1767 de
882 1709 943 1782 ejus
952 1723 1023 1782 prae·
1075 1710 1186 1783 insuper
1204 1711 1243 1766 ita
1257 1710 1416 1782 increpatus
1430 1717 1496 1766 est:
1522 1710 1613 1780 Quare
1633 1726 1689 1766 non
1708 1710 1875 1767 annuntiasti

227 1807 299 1864 senti
307 1821 339 1862 ae
350 1806 441 1862 lutura
453 1805 539 1877 gloria
551 1812 598 1861 aut
606 1803 808 1870 sollicitiorem,
818 1810 866 1859 aut
876 1803 1022 1876 copiosiori
1039 1776 1218 1879 BGregorio,
1240 1804 1316 1876 quod
1332 1804 1390 1859 beri
1417 1802 1523 1860 vidisti?
1544 1803 1593 1859 ille
1615 1818 1680 1861 vero
1705 1805 1873 1875 perterritus,

227 1899 364 1959 desiderio
377 1899 456 1956 nobis
478 1896 599 1970 preferri
620 1896 768 1953 credimus.
788 1899 837 1953 Est
863 1897 947 1953 etiam
963 1896 1024 1955 baec
1075 1899 1143 1957 nihil
1153 1897 1291 1955 sevidisse
1301 1905 1426 1954 testator.
1435 1895 1625 1963 Oblitusnces,
1636 1897 1735 1968 inquit,
1745 1896 1820 1969 quod
1830 1913 1878 1954 co-
1914 1945 1920 1956 .

226 1995 470 2059 voluntasnostra,
486 1999 526 2059 ut,
540 1990 660 2062 primum
684 1991 775 2047 oblata
790 1989 869 2047 nobis
890 2000 1021 2062 opportu·
1076 1992 1198 2050 lumbam
1218 1991 1275 2048 beri
1295 1991 1368 2048 inter
1390 1990 1537 2048 Missurum
1560 1989 1693 2047 solemnia
1711 1991 1879 2062 requievisse

226 2088 323 2156 nitate,
337 2101 386 2159 per
399 2085 511 2141 nuntios
523 2091 648 2152 nostros,
665 2099 749 2156 super
772 2082 815 2139 his
829 2098 892 2157 quar
910 2082 944 2140 ad
960 2100 1023 2156 pro-
1076 2102 1159 2159 super
1169 2084 1316 2142 humerum
1331 2084 1390 2158 ejus
1403 2083 1519 2142 videris?
1532 2091 1672 2156 totamque
1681 2083 1816 2141 visionem
1834 2093 1875 2156 ut,

227 2180 330 2237 lectum
354 2178 483 2236 Ecclesiae
503 2176 676 2234 ethonorem
702 2176 799 2248 Regia
816 2177 1023 2250 dignitatissuee
1077 2180 1191 2250 viderat,
1204 2177 1255 2235 sibi
1265 2177 1393 2235 retexuit.
1408 2177 1514 2235 Deinde
1528 2178 1657 2249 pracepit
1671 2178 1696 2234 ei
1710 2185 1742 2234 ut
1754 2188 1876 2250 quanto-

227 2272 364 2346 pertinere
387 2271 564 2339 arbitramur,
598 2279 713 2343 paterna
733 2284 799 2326 eum
825 2269 969 2328 dilectione
996 2278 1026 2328 et
1076 2274 1179 2330 eiusad
1201 2272 1367 2345 Gregorium
1382 2271 1444 2348 iret,
1473 2271 1535 2344 quia
1555 2271 1652 2328 eadem
1672 2270 1717 2328 die
1730 2270 1794 2328 inde
1818 2280 1877 2330 eret

226 2366 415 2425 admonitione
448 2364 653 2421 conveniamus
674 2360 755 2436 Quod
777 2363 866 2420 sinos
895 2362 1024 2428 audierit,
1076 2367 1255 2432 transiturus,
1270 2375 1351 2438 atque
1363 2382 1396 2422 ex
1416 2366 1514 2422 ordine
1526 2365 1551 2421 ei
1570 2365 1705 2423 visionem
1732 2365 1874 2423 recitaret.

225 2476 282 2517 non
307 2460 385 2516 aliter
408 2459 443 2516 de
472 2459 531 2531 ejus
553 2473 640 2530 quarn
663 2455 699 2513 de
723 2464 819 2514 nostra
841 2458 929 2515 salute
953 2473 1024 2532 gau·
1077 2463 1159 2517 Mane
1185 2459 1258 2516 lecto
1278 2459 1409 2527 rusticus,
1430 2457 1495 2532 quid
1524 2467 1616 2530 ageret
1640 2458 1777 2529 dubitans,
1791 2468 1877 2533 atque

226 2553 368 2623 debinaus3
397 2567 480 2624 quarn
509 2559 576 2607 tune
599 2550 750 2607 certissime
776 2551 826 2607 sibi
850 2551 950 2608 lucrari
973 2567 1024 2624 po·
1078 2555 1211 2611 visionem
1225 2553 1381 2609 illusionem
1399 2568 1564 2609 essesecum
1584 2561 1761 2625 pertractans,
1775 2569 1875 2626 quern-

226 2648 299 2716 terit,
311 2647 344 2717 si,
355 2647 384 2702 in
397 2643 515 2702 wnenda
523 2644 640 2717 justitia,
655 2644 758 2700 nostris
775 2644 887 2700 monitis
896 2652 922 2700 ct
936 2645 1025 2702 consi·
1076 2648 1140 2703 darn
1156 2646 1278 2720 ejusdem
1305 2645 1357 2703 loci
1378 2645 1536 2718 religiosum
1557 2645 1647 2703 virum
1668 2646 1743 2713 edit,
1763 2654 1791 2703 et
1809 2645 1876 2720 quid

226 2742 269 2799 liis
280 2739 455 2812 acquieverit.
474 2739 522 2795 Sin
537 2753 601 2794 vero
613 2735 698 2811 (quod
714 2753 771 2794 non
785 2743 926 2810 optamus)
946 2736 1025 2795 nebia
1077 2741 1126 2798 sibi
1146 2740 1237 2797 visum
1250 2737 1345 2796 fuisset
1359 2739 1504 2796 intimavit.
1520 2739 1551 2796 ld
1565 2747 1658 2797 autem
1673 2739 1780 2797 consilii
1794 2756 1877 2797 acce·

230 2834 324 2892 odium
342 2848 392 2906 pro
408 2831 570 2899 dilectione;
586 2830 768 2903 omnipotenti
780 2839 873 2887 autem
890 2833 960 2899 Deo,
976 2847 1025 2904 pro
1078 2835 1128 2905 pit,
1155 2843 1291 2906 quatenus
1317 2834 1473 2890 Dominum
1498 2830 1598 2890 obnixe
1621 2832 1812 2905 deprecaretur
1832 2839 1873 2901 ut,

225 2935 303 2984 tanto
327 2926 431 2982 bonore
446 2924 497 2980 sibi
522 2924 633 2993 collato,
662 2923 860 2979 dissimulando
893 2923 1024 2994 justitiam
1077 2927 1100 2982 si
1115 2942 1149 2982 cx
1164 2927 1211 2982 illo
1235 2925 1293 2982 haec
1321 2926 1387 2982 visio
1399 2924 1505 2992 luisset,
1521 2924 1644 2982 secundo
1658 2941 1690 2982 ae
1702 2927 1781 2984 tertio
1793 2926 1817 2982 ei
1835 2941 1877 2983 re·

226 3021 296 3093 ejus,
314 3026 505 3088 contemptum
516 3031 580 3071 non
594 3030 632 3071 ex
655 3030 735 3086 mque
760 3013 926 3082 reddiderit3
942 3016 1026 3072 inter·
1078 3019 1167 3074 velare
1179 3017 1339 3092 dignaretur
1354 3037 1360 3074 ε
1376 3018 1450 3091 quod
1465 3018 1631 3076 iterusticus
1643 3017 1744 3077 devote
1761 3020 1875 3096 peregit.

224 3112 350 3177 minatio,
364 3125 417 3182 qua
431 3108 532 3164 dieitur
543 3127 549 3161 :
562 3129 575 3155 α
590 3106 750 3162 Maledictus
763 3106 859 3176 bomo,
872 3108 920 3178 qui
935 3107 1025 3180 probi·
1039 3143 1062 3207 C
1078 3110 1202 3168 Secunda
1225 3111 1310 3183 igitur
1337 3098 1419 3167 nocte
1445 3112 1512 3168 item
1532 3112 1726 3180 commonitus,
1747 3111 1875 3170 obnixius

226 3203 273 3260 bet
286 3202 405 3276 gladium
420 3215 503 3256 suarm
513 3213 530 3254 a
542 3199 687 3270 sanguine,
703 3222 716 3248 ι
730 3214 811 3271 super
821 3214 882 3264 nos,
892 3203 950 3256 Deo
963 3217 1026 3272 pro·
1079 3202 1203 3277 precibus
1226 3204 1331 3260 institit
1347 3204 1438 3262 Tertio
1453 3221 1519 3261 vero
1534 3214 1626 3276 nocte,
1638 3221 1701 3262 eum
1726 3205 1809 3262 iidem
1822 3206 1874 3262 viri

225 3296 342 3364 vidente,
361 3310 417 3350 non
431 3293 527 3350 reniet.
540 3296 635 3365 Neque
657 3293 731 3348 enim
746 3292 864 3349 liberum
878 3293 958 3351 nobis
973 3302 1025 3365 est,
1077 3296 1229 3353 terribilius
1241 3296 1322 3354 solito
1348 3313 1377 3354 se
1391 3298 1566 3370 ingessissent
1596 3317 1602 3354 ι
1622 3299 1749 3371 praecepit
1764 3299 1790 3355 ei
1802 3315 1877 3356 unns

224 3389 338 3463 slieujua
361 3389 496 3461 personali
515 3388 601 3460 gratia
616 3385 704 3459 legem
720 3385 768 3441 Dei
781 3386 963 3459 postponere,
976 3395 1026 3444 aut
1077 3398 1117 3458 ut,
1130 3391 1153 3446 si
1166 3391 1249 3447 vitam
1266 3390 1426 3463 aliquandiu
1440 3391 1523 3448 vellet
1535 3391 1658 3460 dilierre,
1673 3408 1708 3448 nc
1725 3391 1873 3459 dubitaret,

224 3499 239 3539 a
255 3483 365 3540 tramite
377 3480 549 3539 rectitudinis
570 3495 619 3552 pro
634 3479 755 3536 humano
768 3477 862 3536 lavore
884 3480 1023 3551 recedere,
1076 3482 1152 3556 quod
1163 3484 1257 3556 jussus
1272 3483 1371 3554 luerat,
1381 3485 1503 3542 Domino
1517 3487 1674 3558 Apostolieo
1690 3486 1874 3554 denuntiare;

211 3566 330 3633 'dicente
352 3574 486 3646 Apostolo
513 3592 519 3628 :
546 3573 575 3629 si
596 3571 756 3628 bominibus
782 3573 888 3643 placere
915 3575 1023 3644 vellem,
1076 3578 1449 3646 acsubintulit:Situ,cum
1465 3594 1549 3652 prope
1569 3579 1757 3653 iuerat.jussis
1772 3579 1875 3637 nostris

224 3685 319 3726 servos
340 3668 391 3723 Dei
407 3682 464 3722 non
478 3680 579 3721 essem.
603 3667 674 3720 Data
686 3667 787 3721 Rornae
813 3680 838 3721 11
856 3667 929 3722 Non.
945 3667 1022 3737 Maii,
1076 3672 1190 3728 minime
1202 3672 1409 3743 obtemperasti,
1422 3687 1533 3728 necesse
1547 3682 1589 3728 est
1599 3681 1627 3729 te
1639 3681 1702 3746 post
1723 3689 1786 3729 eum
1812 3673 1873 3729 lon·

223 3760 375 3817 Indietione
390 3773 436 3815 ιι.
1075 3764 1135 3836 g'us
1149 3762 1239 3820 eundo
1253 3763 1384 3819 laborare.
1406 3764 1459 3821 Sed
1473 3764 1527 3835 illc,
1552 3766 1652 3822 certius
1668 3764 1759 3823 adhue
1771 3765 1874 3838 aliquid

260 3859 305 3909 24.
319 3851 462 3919 Posthac,
470 3849 624 3908 Pontideali
635 3849 827 3907 benedictione
834 3852 1021 3924 confirmatus,
1076 3856 1110 3912 ab
1125 3856 1169 3912 bis
1182 3857 1278 3913 elicere
1291 3858 1420 3929 gestiens,
1438 3856 1507 3914 dixit
1521 3877 1528 3913 :
1553 3861 1611 3930 Ego
1632 3858 1744 3931 quidem
1757 3860 1874 3915 rusticus

225 3961 309 4019 qoam
321 3953 449 4017 acceptus
466 3945 517 4002 sibi
545 3943 636 4012 luerit,
652 3941 687 4000 ιιι
702 3945 861 4017 exemplum
883 3948 1022 4020 Evangelii
1075 3965 1138 4006 sum
1152 3956 1180 4006 et
1194 3950 1332 4018 indoctus,
1347 3951 1411 4023 quid
1425 3950 1493 4007 mihi
1509 3951 1536 4008 in
1559 3953 1669 4025 signum
1681 3951 1800 4019 dabitur,
1811 3961 1874 4009 uta

223 4042 306 4096 Pater
325 4039 445 4097 coelestis
473 4037 603 4105 ostendit,
641 4039 770 4110 quoniam
801 4041 938 4113 mysteria,
960 4056 1022 4114 ques
1076 4043 1252 4116 taliperaona
1267 4044 1410 4101 credatur?
1432 4048 1514 4103 Unus
1532 4046 1699 4118 eorum,qui
1713 4055 1874 4102 tantumso·

223 4131 367 4189 abscondit
391 4148 406 4188 a
431 4131 597 4203 sapientibus
629 4139 657 4187 et
675 4130 866 4201 prudentibus,
892 4135 1023 4191 revelavit
1076 4136 1149 4193 lebat
1162 4153 1212 4210 pro
1222 4139 1318 4194 ceteris
1327 4138 1410 4210 loqui,
1421 4137 1545 4194 dicebat:
1562 4140 1629 4195 Haec
1638 4138 1713 4196 dices
1727 4139 1874 4213 Gregorio,

223 4227 351 4298 parvulis.
369 4227 440 4282 Nam
456 4225 512 4281 duo
527 4223 632 4292 rustici,
652 4240 708 4279 non
722 4224 893 4295 improbabili
908 4228 1021 4284 curiosi·
1074 4229 1149 4302 quod
1170 4231 1254 4287 etiam
1273 4231 1329 4302 ipse
1344 4246 1441 4286 verum
1462 4246 1522 4288 esse
1544 4235 1684 4304 cognoscit
1710 4252 1718 4290 ε
1741 4233 1874 4305 quoniam

222 4327 278 4375 tate
291 4319 377 4386 ducti,
393 4334 458 4375 curn
470 4316 620 4374 adveutum
636 4318 699 4374 novi
713 4318 853 4375 Pontidcis
866 4320 894 4376 in
907 4323 1021 4378 Latera·
1075 4323 1207 4381 accedens
1225 4322 1259 4379 ad
1278 4324 1374 4392 altare,
1388 4324 1461 4396 quod
1476 4323 1574 4381 eodem
1586 4326 1629 4382 die
1641 4326 1780 4398 cogitavit,
1801 4325 1874 4398 apud

222 4428 287 4469 nam
311 4412 453 4469 dioecesim
486 4411 694 4482 comperissent,
716 4410 750 4467 ιιι
778 4411 927 4469 videndum
951 4430 1016 4470 eum
1071 4418 1287 4489 omnipotentem
1300 4417 1453 4474 Dominum
1465 4419 1612 4490 impetrare
1621 4418 1734 4476 meruit.
1745 4419 1875 4474 Rusticus

223 4508 325 4563 mutuis
362 4505 598 4563 cohortationibus
632 4504 762 4577 instigati,
802 4505 836 4562 ad
876 4508 1019 4564 eeclesiam
1033 4504 1059 4568 D
1074 4510 1109 4567 ad
1127 4511 1290 4582 Gregorium
1307 4511 1479 4582 perveniens,
1492 4519 1628 4568 secretum
1647 4511 1681 4568 ab
1695 4527 1728 4568 eo
1741 4511 1831 4584 petiit,
1847 4518 1874 4569 et

223 4607 379 4672 properant.
392 4599 530 4669 Quocum
557 4599 754 4670 pervenissent,
775 4599 942 4657 invenerunt
955 4617 1020 4659 eom
1075 4619 1137 4676 quse
1153 4604 1255 4660 itineris
1270 4611 1298 4660 et
1312 4604 1411 4660 laboris
1428 4605 1488 4677 ejus
1501 4621 1584 4662 cansa
1601 4605 1743 4673 extitisset,
1756 4605 1874 4662 fideliter

218 4696 295 4765 juxte
307 4694 392 4750 altare
412 4692 558 4749 Missurum
572 4693 707 4749 solemnia
724 4693 917 4750 celebrantem.
932 4697 1020 4766 Quem
1075 4697 1228 4755 insinuavit.
1247 4697 1293 4754 llle
1315 4713 1378 4754 vero
1399 4697 1516 4771 benigne
1531 4698 1685 4764 subridens,
1714 4715 1746 4755 ac
1763 4699 1872 4771 signum

221 4786 329 4843 curiose
341 4785 524 4860 inspicientes,
540 4800 638 4842 omnes
651 4793 744 4843 motus
753 4787 876 4858 corporis
890 4797 918 4844 et
927 4797 1020 4861 gestus
1075 4806 1306 4863 praecognoscens,
1320 4790 1464 4859 rusticum,
1482 4800 1565 4847 tantae
1579 4791 1720 4865 legationis
1734 4791 1872 4858 nuntium,

221 4880 279 4952 ejus
302 4878 420 4954 diligenti
443 4878 681 4936 animadversione
705 4889 845 4936 notarunt.
874 4880 928 4937 Sed
952 4882 1021 4939 alter
1074 4883 1166 4940 adsue
1176 4883 1282 4956 regredi
1296 4900 1359 4940 cum
1371 4885 1527 4956 apostolica
1540 4884 1727 4943 benedt-tione
1739 4884 1870 4955 permisit.

220 4989 316 5031 eorum
330 4975 403 5029 velut
417 4974 447 5029 in
461 4973 576 5029 ecstasin
589 4981 696 5045 reptos,
716 4973 784 5029 vidit
796 4973 950 5030 columbam
963 4975 1019 5046 (23)

96 5064 101 5141 ζ
149 5074 152 5079 “
220 5067 254 5124 de
280 5067 350 5125 eoelo
375 5065 550 5137 descendere,
571 5067 744 5137 humeroque
767 5066 892 5140 Gregorii
906 5065 1018 5126 dextero

221 5160 385 5216 insidentem
398 5160 449 5216 alis
467 5159 584 5216 extensis
595 5167 678 5230 capot
690 5158 750 5230 ejus
762 5146 859 5216 velare.
875 5161 1018 5233 completo

220 5267 285 5307 vero
315 5254 438 5319 canone,
472 5251 599 5307 colomba
620 5251 722 5308 collum
743 5252 921 5325 protendens,
942 5255 1018 5312 calici

219 5352 353 5411 rostrum,
367 5353 398 5400 ut
410 5342 461 5400 sibi
473 5344 564 5400 visum
585 5353 636 5414 est,
651 5345 767 5403 immisit
783 5367 789 5403 :
806 5361 861 5419 quo
888 5356 1015 5419 retracto,

221 5519 227 5531 ¹
255 5521 312 5594 (ιι)
329 5523 435 5596 Aliquid
463 5525 552 5583 simile
565 5526 655 5584 eidem
670 5529 804 5603 Gregorio
819 5541 912 5659 postea
927 5535 1016 5592 Casini

220 5594 366 5677 contigisse
379 5604 474 5654 narrat
485 5601 543 5654 Leo
563 5600 707 5669 Ostiensis,
722 5602 740 5657 l.
757 5609 783 5659 ³.
798 5604 819 5659 C

218 5680 313 5723 nensis
326 5682 350 5723 e.
363 5673 408 5724 64.

253 5739 307 5807 (24)
322 5742 405 5796 Anno
418 5739 521 5798 scilicet
538 5743 664 5812 sequenti
676 5748 755 5801 10⁷4.
768 5747 919 5830 aegrotavit,
938 5765 972 5807 ac
985 5766 1015 5808 se

218 5822 233 5862 a
251 5809 357 5868 morbo⁴
367 5813 536 5871 convaluisse
556 5813 658 5875 indicat
689 5818 802 5874 Beatrier
830 5820 942 5892 eiusque
960 5821 1014 5879 fllia

841 5605 927 5661 ronici
940 5607 1016 5664 Casi-

1111 4982 1155 5033 26.
1170 4977 1343 5050 Alioquoque
1355 4984 1630 5049 teurpore(·tl),cum
1642 4978 1760 5035 marimo
1771 4977 1874 5034 detine·

1073 5079 1149 5127 retur
1174 5072 1297 5141 corporis
1316 5070 1486 5138 infirmitate,
1513 5071 1639 5144 quaedem
1662 5072 1751 5142 neptis
1774 5087 1823 5128 sua
1837 5069 1872 5126 ad

1073 5179 1136 5220 eum
1159 5163 1282 5220 visitandi
1306 5165 1392 5236 gratia
1411 5173 1531 5234 venerat,
1557 5174 1585 5223 et
1605 5165 1723 5239 qualiter
1738 5180 1768 5221 se
1786 5164 1873 5222 eonti-

1073 5265 1161 5327 neret,
1175 5257 1336 5330 inquirebat.
1350 5260 1423 5314 Tum
1436 5257 1480 5314 ille
1492 5267 1523 5315 ut
1534 5258 1609 5332 nepti
1618 5274 1700 5329 super
1711 5256 1873 5330 egritudine

1072 5365 1122 5407 sua
1134 5351 1258 5408 animum
1267 5351 1405 5425 levigaret,
1412 5351 1524 5409 monilia
1534 5349 1658 5425 ejusdem
1669 5361 1871 5421 manutenens,

1072 5532 1205 5600 Mathildi,
1227 5534 1341 5608 epistole
1361 5541 1390 5592 9.
1409 5536 1478 5593 libii.
1500 5543 1515 5591 ι
1540 5533 1640 5608 scripta
1666 5543 1708 5592 18.
1733 5534 1872 5593 Kalendas

1070 5605 1232 5661 Novembris
1247 5627 1254 5662 :
1270 5622 1322 5678 qua
1339 5606 1413 5663 dolet
1427 5623 1456 5663 se
1471 5623 1505 5662 ec
1516 5608 1664 5677 periculoso
1678 5609 1766 5664 morbo
1781 5623 1870 5664 emer·

1069 5679 1341 5805 svmessscqlcegznotum
1355 5679 1398 5736 ad
1409 5678 1607 5735 solicitudinem
1617 5696 1686 5751 pene
1699 5681 1872 5748 nousroporr
