3884 6158
149 264 199 319 ils
545 266 807 326 PROLEGOMENA.
827 299 863 312 -
882 270 1053 328 statuali
1073 271 1141 330 PRO
1161 273 1333 330 insuauia
1353 275 1408 330 Vll.
1501 288 1505 293 '
1749 284 1802 339 nli

148 388 236 443 lenda
254 390 389 446 mummia
403 392 549 463 (imperius
560 409 635 465 papa
656 396 709 452 t’ll
726 396 833 452 Solimi
845 411 946 467 mapna
960 402 984 465 Α
1002 396 1144 468 dipuitaiis
1157 400 1248 455 niuem
1260 416 1314 456 nou
1326 400 1434 457 decebat
1452 405 1491 457 ire
1502 403 1586 458 solum
1599 404 1636 458 ad
1647 406 1800 476 internum,

147 486 177 537 ri
191 483 282 539 morbi
293 490 467 555 premeretur,
490 493 552 543 ante
572 490 684 544 tertium
703 491 748 543 sui
758 490 844 545 obitus
866 490 947 553 diem,
1003 492 1200 563 quinquaqinta
1214 495 1292 562 (suerri
1309 495 1472 562 audiuimus)
1486 496 1519 551 de
1532 500 1588 553 suis
1600 498 1696 554 babuit
1708 503 1800 564 socios,

148 582 259 646 ropaten
277 578 314 633 ab
334 581 462 651 epi'seopis
479 584 504 636 et
521 582 717 647 cardinalibus,
736 585 786 653 qui
795 585 867 650 {orte
886 586 948 639 tunc
1003 584 1094 640 eadem
1107 591 1189 642 marte
1204 591 1345 659 repentina
1357 594 1500 660 arrreptos,
1515 606 1548 645 uc
1562 608 1628 661 qum¹
1643 593 1758 650 babebat
1773 597 1802 649 iu

148 670 265 726 aderant
278 687 334 726 una
354 688 414 727 arm
431 675 580 739 Desiderio,
595 676 661 746 quid
680 676 713 731 de
733 678 858 733 Romana
877 678 949 733 sedis
1002 681 1146 750 iniquitate
1159 686 1304 745 consortes,
1317 684 1347 738 in
1360 685 1532 741 recitacione
1545 701 1597 740 riou
1610 686 1717 743 liaberet
1729 703 1801 759 par-

144 768 208 835 post
228 765 332 820 obitum
349 780 429 821 suum
448 767 618 823 ordinatione
628 770 746 839 juberet,
768 771 889 826 bmtatus
910 776 949 827 est
1003 774 1104 845 ticipes.

149 864 190 923 ut,
213 861 242 914 si
252 876 305 930 qua
315 866 396 932 pacto
410 867 530 933 passast,
545 865 633 935 ipsum
654 866 822 922 baldenum
837 867 949 937 pontifi·
1040 866 1098 923 Udo
1118 868 1281 925 Treuircnsis
1300 869 1522 941 archiepiscopus,
1538 875 1612 927 ornni
1621 875 1722 945 pictate
1739 877 1798 947 ple-

146 968 203 1008 cem
225 954 360 1022 forment,
389 962 444 1011 etc.
1002 976 1066 1031 rrius,
1081 960 1146 1015 dum
1165 963 1246 1017 nimis
1266 956 1420 1018 nrbuuetus
1441 965 1584 1033 tyrannidi
1596 983 1648 1021 non
1663 971 1797 1034 resistere,

181 1048 284 1104 Narrat
293 1044 367 1104 idem
380 1049 439 1105 Len
460 1047 556 1106 endem
578 1050 623 1107 lib.
641 1066 689 1119 ιιι,
702 1067 761 1123 cap.
787 1058 832 1123 55,
856 1050 947 1109 visum
1001 1057 1115 1111 Hernico
1131 1056 1194 1126 plus
1208 1071 1289 1125 quam
1306 1056 1412 1111 decebat
1426 1056 1592 1127 obsequitur,
1608 1060 1665 1131 ejus
1677 1062 1799 1131 flammeo
1908 1124 1911 1129 ,

147 1139 287 1212 meddam
307 1141 420 1199 coeleme
430 1143 566 1200 columna
591 1144 694 1212 niven,
709 1160 792 1217 super
813 1146 947 1219 Gregorio
1000 1150 1094 1218 (iurari
1110 1163 1166 1203 srcae
1178 1152 1354 1204 communias
1368 1150 1456 1205 oleum
1468 1153 1620 1216 miru'strat,
1635 1128 1705 1210 et⁸ut
1720 1156 1799 1210 ecclc·

147 1233 302 1303 residentis,
327 1250 391 1293 cum
410 1250 487 1293 mern
506 1237 652 1295 missarum
671 1238 807 1303 solemnia
828 1238 946 1297 celebra·
1000 1244 1048 1296 sile
1072 1242 1258 1314 depredantur
1280 1244 1416 1299 licentram
1436 1243 1527 1307 donat,
1549 1260 1612 1299 mac
1633 1247 1662 1300 in
1681 1250 1798 1303 crastino

146 1335 201 1393 ret;
216 1327 293 1401 quod
308 1328 408 1399 sunm,
428 1337 504 1400 cum,
525 1330 572 1403 qni
591 1331 665 1398 vidit,
688 1331 814 1405 evulgare
832 1342 947 1390 cunclu—
1000 1351 1080 1390 maue
1094 1339 1216 1393 mortuus
1227 1338 1373 1407 inuenitur,
1389 1342 1421 1391 ut
1433 1338 1555 1392 amnibus
1565 1342 1655 1409 apeme
1668 1345 1800 1397 comtoret

146 1428 231 1490 retur,
258 1421 302 1479 bis
327 1421 414 1480 verbis
439 1422 567 1481 (tinnitus
590 1423 742 1497 patefacere
760 1426 856 1498 jussus
873 1437 912 1483 est
937 1447 943 1483 :
1001 1429 1059 1485 ideo
1076 1431 1199 1485 talienm
1215 1435 1299 1484 morte
1319 1430 1537 1501 obiissepuodin
1550 1433 1718 1488 ecclesiaram
1728 1449 1800 1504 pre-

149 1515 223 1570 l'ade
232 1516 365 1584 celeriter,
375 1520 401 1573 ct
416 1516 464 1573 boc
483 1519 574 1589 ipsum
587 1520 701 1574 auribus
709 1508 790 1591 papa
803 1522 967 1603 intimato..
1000 1522 1109 1578 dictione
1131 1539 1184 1578 nan
1199 1525 1288 1578 timuit
1312 1539 1450 1579 assensum
1470 1525 1601 1595 prebere.

146 1614 175 1663 nl
188 1613 341 1665 constanter
353 1613 445 1680 ripam
458 1614 547 1667 salicti
559 1613 676 1682 Spiritus
688 1613 760 1684 prod
778 1617 857 1684 capit
872 1631 946 1670 ensc-
1034 1618 1076 1672 De
1095 1618 1207 1690 Eppone
1222 1616 1352 1674 Citizensi
1366 1617 1505 1689 episcopo,
1522 1616 1556 1674 de
1575 1633 1629 1689 qun
1649 1618 1695 1675 hic
1714 1619 1796 1677 etium

145 1707 258 1772 quatur.
999 1712 1102 1779 Bruno‚
1110 1726 1191 1782 supra
1202 1710 1260 1781 Jam
1270 1709 1391 1767 diximus
1405 1711 1586 1779 :Godelridus
1597 1713 1665 1776 dua,
1680 1716 1730 1785 qni
1740 1716 1798 1783 tuit

98 1848 103 1865 ,
178 1797 273 1853 XXV.
290 1797 365 1854 Otho
376 1799 576 1876 frisingensis,
591 1800 636 1856 lib.
657 1817 709 1859 vr:
726 1803 804 1858 Arrrro
823 1805 945 1873 sequenti
958 1792 982 1855 B
997 1807 1133 1859 innuimus
1147 1805 1230 1859 tractis
1242 1804 1377 1868 Souania,
1388 1808 1473 1876 percit
1487 1807 1516 1859 in
1528 1808 1666 1860 secretiori
1681 1813 1797 1878 corporis

143 1890 304 1947 elimam
316 1896 373 1948 uita
390 1898 416 1950 et
431 1895 578 1951 mcerdctio
589 1897 749 1969 perfunctus
765 1896 886 1963 decessit,
903 1912 944 1951 sc·
996 1903 1075 1969 purte
1091 1899 1227 1967 perfossus
1249 1912 1317 1952 sceno
1335 1913 1471 1963 mamone,
1487 1914 1532 1953 nec
1548 1904 1685 1969 prsrpatus
1699 1900 1796 1955 ultima

143 1984 259 2055 danque
273 1988 438 2057 Hiltprando
457 1988 645 2045 archidiacono
662 2005 719 2053 sico,
732 1992 780 2060 qui
798 1990 944 2059 Greporius
998 1992 1170 2061 consessione,
1196 2006 1242 2046 nec
1267 1994 1386 2046 munitus
1400 2006 1476 2046 sacra
1499 1995 1687 2047 communione.
1722 1982 1730 1997 “

147 2078 200 2135 l'll
203 2079 297 2136 dictus
307 2086 355 2145 est,
365 2082 483 2152 reliquit.
497 2083 730 2140 Fabiruscbismn
740 2085 943 2153 pravissimum,
1034 2085 1214 2154 Godcbaldus,
1235 2086 1300 2140 dum
1313 2100 1382 2155 equo
1394 2100 1442 2140 suo
1464 2088 1566 2141 nauiter
1580 2086 1796 2167 scruatopedem

144 2187 171 2227 eo
191 2172 269 2243 quod
288 2174 390 2245 absque
410 2191 537 2232 coruensu
554 2180 626 2247 repis
643 2177 862 2249 perlectionem
882 2192 943 2231 con·
995 2180 1167 2248 posteriorem
1177 2178 1283 2242 leuaret,
1294 2183 1368 2234 ulan
1377 2183 1440 2251 apte
1447 2180 1553 2246 terrum
1567 2184 1633 2234 esset
1643 2170 1797 2251 impositum

140 2268 239 2321 mutus
265 2268 373 2335 ficerat,
402 2272 502 2326 oritur.
529 2272 588 2342 lpse
609 2276 715 2335 autern,
741 2272 788 2341 urci
804 2287 855 2342 per
876 2270 944 2325 mul·
994 2274 1168 2342 perspiceret,
1187 2271 1221 2326 ab
1235 2274 1294 2343 ipso
1310 2270 1378 2343 pede
1392 2273 1422 2341 in
1442 2272 1532 2340 (rante
1547 2275 1700 2344 percutitur
1718 2266 1796 2329 etsie

142 2364 200 2415 tum
219 2364 348 2434 temporis
374 2363 411 2417 ad
444 2363 594 2419 libertatem
618 2365 741 2421 Ecclesia
769 2365 944 2420 obtinendam
996 2367 1031 2420 ab
1044 2367 1092 2421 berc
1110 2368 1169 2421 vita
1186 2365 1366 2422 abstrahitur.

139 2457 269 2525 ptumus
283 2455 464 2524 tammum,
479 2457 539 2528 jam
560 2457 597 2513 ad
610 2459 800 2514 mccrdotalau
821 2456 943 2527 dipm'ta-
1034 2459 1203 2515 Burelrardus
1224 2461 1364 2517 Misnensis
1378 2462 1532 2531 prefectus,
1552 2461 1617 2515 etism
1629 2463 1656 2515 in
1677 2462 1795 2532 quadam

144 2552 195 2603 tan
213 2554 369 2620 pmeecteu,
394 2567 413 2604 a
431 2555 514 2623 cepto
535 2552 661 2608 desistere
677 2551 819 2622 indipnum
835 2553 942 2615 ducens,
996 2568 1056 2615 suu,
1070 2556 1250 2623 ariproeerat,
1261 2552 1324 2609 urbe
1334 2554 1368 2608 ab
1383 2554 1494 2609 sirbonis
1510 2555 1662 2621 inuaditur,
1674 2558 1796 2625 muneret

142 2646 195 2697 taur
208 2641 242 2698 ab
257 2643 307 2698 boc
328 2659 470 2717 quampro
483 2646 791 2717 Simnnmecstirpanda
801 2662 833 2702 ac
849 2648 943 2703 inccn-
996 2645 1131 2701 insidebat
1150 2647 1258 2713 trustra
1279 2646 1428 2702 calca-ribus
1443 2649 1596 2717 vulnmato,
1613 2650 1709 2717 supere
1720 2650 1796 2703 moli-

142 2737 259 2791 mustra
280 2737 434 2793 clmnccnrm
451 2739 636 2810 reprimenda,
654 2740 806 2809 plurimum
823 2740 943 2794 insuda·
997 2742 1114 2809 tur,·qui
1122 2755 1205 2808 equus
1213 2754 1283 2810 sape
1289 2742 1369 2809 prius
1377 2740 1410 2794 dc
1418 2741 1557 2795 uelocitate
1567 2740 1706 2805 laudatus,
1717 2742 1794 2797 mado

143 2828 196 2884 bat.
214 2832 341 2901 Denique
360 2846 413 2886 rmrr
426 2832 511 2887 salum
525 2849 613 2902 repam
624 2849 675 2903 pro
695 2833 828 2903 ejusmodi
840 2832 876 2888 ad
898 2848 943 2903 sp·
996 2848 1056 2887 cum
1073 2836 1193 2887 manime
1213 2834 1331 2887 mnia
1348 2848 1428 2903 mrsu
1440 2838 1510 2903 [opus
1530 2838 1599 2897 erat,
1612 2837 1644 2903 fit
1663 2837 1795 2890 staturia-

139 2923 254 2978 nadatia
273 2939 402 2997 responsa
417 2926 507 2982 crebro
524 2928 642 2992 uocauit,
659 2926 706 2981 sed
720 2931 746 2981 et
765 2926 838 2981 datis
858 2926 942 2983 decre·
995 2927 1066 2993 rius,
1081 2928 1163 2996 quasi
1173 2926 1274 2980 diceret
1288 2945 1296 2977 :
1311 2926 1380 2982 illibi
1389 2941 1442 2981 non
1453 2926 1514 2980 luet
1528 2941 1589 2980 eum
1603 2942 1704 2981 nanca
1720 2929 1794 2983 nobis

140 3019 190 3081 tis,
202 3018 372 3084 clericorum,
384 3036 402 3075 a
413 3019 610 3076 subdiaconatu
621 3025 646 3076 et
660 3035 752 3090 supra,
767 3020 898 3075 mnnubia
913 3022 941 3074 in
996 3023 1097 3091 eripee
1107 3022 1163 3090 qui,
1177 3019 1242 3075 dum
1254 3020 1309 3073 sibi
1319 3020 1406 3089 iuuit,
1423 3018 1526 3077 nolebat
1537 3035 1564 3075 se
1578 3022 1720 3090 corripere.
1739 3024 1794 3078 llo·

141 3115 194 3167 toto
210 3112 408 3169 arbetioneaao
433 3114 561 3179 cohibuit,
574 3115 720 3185 (annaque
739 3114 940 3184 prepissactrm
972 3114 1068 3169 ·ritur
1091 3130 1236 3186 erponem
1260 3129 1358 3183 nrapno
1375 3116 1473 3169 aalma
1497 3129 1553 3169 unce
1570 3115 1699 3185 periurio,
1723 3116 1794 3187 quod

140 3206 212 3276 quod
234 3206 315 3262 cerba
338 3207 429 3263 docuit
449 3209 568 3279 enemplo
582 3206 785 3276 demonstrauit,
808 3223 839 3262 ac
859 3209 942 3277 sortis
959 3196 1065 3279 Cslepe
1089 3223 1240 3264 cunensem
1259 3207 1379 3277 prebuit
1393 3207 1542 3277 periculoso
1563 3209 1703 3262 sericum
1723 3224 1794 3278 repis

137 3314 185 3371 per
196 3302 290 3354 omnia
298 3300 413 3364 atbleta,
423 3316 531 3357 munim
539 3317 566 3358 se
576 3317 629 3373 pro
638 3301 715 3357 domo
730 3303 839 3358 mmini
846 3316 942 3373 porum
996 3303 1116 3359 cornilio.

139 3407 191 3448 nnn
210 3394 320 3463 timuit,
335 3401 389 3450 etc.
1031 3394 1179 3467 luipoldus
1191 3395 1282 3463 frater
1302 3392 1456 3458 Bertbaldi,
1476 3394 1546 3462 repis
1567 3394 1724 3457 coruilinrii,
1747 3397 1796 3465 qui

172 3484 255 3544 idem
272 3485 346 3544 otho
362 3505 370 3544 ε
385 3488 535 3547 Prndictus
546 3490 675 3562 pontisas
687 3488 833 3559 drepanius
847 3505 941 3560 crepe
995 3494 1021 3546 ct
1034 3490 1091 3561 ipse
1102 3489 1160 3559 ejus
1174 3486 1342 3542 consiliarius
1354 3491 1424 3549 erat,
1437 3485 1502 3540 dum
1515 3486 1634 3556 quadam
1652 3486 1696 3543 dic
1708 3486 1794 3557 juata

141 3580 206 3636 urbe
222 3581 349 3653 pellitur,
371 3582 566 3655 liutbertrrsque
578 3585 789 3640 ummmcmsis
803 3585 939 3654 mucopus
995 3582 1224 3653 ropm,'equitam
1239 3595 1299 3635 cunr
1318 3594 1347 3634 ec
1365 3580 1495 3655 quaslibet
1507 3594 1636 3641 sansures
1650 3581 1792 3649 mitteret,

142 3675 170 3727 in
183 3675 270 3729 ionem
289 3675 348 3746 eires
365 3674 547 3732 sirbtruditur.
562 3679 646 3733 Porro
660 3678 818 3747 (impariles,
832 3676 940 3733 salerni
995 3678 1134 3748 accipiter,
1165 3690 1242 3747 quem
1267 3675 1379 3730 sinistra
1399 3672 1544 3745 portabat,
1566 3674 1677 3730 uolitare
1705 3676 1791 3745 capit.

142 3782 266 3832 muris,
295 3772 534 3841 appropinquante
556 3772 701 3826 vocationis
731 3786 786 3825 sun
812 3773 938 3841 tempore,
995 3772 1076 3840 quasi
1087 3773 1230 3841 capturam
1239 3772 1357 3838 peteret;
1371 3767 1417 3822 illc
1438 3783 1498 3822 uero
1514 3771 1575 3837 post
1588 3782 1663 3823 anem
1680 3783 1793 3839 parum·

142 3859 342 3931 Mmturnis·
354 3882 363 3919 ε
374 3862 937 3934 Βίὶεωί]ιιεέίτιὶιιη,είοάἑυίίηίᾳαίιαεειη,
992 3879 1042 3934 per
1055 3878 1082 3917 se
1102 3863 1246 3925 irrclinans,
1268 3861 1303 3916 ab
1318 3877 1384 3932 equo
1403 3862 1494 3931 prauis
1515 3860 1627 3928 cecidit;
1651 3866 1676 3916 et
1694 3877 1791 3925 mern,

139 3960 279 4027 propterm
291 3958 393 4012 monor
407 3959 436 4012 in
447 3958 552 4013 cnsilio.
566 3959 636 4027 Quia
649 3972 712 4028 erpo
721 3959 750 4013 iu
758 3960 880 4029 principe
890 3972 938 4011 suc
996 3973 1048 4027 quo
1060 3958 1161 4012 rinctus
1172 3959 1240 4020 erat,
1249 3971 1263 4011 e
1271 3957 1371 4024 rapina
1383 3955 1489 4025 lapsum
1498 3955 1594 4025 capulo
1604 3959 1684 4009 terra
1693 3955 1791 4025 detine,

143 4062 252 4119 rmum
272 4051 308 4105 ab
328 4050 447 4108 Ecclesia
462 4053 620 4122 mausum,
640 4052 763 4121 praviter
782 4065 935 4121 percussum
996 4053 1026 4105 in
1042 4056 1147 4121 pectore
1164 4050 1251 4105 medio
1272 4049 1387 4121 recepit,
1403 4050 1493 4117 etqui
1511 4062 1581 4119 sepe
1591 4050 1676 4119 pram
1690 4051 1795 4104 ausilii

142 4142 213 4209 Μ,
225 4145 346 4200 Ecclesia
361 4159 466 4216 quaque
479 4148 554 4200 tanto
567 4149 688 4217 pastore,
703 4145 752 4214 qni
763 4146 832 4199 inter
848 4159 937 4198 omines
995 4159 1099 4200 corrsors
1116 4144 1158 4198 nel
1173 4146 1267 4198 auctor
1280 4143 1347 4210 fuit,
1363 4143 1419 4196 mite
1430 4142 1539 4197 consilio
1550 4145 1686 4213 perpetue
1697 4136 1794 4197 salutis

142 4236 288 4293 mulares
302 4242 328 4292 et
341 4240 475 4296 licnranos
484 4240 621 4310 pontifices
631 4238 765 4310 precipui
774 4237 826 4291 seli
839 4252 871 4292 ac
887 4252 937 4291 au·
993 4238 1027 4293 ab
1047 4238 1097 4293 bac
1114 4239 1171 4291 sita
1183 4238 1302 4294 recessit.

143 4332 271 4386 uanam
283 4335 353 4396 crat,
363 4333 472 4398 orbata,
484 4330 602 4388 ddcrem
613 4348 667 4388 non
684 4332 818 4387 modicum
829 4330 935 4387 babuit.
1030 4331 1148 4386 xxvll.
1176 4328 1349 4396 Helmoldus‚
1369 4327 1417 4383 lib.
1445 4343 1457 4384 1
1483 4326 1612 4384 Chronic.
1636 4326 1791 4398 Slararum,

174 4422 253 4481 ldem
266 4422 314 4479 lib.
326 4439 382 4495 sn,
396 4440 458 4498 cap.
475 4431 488 4481 1
506 4427 656 4494 :benoncia
665 4425 775 4482 salensi
785 4424 869 4479 beata
880 4439 937 4479 me·
992 4439 1051 4496 cap.
1066 4428 1100 4480 28
1112 4442 1120 4478 r
1132 4426 1197 4478 Post
1205 4438 1306 4495 paucos
1316 4425 1406 4477 antem
1419 4420 1486 4486 dies,
1496 4423 1632 4491 principes
1640 4422 1791 4485 sanonum,

143 4520 232 4572 mile
242 4533 347 4575 sumum
356 4522 480 4591 pontifice
502 4520 704 4589 arcemanus.
910 4552 912 4557 ι
992 4523 1091 4589 macter
1109 4517 1272 4573 nomntatem
1288 4517 1359 4586 repis
1373 4517 1529 4585 captivitate
1543 4512 1674 4581 absoluti,
1688 4517 1719 4569 in
1727 4531 1793 4587 pro·

176 4611 283 4669 XXVI.
307 4613 399 4669 Brunn
421 4611 451 4669 in
469 4611 590 4669 Historia
605 4611 668 4669 balli
689 4609 829 4669 saxonici.
845 4613 940 4668 Exstat
952 4595 979 4658 Ι)
991 4614 1055 4683 pria
1070 4613 1171 4666 reunsi
1183 4615 1257 4675 sunt,
1271 4624 1449 4679 necunquam
1459 4607 1492 4664 de
1501 4612 1595 4663 antem
1603 4610 1794 4679 promissimu-

143 4712 217 4763 tcma
230 4707 243 4761 l
256 4705 427 4777 Scriptorum
443 4704 588 4763 illustrium
602 4704 768 4775 Germania,
789 4719 860 4777 quos
879 4704 939 4762 Cal-
995 4707 1043 4761 brus
1068 4707 1139 4774 repis
1161 4704 1240 4776 {iden
1260 4703 1444 4773 prebuerunt.
1473 4703 1557 4758 lllissa
1580 4717 1641 4772 erpo
1663 4704 1793 4758 relatione

143 4799 265 4855 maianus
286 4797 421 4856 Freberns
434 4798 579 4872 evulgavit.
595 4802 665 4857 Tota
685 4798 744 4856 baec
759 4798 879 4855 Historia
898 4806 940 4855 est
993 4802 1131 4856 &nonum
1154 4798 1291 4867 principes
1305 4795 1343 4850 ad
1362 4796 1535 4866 apostolicam
1548 4796 1636 4852 sedem
1657 4799 1793 4869 cormrcesti

142 4901 232 4949 canna
256 4891 406 4949 Hauricum
418 4900 445 4948 at
466 4893 644 4949 ilenricinnos
665 4908 716 4966 pro
732 4891 867 4965 Gregorio
887 4893 938 4949 Vll
993 4897 1056 4949 sura
1068 4890 1373 4960 reverendissimopapce
1388 4890 1515 4959 Greporio
1531 4891 1583 4946 Vll
1599 4890 1716 4961 qualiter
1731 4907 1791 4957 ren,

143 4994 168 5042 et
192 4985 244 5043 illle
269 4984 448 5059 animasum
467 4987 495 5045 S.
516 4986 588 5043 Petri
607 4986 766 5045 tuebantur.
788 4988 940 5043 Enumernt
992 4987 1093 5041 dioirrae
1113 4986 1177 5055 lepis
1196 4987 1369 5054 contemptor,
1388 4984 1515 5039 Ecclesiis
1532 4985 1583 5040 liei
1594 4986 1624 5039 in
1642 4984 1792 5040 statuendis

142 5078 198 5151 ipse
212 5095 324 5153 quaque
337 5080 455 5153 tragicos
473 5079 598 5137 interitus
611 5079 796 5154 quorumdam
809 5078 940 5136 schisma·
993 5080 1122 5151 episcopis
1138 5094 1241 5135 omnem
1259 5079 1393 5133 camnine
1412 5078 1545 5133 electionis
1568 5078 1719 5133 libertatem
1733 5079 1792 5132 acli-

142 5172 274 5241 linorum3
291 5172 327 5230 de
351 5171 452 5246 quibus
478 5188 559 5246 supra
581 5189 615 5231 ex
636 5170 883 5246 schafneburgensi
913 5179 939 5228 et
992 5177 1196 5244 nroenponens
1206 5171 1425 5244 parisientium
1437 5171 1790 5241 episcoposquosnoluisset.

143 5264 278 5323 luscum
293 5265 422 5325 &utensi
444 5265 546 5338 aliquid
559 5266 665 5323 dictum
685 5267 878 5333 :Patriae-aba,
895 5264 939 5321 in·
992 5269 1107 5338 lantper
1118 5267 1199 5337 quad,
1210 5281 1282 5320 more
1296 5265 1509 5333 Nicolaitarum‚
1525 5265 1558 5319 de
1571 5278 1656 5318 iream
1669 5280 1720 5318 sua
1736 5282 1792 5335 pu-

142 5359 200 5433 pnit
216 5360 321 5428 Burrio,
344 5362 393 5433 qui
409 5361 515 5431 lepatus
528 5363 676 5431 apostolici,
694 5363 832 5416 metuimus
846 5364 939 5416 auctor
992 5360 1207 5433 blicumJecisset
1218 5359 1410 5430 prostibulum,
1430 5358 1572 5427 subjiciens
1592 5373 1649 5413 eam
1669 5374 1718 5428 per
1737 5362 1792 5413 crin

140 5454 323 5525 obimatrbnis
342 5457 481 5510 actuum
502 5456 622 5519 Heariti,
646 5460 671 5510 et
694 5458 757 5510 rioci
769 5456 841 5524 repis
861 5456 940 5509 insti·
993 5455 1111 5511 aliarum
1126 5454 1236 5509 libidini
1242 5471 1251 5522 ,¹
1271 5453 1381 5522 aliaque
1398 5452 1654 5522 perpluriumque
1671 5453 1792 5507 irrcorrue·

141 5548 247 5616 mnndi,
260 5554 416 5619 postquam,
430 5550 526 5617 enrepi
544 5550 623 5618 quasi
637 5551 693 5619 repi
709 5551 836 5616 saciatus,
854 5553 938 5603 retro·
992 5551 1094 5603 nientiu
1107 5550 1244 5621 uisasnnt
1255 5550 1285 5602 et
1301 5545 1398 5601 auditu
1410 5544 1540 5613 difficilia.
1558 5546 1733 5613 Quamobrem
1747 5546 1794 5602 do·

140 5640 246 5711 pradus
267 5642 394 5713 citimus,
415 5630 556 5712 repentina
581 5645 664 5698 morte
681 5646 845 5713 praumatus,
869 5641 940 5711 quod
992 5644 1081 5697 minus
1093 5640 1263 5711 apostolicis,
1279 5638 1337 5694 nelo
1347 5639 1464 5709 justitia
1482 5642 1631 5709 pennatus,
1647 5641 1738 5693 missis
1752 5641 1791 5692 le·

139 5734 354 5791 mmrmaniaabat
376 5737 627 5803 incommunicatus,
653 5737 890 5793 incommunicatus
914 5739 940 5789 et
994 5736 1078 5804 petis,
1091 5735 1296 5805 emanirepem
1318 5730 1354 5786 ad
1368 5731 1600 5803 apostolicaesedis
1612 5729 1789 5785 audient-iam.
1852 5758 1858 5763 ·

136 5810 306 5897 mutuatu
315 5814 448 5885 miralia
457 5829 639 5885 subtrabitur.
655 5831 763 5893 Verum,
774 5828 845 5899 quad
855 5831 939 5884 tacete
996 5828 1050 5896 Orci
1062 5828 1206 5884 secundam
1217 5831 1243 5882 et
1254 5826 1364 5884 tertiam
1377 5825 1537 5878 oocmionem
1548 5820 1742 5887 anamulata.
1758 5824 1799 5877 aa
