3884 6158
144 255 199 310 560

673 258 772 316 LlBER
791 259 961 318 SEPTIMUS.
981 289 1016 303 -
1035 263 1139 320 trist.
1160 263 1269 322 xtvttt.

1741 273 1793 328 570

141 378 375 451 praesentandam,
396 379 484 436 solem
497 384 526 436 et
545 380 637 438 lunam
651 382 781 439 omnibus
793 383 854 440 aliis
869 385 940 441 emi·
954 390 981 452 Α
996 387 1098 444 Caetera
1109 404 1170 461 quaa
1183 388 1340 445 dimisimus
1355 405 1404 462 per
1418 390 1574 448 Hubertum
1589 393 1672 449 hlium
1683 402 1709 450 ct
1720 395 1792 452 inda·
1825 388 1829 405 '

142 471 274 529 nentiora
283 471 420 544 disposuit
430 473 587 544 luminaria,
600 475 649 538 sic,
666 492 701 532 ne
710 486 846 547 creatura,
858 495 942 551 quam

143 565 187 622 sui
205 565 360 638 benignitas
383 564 419 622 ad
442 566 592 640 imaginem
610 585 691 625 suam
716 569 743 626 in
765 570 946 631 boemundo

142 666 294 725 marmot,
316 659 343 714 in
367 674 483 716 erronea
501 668 529 716 et
541 660 682 720 mortifera
704 665 861 722 traheretur
874 667 943 739 peri-

143 751 220 819 eula,
245 752 364 825 providit
381 753 411 809 in
432 753 584 825 apostolica
603 764 631 812 et
651 757 722 831 regia
745 757 874 831 dignitate
896 776 943 832 per

141 841 250 901 dhersa
264 854 407 919 regeretur
425 843 527 904 oillcia.
549 850 608 919 Qua
627 856 719 906 mmen
739 852 902 924 majoritatis
916 862 945 909 et

142 937 310 995 minoritatis
324 938 451 996 distantia
463 940 560 1014 religio
574 942 614 998 sic
627 957 656 998 se
670 953 763 1001 movet
777 945 941 1017 Christiana,

143 1039 174 1087 nt
192 1046 261 1088 cura
280 1038 307 1088 et
321 1030 524 1105 dispensatione
543 1036 699 1108 apostalicae
720 1036 862 1111 dignitatis
881 1049 944 1112 post

142 1125 236 1181 mum
249 1125 418 1198 gubernetur
432 1127 516 1200 regia.
532 1127 615 1199 Quod
632 1129 710 1197 licet,
724 1131 762 1187 lili
772 1130 942 1203 charissime,

140 1224 190 1274 tua
201 1233 261 1274 non
274 1219 385 1291 ignoret
400 1220 549 1293 vigilantia,
564 1229 669 1292 tamen,
684 1232 715 1281 ut
728 1241 777 1296 pro
791 1226 876 1283 salute
894 1235 941 1284 tua

143 1309 372 1368 indissolubiliter
383 1313 468 1370 menti
477 1322 534 1370 tuas
543 1315 580 1371 sit
591 1316 743 1387 alligatum,
755 1316 850 1375 divina
861 1327 943 1376 testa·

141 1409 188 1460 tur
204 1405 346 1477 Scriptura
366 1406 544 1479 apostolicam
563 1416 592 1464 et
613 1410 800 1481 pontificalem
824 1411 943 1478 dianiu-

140 1504 199 1553 tem
215 1512 294 1572 reges
308 1498 477 1556 Cirristianos
489 1508 657 1575 caeterosque
670 1519 767 1561 omnes
791 1513 856 1562 ante
872 1506 942 1564 diri-

139 1604 210 1646 num
222 1591 344 1648 tribunal
358 1601 628 1665 repraesentaturam,
644 1604 672 1653 et
690 1613 739 1668 pro
759 1613 857 1656 eorum
878 1601 943 1656 deli·

140 1684 194 1740 etis
208 1685 346 1742 rationem
363 1689 424 1743 Deo
437 1686 615 1744 reddituram.
631 1690 660 1745 Si
676 1705 742 1763 ergo
753 1691 828 1763 insto
840 1692 940 1764 ludici,

997 481 1051 538 lem
1064 498 1242 539 communem
1262 483 1437 540 mandamus.

1031 578 1102 632 Data
1116 578 1229 642 Romae,
1244 584 1341 634 octavo
1357 576 1421 634 ldus
1438 578 1516 644 hlaii,
1532 579 1681 636 indictione
1698 582 1791 642 tertia.

1237 688 1412 744 EPISTOLA
1429 689 1549 745 xxvtt.

1064 809 1291 854 Abscesserunt
1311 813 1400 855 arcis
1417 814 1587 858 snotoaust
1606 817 1725 860 stttuss.

1296 904 1387 966 (huno
1408 905 1500 969 1080.)

996 1011 1084 1067 Monet
1097 1014 1128 1065 ut
1138 1012 1228 1082 patris
1240 1013 1350 1065 monitis
1365 1015 1529 1082 acaumrcct,
1544 1017 1619 1084 eique
1629 1019 1658 1070 in
1670 1017 1792 1072 omnibus

1194 1083 1319 1137 honorem
1330 1082 1461 1138 ecdieens
1476 1085 1595 1142 obediat.

1033 1195 1211 1251 Gunoontus
1224 1194 1379 1266 episcopus,
1394 1211 1489 1251 servus
1501 1210 1642 1253 servorum
1655 1197 1717 1266 Dei,
1731 1201 1791 1256 Ito-

996 1302 1094 1346 nuaro
1109 1287 1166 1343 filio
1179 1287 1249 1360 regis
1262 1287 1428 1361 Anglorum,
1444 1289 1563 1346 salutem
1575 1297 1602 1346 et
1612 1291 1792 1361 apostolicam

995 1380 1225 1438 benedictionem.

1031 1474 1103 1531 Certi
1114 1489 1240 1532 rumores
1259 1490 1371 1532 morum
1385 1484 1513 1544 tuorum,
1526 1485 1555 1534 et
1571 1484 1628 1534 tuae
1641 1477 1795 1550 prudentia

995 1576 1024 1624 et
1040 1567 1219 1640 liberalitatis,
1235 1569 1282 1642 qui
1300 1569 1434 1643 usquead
1452 1586 1503 1626 nos
1524 1579 1715 1643 pervenerunt,
1735 1587 1796 1644 par·

995 1661 1046 1717 hm
1059 1661 1205 1719 dilectione
1219 1670 1362 1734 parentum
1372 1703 1380 1730 ,
1392 1662 1488 1734 partim
1503 1671 1562 1731 tua,
1575 1679 1626 1720 nos
1639 1663 1793 1721 laetificave-

140 1784 169 1834 οἳ
193 1778 243 1850 qui
263 1779 374 1835 mentiri
393 1780 491 1849 nescit,
504 1790 694 1839 mmmmm
712 1785 838 1841 omnium
856 1788 940 1843 Crea-
955 1757 979 1820 Β
994 1763 1068 1811 runt.
1085 1756 1138 1826 Qui
1152 1771 1217 1812 uero
1230 1765 1340 1812 econtra
1358 1755 1544 1827 quorumdam
1559 1773 1707 1829 pravorum
1726 1773 1793 1814 corr·

140 1871 195 1927 tori
208 1872 354 1929 hamando
365 1871 471 1946 judicio
485 1881 586 1930 tasum
596 1885 855 1948 repraesentaturus,
868 1880 942 1953 judi·

138 1962 317 2037 aetdiligens
332 1965 467 2038 sapientia
479 1975 526 2023 tua
542 1984 578 2024 nn
590 1967 707 2026 debeam
722 1971 763 2026 vel
775 1972 881 2044 possim
897 1990 944 2030 sa·

139 2056 191 2114 lati
200 2065 258 2115 tuae
273 2074 328 2115 nan
342 2059 549 2133 diligentissime
561 2077 669 2132 cavere,
682 2072 711 2119 et
725 2072 755 2121 tu
770 2065 839 2122 mihi
854 2066 889 2123 ad
902 2083 944 2123 sa-

141 2149 232 2207 lutem
244 2159 333 2216 tuam,
348 2162 380 2209 ut
394 2153 545 2211 viventium
560 2155 697 2227 possideas
712 2166 826 2225 terram,
843 2159 944 2218 debeas

997 1847 1058 1905 silio
1076 1864 1155 1905 aures
1173 1856 1282 1905 nostras
1305 1850 1533 1915 molestaverunt,
1551 1858 1583 1906 ut
1599 1850 1704 1922 priores
1723 1850 1793 1907 hila·

995 1956 1066 2010 rem,
1079 1942 1120 1998 sic
1140 1941 1241 1998 sinistri
1256 1958 1307 1998 nos
1323 1940 1465 1999 reddidere
1479 1943 1594 1999 tristem.
1616 1946 1697 2000 Nunc
1715 1959 1792 2014 vero,

995 2035 1059 2108 quia
1074 2051 1120 2108 per
1130 2036 1285 2093 liebertum
1300 2036 1385 2093 lilium
1399 2043 1523 2092 nostrum
1536 2036 1692 2094 audivimus
1709 2046 1736 2094 te
1751 2054 1784 2110 pa

996 2128 1080 2184 ternis
1099 2128 1220 2186 consiliis
1233 2129 1415 2199 acquiescere,
1435 2145 1580 2201 pravorum
1595 2145 1660 2186 vero
1677 2131 1793 2188 omnino

138 2243 183 2299 ,ΘΙ
204 2245 296 2316 9055,
318 2245 377 2302 ,ine
396 2261 475 2303 mom
494 2264 550 2304 non
564 2248 683 2307 obedioe‘
707 2252 853 2309 provideas
877 2270 942 2325 ergo
995 2219 1151 2292 dimittere,
1171 2222 1307 2279 laemmur.
1331 2223 1447 2293 insuper
1467 2236 1614 2280 monemus
1636 2232 1665 2279 et
1684 2232 1794 2296 paterne

139 2343 174 2393 nt
196 2353 249 2411 pro
271 2346 299 2394 te
316 2338 481 2396 incessanter
494 2340 611 2410 insistas,
632 2343 655 2399 si
673 2350 701 2399 te
727 2343 824 2418 diligis,
853 2349 942 2404 Deum
995 2330 1150 2387 ‘'mamm'’
1172 2323 1204 2372 ”t
1225 2315 1311 2372 menti
1331 2324 1386 2372 “¹ae
1407 2331 1517 2388 ⁸⁰m1'0'
1536 2317 1573 2373 δὴ
1593 2315 1709 2372 inflmm
1730 2316 1793 2389 ‘³⁰5³

140 2429 944 2508 Mommqugngffibituoquepraeponmh0n013‚ngum
996 2424 1081 2481 quam
1095 2407 1161 2465 lorti
1182 2425 1276 2479 manti,
1297 2424 1380 2482 quam
1399 2409 1535 2482 divulgata
1553 2408 1639 2483 gloria
1660 2408 1793 2482 quidquid

139 2521 247 2581 munda
263 2534 367 2593 mente,
383 2527 449 2583 totis
464 2526 577 2596 viribus,
594 2530 704 2603 integro
722 2532 806 2588 eorde
822 2531 944 2606 diligere.
996 2510 1074 2606 ''af‘'
1094 2509 1159 2580 “¹¹¹9
1173 2502 1313 2574 miden
1330 2503 1363 2607 ‘fb
1378 2519 1425 2558 ⁰¹⁰
1439 2504 1617 2608 mmmmm
1631 2504 1792 2569 mamm

138 2616 231 2676 cm
252 2618 336 2689 mihi,
351 2620 375 2676 εἰ
395 2623 486 2678 mum
502 2637 568 2691 pura
582 2608 741 2690 mentm
761 2625 856 2689 audis,
873 2635 901 2682 a
914 2635 945 2683 ut
994 2609 1083 2650 serens
1104 2603 1244 2650 tamense
1270 2611 1325 2651 non
1337 2612 1365 2650 ιιι
1385 2605 1546 2668 perpetuum
1561 2613 1666 2664 rivere,
1691 2596 1741 2653 sed
1758 2598 1794 2654 ed

138 2711 283 2784 smmum
298 2713 435 2786 praecipit,
459 2714 597 2784 dilexeris,
619 2716 642 2772 si
661 2717 713 2773 Dei
735 2717 884 2790 honorem,
913 2727 945 2777 ut
995 2685 1048 2742 hac
1068 2695 1126 2743 tam
1147 2686 1260 2742 viriliter
1282 2687 1407 2743 insistere
1429 2697 1459 2743 ut
1472 2687 1574 2745 haeredi
1589 2689 1669 2745 alicui
1688 2705 1738 2745 suo
1752 2689 1792 2746 di-

143 2803 244 2872 debes,
261 2805 290 2862 in
301 2805 430 2864 omnibus
445 2816 493 2864 tuo
509 2810 705 2880 praeposueris,
721 2811 767 2882 qui
782 2810 845 2867 flate
858 2813 945 2869 nescit

139 2896 268 2971 diligere,
284 2900 331 2972 qui
351 2907 501 2970 potensest
519 2901 603 2958 etlam
619 2911 646 2958 te
663 2918 833 2974 praeponere,
851 2904 896 2961 hic
917 2913 945 2962 et

139 2991 172 3048 in
183 2991 279 3049 lamro
293 3000 321 3049 te
336 2993 545 3065 amplexabitur,
561 3002 589 3051 et
598 3011 713 3068 regnum
725 3005 806 3053 tuum
818 2998 943 3072 omnipo-

138 3085 210 3142 tenti
229 3101 282 3144 suo
298 3084 411 3143 brachio
428 3087 563 3144 dilatabit.

178 3187 251 3244 Data
264 3190 373 3256 ltomae,
385 3196 482 3245 actam
501 3187 566 3245 ldus
581 3189 664 3258 blaii,
681 3190 830 3250 indictione
850 3194 940 3251 tertia.

389 3327 570 3384 Et‘IsTOLA
588 3329 693 3385 XXVI.

233 3474 275 3517 at>
293 3474 482 3517 usruttnsss
502 3476 648 3519 reclusis
670 3477 853 3521 motorum.

437 3576 528 3649 (Anno
549 3582 639 3644 totio.)

141 3691 212 3762 Ejus
234 3691 317 3761 pidem
335 3694 509 3748 commendat.
529 3696 656 3758 Mrtneru,
678 3710 736 3764 atta
757 3695 846 3765 offert,
865 3698 942 3751 nulla

181 3764 402 3834 cliaseeapetere
412 3768 453 3819 ait
465 3781 547 3834 quam
559 3769 644 3819 uitam
656 3771 767 3829 uastam,
776 3784 866 3822 rerum
877 3783 940 3822 suu·

180 3849 243 3889 rum
259 3837 289 3888 in
300 3851 431 3906 palmares
447 3838 638 3905 macedonem,
652 3843 678 3893 et
688 3841 810 3907 praaimi
822 3839 940 3894 dilectio-

179 3920 250 3961 mm.

179 4027 357 4087 (incantus
368 4030 524 4103 episcopus,
535 4045 632 4087 sersus
645 4046 790 4088 servorum
801 4032 863 4095 Dei,
879 4036 944 4090 bls-

139 4135 253 4179 mtnr
273 4122 377 4195 reginas
394 4123 563 4196 anglorum,
577 4123 695 4181 salutem
715 4131 743 4180 et
758 4126 939 4197 apostolicam

141 4213 375 4272 benedictionem.

178 4309 359 4381 ingenuitatis
369 4317 466 4368 emmas
477 4310 670 4380 lectislitteris,
682 4328 765 4385 quam
778 4310 852 4368 lldeli
863 4327 940 4369 men·

141 4408 172 4457 te
194 4404 257 4458 Deo
284 4401 411 4470 obedias,
439 4412 540 4476 quanta
562 4403 707 4461 dilectione
732 4404 860 4462 fidelibus
885 4405 942 4462 tuis

142 4493 285 4551 adhaereas
301 4495 493 4552 intelleximus.
509 4499 568 4553 Nos
581 4512 691 4569 quoque
710 4497 852 4570 quomado
864 4514 942 4554 men-

143 4587 182 4643 tis
191 4597 247 4644 tuae
261 4589 393 4645 asemona
409 4598 557 4661 praesentes
570 4591 722 4660 contineat,
737 4606 770 4646 ex
785 4589 943 4662 amplitudi-
955 4593 982 4657 D

143 4681 188 4736 nis
200 4688 258 4737 tuse
271 4682 498 4753 promissionibus
511 4699 567 4738 non
577 4683 671 4739 minus
686 4684 869 4756 percipimus,
884 4684 943 4758 qui-

147 4773 200 4830 bus
216 4773 382 4847 designastis
396 4783 428 4833 ut
444 4776 577 4849 quidquid
596 4776 630 4833 de
648 4777 745 4833 vestris
763 4776 903 4844 vellemus,
920 4778 942 4833 si

146 4873 244 4923 notum
255 4867 332 4924 robis
344 4867 432 4937 lieret,
449 4868 507 4924 siue
521 4885 598 4925 mora
615 4869 825 4941 susciperemus.
846 4870 943 4942 Quod,

150 4957 202 5015 lilia
215 4959 394 5028 charissima,
410 4977 463 5034 qua
485 4963 655 5034 suscepimus
672 4960 820 5019 dilectione
837 4972 865 5018 et
880 4979 943 5035 quae

151 5064 258 5109 munem
271 5069 287 5110 a
301 5061 330 5110 te
345 5061 482 5126 aptamus,
496 5054 536 5111 sic
548 5055 690 5128 intelliges.
709 5053 790 5126 Quod
803 5056 878 5111 enim
896 5071 943 5111 au·

153 5156 219 5213 mm,
228 5160 292 5218 quer
300 5161 429 5220 gemma,
440 5163 502 5220 quse
509 5147 607 5204 mundi
617 5147 702 5219 hujus
714 5148 833 5219 pretiosa
844 5147 914 5202 mihi
927 5164 941 5202 a

156 5243 179 5291 te
189 5239 274 5312 magis
287 5248 353 5296 sunt
370 5240 569 5312 exspectanda,
580 5256 664 5312 quam
675 5241 730 5296 vita
744 5247 836 5304 casta,
849 5255 942 5296 rerum

994 2780 1123 2835 mitteret.
1142 2779 1244 2835 Caveas
1256 2795 1333 2852 ergo,
1347 2780 1386 2834 lili
1404 2780 1591 2849 dilectissime,
1604 2780 1793 2848 admonemus,

992 2888 1026 2928 ne
1042 2872 1145 2929 abhinc
1159 2888 1304 2943 pravorum
1324 2872 1445 2929 consiliis
1462 2873 1619 2944 acquiescas
1633 2874 1733 2945 quibus
1751 2890 1795 2947 pa·

997 2972 1069 3021 hem
1084 2963 1209 3021 olicudas
1227 2973 1254 3020 et
1266 2972 1382 3021 matrem
1401 2965 1580 3022 contristeris.
1599 2966 1660 3022 Sint
1678 2966 1726 3022 tibi
1748 2965 1791 3022 in·

996 3058 1192 3115 dissolubiliter
1203 3058 1286 3115 inlisa
1301 3069 1435 3131 praecepta
1456 3067 1483 3114 et
1503 3059 1604 3114 monita
1619 3058 1708 3115 divina
1723 3080 1729 3115 :
1743 3063 1794 3116 ila·

960 3156 982 3220 C
996 3169 1061 3208 nora
1069 3158 1185 3224 putrere,
1197 3157 1223 3208 et
1231 3158 1352 3221 matrem,
1364 3159 1396 3208 ut
1407 3155 1443 3208 sis
1458 3154 1591 3222 hnaaeuus
1602 3159 1791 3223 superterram

1000 3246 1100 3317 (Ecad.
1115 3261 1168 3314 xx3
1184 3249 1260 3302 Dent.
1276 3246 1316 3317 v).
1332 3248 1367 3301 Et
1378 3245 1443 3303 illud
1465 3265 1472 3301 :
1491 3248 1544 3314 Qui
1558 3247 1729 3301 maledixerit
1738 3262 1791 3316 pa-

997 3342 1045 3403 tri,
1060 3340 1102 3394 uel
1114 3341 1209 3407 matri,
1225 3344 1310 3394 morte
1320 3341 1459 3394 meriatur
1479 3339 1578 3411 (saed.
1594 3339 1668 3410 xxi).
1683 3338 1711 3394 Sl
1727 3353 1792 3394 vero

997 3447 1031 3488 ex
1049 3431 1153 3488 honore
1167 3431 1253 3505 patris
1269 3440 1296 3488 et
1310 3432 1407 3515 matris
1422 3432 1528 3504 longior
1546 3431 1597 3488 tibi
1611 3431 1743 3489 tribuitur
1756 3432 1794 3487 ti-

996 3533 1036 3591 ta,
1058 3533 1169 3581 econtra
1183 3525 1205 3580 si
1218 3523 1399 3594 dehonestas,
1415 3527 1479 3597 quid
1492 3525 1639 3592 tribuatur,
1663 3524 1740 3580 liceat
1753 3523 1792 3579 vi·

996 3616 1072 3674 deas.
1094 3618 1123 3674 si
1144 3627 1235 3675 autem
1254 3633 1288 3673 ex
1309 3617 1461 3674 maledictis
1481 3625 1600 3673 mortem
1621 3617 1678 3673 lilio
1697 3615 1791 3689 divina
1884 3680 1888 3685 ,

996 3710 1133 3784 Scriptura
1149 3711 1267 3777 intonat,
1282 3709 1369 3767 multo
1387 3711 1488 3767 certius
1499 3726 1533 3766 ex
1558 3708 1708 3766 malefactis
1732 3725 1791 3766 eer-

995 3804 1094 3860 tiorem
1109 3812 1231 3860 mortem
1244 3803 1370 3860 insinuat.
1382 3803 1454 3876 Quid
1469 3819 1533 3876 ergo
1551 3810 1650 3870 restat,
1664 3803 1687 3859 si
1699 3819 1791 3858 mem·

996 3895 1078 3953 brum
1101 3896 1203 3953 Christi
1224 3895 1264 3952 vis
1281 3896 1371 3953 virere
1385 3898 1453 3952 etin
1474 3894 1579 3952 mundo
1598 3895 1652 3951 isto
1671 3894 1788 3951 honeste

993 3991 1166 4047 conversari?
1178 3993 1327 4046 Pratorum
1338 3989 1453 4046 consilia
1465 4005 1496 4045 er
1508 3987 1599 4046 ollicm
1610 3996 1705 4044 nostro
1722 4004 1793 4060 prae·

994 4083 1109 4157 cipimus
1119 4083 1364 4157 penitusdimittas,
1377 4081 1607 4140 Patrlsroluntati
1622 4082 1648 4137 in
1659 4081 1790 4137 omnibus
1885 4072 1894 4079 “

995 4177 1165 4250 acquiescas.

1030 4275 1102 4328 Data
1115 4272 1224 4339 Romae,
1242 4285 1300 4327 nur
1315 4268 1380 4326 ldus
1391 4267 1463 4336 blaii,
1477 4267 1684 4325 indictionem.

1235 4380 1412 4437 setstotm
1428 4379 1563 4434 xxvttt.

1134 4507 1173 4547 nt>
1192 4504 1366 4548 BPISCOPUM
1388 4501 1649 4545 bsnsvtttttttttttt.

1288 4590 1380 4662 (anno
1402 4589 1491 4662 rasa.)

1000 4702 1064 4761 Vult
1077 4704 1108 4755 ut
1122 4700 1262 4770 parandam
1281 4700 1426 4753 conuictum
1445 4699 1597 4752 hereticum
1618 4698 1748 4769 ecpirirat
1767 4701 1792 4751 ct

1031 4775 1182 4836 escaminetr
1194 4773 1219 4823 si
1230 4772 1426 4839 resipiscentem
1442 4771 1589 4832 inuenerit,
1607 4770 1637 4822 in
1654 4768 1729 4822 trulla
1742 4769 1792 4821 lar-

1030 4860 1091 4898 sum
1104 4843 1227 4896 dimittat
1235 4858 1247 4909 ,·
1256 4843 1299 4895 sin
1316 4843 1413 4897 minus,
1427 4856 1477 4910 per
1492 4841 1680 4910 pendentium
1698 4839 1736 4893 ud
1746 4855 1791 4893 sa·

1030 4930 1093 4969 num
1114 4913 1262 4967 doctrinam
1277 4912 1401 4966 reducere
1418 4916 1509 4977 euret5
1528 4913 1554 4964 si
1571 4911 1745 4972 obstinatum,
1759 4925 1792 4964 ec

1030 4985 1259 5054 archiepiscopatu
1287 4983 1405 5052 aspellat
1424 4989 1508 5052 utque
1534 4981 1590 5049 ejus
1608 4996 1717 5036 mersam
1738 4997 1793 5035 una

1031 5072 1090 5110 eum
1107 5055 1204 5109 abbate
1221 5055 1319 5108 mantis
1341 5053 1649 5122 Cassinietqnibusdam
1664 5053 1792 5122 episcopis

1030 5236 1211 5292 Gasaanms
1224 5233 1382 5306 episcopus,
1397 5247 1492 5289 servus
1505 5247 1649 5289 servorum
1664 5230 1725 5296 Dei,
1737 5229 1794 5287 fra·

157 5333 256 5388 lterum
276 5332 304 5388 in
323 5348 456 5406 pauperes
470 5333 637 5400 distributio,
653 5334 703 5390 Dei
724 5341 752 5389 et
766 5333 884 5406 proximi
898 5329 942 5388 ‹st-
995 5328 1029 5385 tri
1038 5336 1066 5385 et
1077 5328 1240 5400 coepiscopo
1250 5328 1477 5383 Beneventanolt
1481 5365 1667 5384 .......
1678 5324 1792 5380 salutem

160 5416 244 5480 etot
256 5426 326 5482 Haec
340 5434 369 5482 et
382 5425 426 5482 hie
438 5426 538 5482 similia
552 5435 607 5483 ate
623 5441 738 5482 munera
751 5435 896 5499 optamus,
912 5434 944 5482 ut
994 5431 1022 5478 et
1034 5422 1212 5493 apostolicam
1226 5419 1453 5476 benedictionem.

161 5507 250 5590 *vem
264 5526 293 5574 et
306 5517 440 5590 simplicia
459 5518 555 5591 diligas
568 5518 740 5575 nobilitatem
755 5528 831 5576 tuam
849 5534 942 5590 preca-
1031 5514 1205 5572 Fratemitati
1225 5521 1281 5570 tua·
1300 5522 1398 5570 notum
1415 5511 1533 5568 iacimus
1552 5511 1731 5583 presentium
1753 5510 1792 5566 la·

161 5613 220 5677 lter,
245 5607 346 5667 dilecta
370 5609 510 5679 obtineas,
537 5610 630 5667 habita
658 5626 800 5683 nunquam
825 5611 942 5667 derelin-
995 5615 1085 5664 torem
1100 5609 1236 5664 loannem
1256 5606 1463 5679 presbytemm,
1479 5605 1569 5660 virum
1584 5603 1696 5674 quidem
1710 5601 1794 5668 (sicut
1902 5658 1909 5665 ,

161 5707 222 5766 lm.
239 5702 293 5761 His
307 5703 393 5760 ermis
409 5711 437 5761 et
448 5703 584 5761 amitibus
602 5705 693 5761 virum
714 5713 793 5761 tuum
808 5719 941 5773 armare,
995 5716 1029 5758 ex
1044 5699 1213 5772 prolesaion'e
1225 5715 1275 5757 sua
1300 5698 1490 5773 cognovimus)
1504 5695 1700 5758 orthodoxum,
1711 5690 1793 5746 nobis

161 5799 209 5852 ven
228 5798 304 5855 Dans
320 5795 373 5855 tibi
384 5797 616 5870 opportunitatem
630 5796 750 5868 dederit,
763 5813 798 5855 ne
812 5796 939 5855 desistas.
995 5809 1029 5850 ex
1042 5803 1118 5866 parte
1129 5792 1314 5868 synnadensis
1326 5789 1522 5864 archiepiscopi
1533 5784 1793 5853 Armeniiconque·
