3870 6164
138 204 207 260 raso
590 160 795 260 uersuum.
815 231 852 246 -
868 201 1074 262 uouuueum
1096 170 1325 262 caecorum.
1712 204 1781 263 eaeo

134 322 363 394 wormaciensis,
377 326 556 399 nomomensis
573 342 683 402 quoque
706 335 734 385 et
742 329 931 403 constantien·
944 332 971 396 Α
986 329 1091 404 absque
1111 330 1190 388 solita
1201 326 1436 398 reconcilatione,
1453 328 1504 385 etsi
1513 329 1573 402 jam
1585 326 1693 387 dudum
1705 328 1781 403 quod

134 420 174 477 sis
184 420 217 477 de
231 419 407 488 Alemannis,
418 421 481 493 quia
495 420 548 493 ipsi
562 422 689 479 canonica
705 423 866 480 necessitate
878 424 931 479 im·
985 424 1115 498 sacrilege
1128 423 1180 481 sibi
1203 422 1410 480 vendicaverant
1426 419 1617 480 reddidissent.
1638 426 1671 481 ln
1683 423 1782 481 eadem

136 513 219 587 pediti
230 513 323 570 venire
333 529 391 570 uon
413 522 550 587 poterant,
561 531 608 587 per
626 515 791 589 legationem
810 533 889 573 suam
902 533 932 574 se
984 518 1082 575 sinodo
1094 517 1270 592 presbyteris,
1285 516 1454 585 diaconibus,
1464 514 1676 574 subdiaconibus
1685 531 1779 590 perps-

135 616 231 665 sancto
249 608 365 665 concilio
382 618 656 681 repraesentaverunt,
671 626 753 684 seque
776 627 825 684 per
839 612 933 669 ouruia
985 621 1032 669 tua
1041 611 1119 685 juata
1133 612 1243 670 decreta
1254 620 1413 669 sanctorum
1422 619 1532 683 patrum
1542 608 1642 667 indicta
1655 617 1698 667 eet
1710 627 1780 668 oon·

136 702 260 776 ejusdem
289 699 382 760 sinodi
403 703 514 760 statutis
539 719 701 762 assensuros
720 703 931 763 mandaverunt.
984 705 1107 762 boeotia.
1132 708 1203 763 item
1220 714 1356 763 statutum
1380 711 1422 763 est
1443 720 1478 761 ue
1503 703 1561 762 laici
1590 704 1674 776 pallas
1687 704 1781 762 altaris

98 820 100 824 ·
136 801 196 855 Rex
209 797 294 854 etiam
308 798 501 855 lleremauuus
515 814 579 855 cum
593 798 648 856 suis
661 798 829 871 principibus
841 799 932 856 eidem
985 799 1025 855 rel
1038 815 1114 856 sacra
1132 815 1194 856 rasa
1213 799 1385 874 contingant.
1419 801 1501 868 Item,
1524 815 1558 856 ue
1571 797 1632 856 laici
1661 797 1781 856 decimes

135 891 233 949 sinodo
256 890 393 949 interfuit.
416 893 488 949 cum
513 891 598 964 igitur
609 893 795 967 omnesjunte
806 892 933 951 ordinem
984 893 1037 950 sibi
1053 893 1197 950 vendicent
1206 893 1234 950 iu
1249 895 1455 966 proprietatem,
1472 909 1523 951 nec
1537 893 1621 950 otiam
1632 892 1660 950 in
1675 890 1781 949 bened·

136 985 542 1059 suumcomedissontprolata
560 995 624 1044 strnt
638 988 667 1043 in
687 987 809 1046 medium
823 987 932 1046 decreta
985 987 1059 1044 cium
1089 986 1143 1044 nisi
1165 987 1342 1044 concessione
1362 987 1547 1061 legitimorum
1582 1001 1782 1061 possessorum.

137 1089 298 1138 muetorum
325 1083 439 1139 Petrum
465 1077 501 1137 de
527 1080 648 1153 primatu
670 1081 741 1139 sedis
767 1081 931 1155 apostolicae,
985 1084 1055 1138 ltem
1070 1078 1116 1150 ⁴¹²,
1131 1090 1163 1139 ut
1185 1097 1301 1138 verutum
1319 1081 1456 1154 jejunium
1482 1083 1510 1138 in
1523 1082 1610 1155 prima
1629 1080 1782 1154 epdomada

137 1175 211 1248 quod
222 1174 289 1232 nulli
303 1189 425 1247 unquam
444 1173 523 1231 liceat
542 1174 600 1247 ejus
617 1175 754 1248 judicium
774 1185 931 1247 retractare,
985 1175 1212 1248 qttadregesimae,
1222 1175 1349 1234 aesdvum
1363 1175 1393 1232 in
1402 1184 1557 1248 pentecoste
1570 1174 1605 1210 ⁸²⁸
1617 1190 1724 1247 semper
1737 1189 1781 1231 oe·

138 1269 180 1325 vel
194 1268 228 1326 de
248 1266 307 1340 ejus
328 1268 434 1341 judicio
444 1267 583 1341 judicara;
605 1269 680 1341 quod
698 1278 726 1326 et
747 1270 829 1327 totius
844 1268 933 1327 sinodi
986 1270 1118 1327 lebretur.
1133 1272 1214 1338 ltem,
1227 1285 1262 1326 ne
1284 1268 1344 1342 quis
1357 1284 1470 1326 cascum
1483 1269 1523 1326 vel
1540 1284 1590 1325 ova
1615 1267 1741 1326 comedat
1752 1268 1784 1326 in

136 1362 245 1436 publica
262 1359 429 1435 professione
457 1362 599 1419 laudatum
626 1371 653 1419 et
674 1365 865 1421 confirmatum
881 1373 932 1422 est.
985 1363 1199 1437 quadragesima.
1228 1367 1300 1420 item
1322 1363 1437 1420 sinodali
1458 1362 1560 1436 judicio
1583 1362 1745 1420 confirmata
1756 1368 1784 1419 et

137 1456 234 1513 Etboc
244 1457 439 1528 utiquecontra
455 1456 653 1528 heinricianos,
670 1458 717 1529 qui
733 1457 827 1515 fideles
847 1457 934 1516 sancti
986 1457 1096 1515 laudata
1110 1465 1152 1514 est
1164 1456 1301 1514 ordinatio
1312 1456 1405 1514 domni
1419 1456 1577 1515 Gebehardi
1590 1454 1784 1514 Conshntieu·

137 1550 212 1608 Petri
235 1551 422 1623 constringere
443 1551 598 1620 voluerunt,
620 1558 651 1608 ut
672 1552 934 1609 excommunicatio·
987 1552 1025 1608 sis
1038 1550 1168 1624 episcopi,
1193 1552 1281 1608 immo
1303 1551 1466 1624 omniaquae
1491 1548 1783 1624 praefatusscdisapo-

137 1660 204 1702 uem
223 1643 317 1701 domui
339 1658 416 1716 papae
432 1644 556 1715 Gregorii
588 1660 672 1717 super
686 1645 846 1703 Heinricum
869 1662 934 1704 cum
987 1645 1092 1702 stolicae
1113 1646 1229 1718 legatus,
1252 1660 1316 1702 cum
1343 1653 1417 1702 esset
1431 1645 1610 1710 constantiae,
1638 1642 1783 1701 ordinarit.

139 1738 191 1796 illis
200 1745 351 1795 renectere
358 1745 568 1810 praesumerent.
585 1737 704 1809 Quidam
726 1748 820 1797 autem
833 1740 933 1797 Babin·
947 1729 972 1792 B
988 1740 1059 1796 Item
1070 1738 1106 1795 ibi
1118 1746 1196 1796 mota
1209 1748 1252 1797 est
1263 1738 1377 1812 quasue
1398 1742 1489 1807 (lete)
1501 1738 1536 1796 de
1549 1736 1785 1810 consanguinitate

138 1832 278 1906 bergensis
303 1831 430 1902 clericus,
453 1833 568 1889 nomine
588 1833 758 1906 Gumpertus
777 1833 811 1869 ‘¹⁸
832 1839 932 1905 (1347),
987 1833 1072 1906 ipsius
1080 1834 1152 1906 regis
1165 1841 1193 1890 et
1206 1833 1300 1890 uxoris
1311 1847 1378 1902 suae,
1392 1832 1466 1890 uude
1479 1849 1525 1890 rex
1536 1832 1564 1889 in
1578 1831 1665 1890 media
1678 1828 1785 1905 synodo

139 1925 258 1984 Romani
272 1925 408 2000 pondbcis
420 1924 550 1998 primatui
563 1925 696 2000 derogare
712 1928 815 1999 voleus,
832 1928 860 1984 iu
873 1944 935 1986 me·
988 1926 1021 1963 ‘¹⁹
1032 1927 1160 1997 surrexit,
1176 1943 1259 2000 seque
1269 1927 1304 1985 dc
1318 1926 1370 1984 hac
1385 1942 1415 1983 re
1426 1926 1562 2000 judicium
1585 1936 1686 1983 sanctae
1697 1921 1787 1982 sinodi

140 2019 216 2077 diam
233 2019 363 2077 sinodum
377 2035 407 2077 se
425 2020 552 2090 contulit,
570 2036 695 2079 assereus
708 2024 849 2079 Romanos
865 2038 934 2096 pon·
989 2020 1024 2065 ⁴²⁹
1042 2022 1201 2094 peremnia
1224 2021 1433 2079 observaturum
1456 2019 1595 2095 professus
1613 2028 1664 2077 est.
1687 2020 1787 2076 saneta

141 2113 227 2171 tlticcs
241 2114 315 2172 hunc
336 2114 389 2171 sibi
411 2114 558 2187 primatum
572 2116 740 2189 ascripsisse,
756 2131 813 2174 non
826 2115 935 2174 aliunde
989 2123 1083 2174 autem
1104 2114 1218 2173 sinodus
1244 2115 1316 2172 hauc
1336 2131 1449 2173 causam
1463 2114 1491 2171 in
1516 2114 1645 2187 praesenti
1660 2112 1788 2170 canonice

139 2223 300 2266 concessum
311 2208 486 2276 hereditasse,
502 2208 628 2266 videlicet
645 2219 676 2266 ut
687 2210 778 2268 nullus
793 2209 935 2268 decorum
990 2209 1136 2268 examinari
1157 2225 1213 2266 uou
1226 2224 1306 2282 posse
1324 2208 1453 2282 judicarit
1466 2206 1510 2273 ⁸⁸⁰,
1533 2224 1567 2265 eo
1581 2206 1655 2281 quod
1674 2206 1788 2280 legitimi

136 2302 241 2376 judicio
256 2302 380 2376 judicare
391 2302 501 2372 debeat,
512 2306 566 2388 hec
580 2303 618 2360 illi
629 2303 742 2377 alicujus
753 2303 936 2377 judiciosub·
990 2312 1161 2363 accusatores
1173 2318 1232 2360 non
1249 2301 1385 2359 adessent.
1401 2306 1433 2358 lu
1447 2301 1501 2358 ilua
1517 2309 1609 2357 autem
1620 2298 1709 2358 sinodi
1727 2316 1789 2357 seo·

138 2394 257 2469 jaceant.
270 2397 324 2468 Qui
344 2412 407 2454 cum
422 2406 541 2470 apertea
555 2406 612 2455 tota
627 2397 723 2455 sinodo
736 2395 936 2466 confutaretur,
990 2399 1075 2456 tentia
1088 2396 1270 2455 anathematis
1281 2411 1346 2453 cum
1360 2394 1519 2452 ardentibus
1531 2393 1652 2451 candelis
1666 2393 1789 2466 promul·

141 2490 279 2562 praecipue
296 2500 415 2549 mmena
431 2490 553 2563 quodam
579 2491 647 2549 laico
665 2491 806 2549 convictus
832 2499 874 2550 est
890 2505 938 2562 per
991 2503 1054 2567 gata
1067 2502 1110 2550 est
1121 2492 1148 2548 iu
1163 2492 1310 2549 Gibertum
1328 2489 1534 2558 heresiarchen,
1547 2487 1619 2546 sedis
1633 2479 1791 2560 apostolicas

141 2584 415 2656 evangelicum:Noo
430 2590 468 2642 esf
481 2586 630 2656 discipulus
665 2601 746 2656 super
774 2587 939 2655 mapistrum
991 2601 1176 2660 pervasorem,
1192 2593 1220 2639 et
1237 2585 1266 2640 in
1285 2590 1427 2655 apostatas
1449 2583 1542 2639 sancti
1555 2582 1641 2651 Petri,
1663 2583 1793 2655 Ugonem

142 2679 249 2744 (Mottlt.
263 2694 295 2744 x,
318 2683 372 2746 11).
397 2680 468 2736 Cum
482 2679 556 2735 euim
568 2677 622 2736 boc
634 2678 795 2752 generaliter
805 2679 835 2735 io
846 2677 936 2735 omui·
992 2680 1106 2749 Album,
1125 2678 1286 2760 iohannem
1309 2678 1491 2733 Portueusem
1515 2676 1707 2747 exepiscopum
1742 2676 1792 2746 ⁴⁸¹,

142 2772 194 2829 bus
207 2770 389 2830 eclesiasticis
409 2772 548 2830 ordinibus
562 2772 763 2829 observandum
782 2771 939 2844 deputetur,
993 2768 1354 2831 Petrumeroaucellarium.
1370 2770 1440 2826 ltem
1452 2768 1481 2825 in
1496 2766 1710 2825 leomarum⁴³¹
1726 2770 1792 2825 Bre-

142 2865 309 2938 uemejora
332 2865 597 2938 minorejudiectur,
617 2866 680 2939 quis
696 2866 749 2924 boe
762 2865 862 2923 vicario
877 2880 941 2922 san·
994 2883 1129 2937 mensem,
1168 2866 1294 2922 Utonem
1328 2861 1633 2929 Hildinesbeimemem,
1661 2863 1794 2919 ottonem

142 2959 182 3016 cti
209 2959 283 3016 Petri
308 2958 444 3033 denegare
467 2961 577 3032 poterit,
593 2976 677 3034 quem
696 2975 794 3018 omnes
813 2958 940 3017 catholici
994 2961 1245 3030 constantiensem,
1269 2955 1460 3016 burchardum
1479 2955 1657 3023 basilensem,
1684 2957 1796 3012 lionae-

142 3069 194 3126 pro
214 3053 328 3111 domino
346 3062 374 3110 et
396 3053 529 3126 magistro
550 3059 737 3112 venerantur?
754 3057 785 3111 ln
799 3053 942 3112 eademsi·
996 3071 1129 3114 manuum
1149 3055 1309 3128 Spirensem
1328 3049 1562 3124 exepiscopum.
1577 3051 1649 3106 ttem
1663 3048 1693 3105 ln
1706 3049 1796 3106 Weci·

142 3147 218 3204 nodo
231 3145 367 3204 ordinatio
382 3148 530 3205 Wecilouis
540 3149 694 3223 llogoutini
705 3148 850 3218 invasoris,
860 3157 889 3206 et
902 3147 943 3206 Si·
996 3153 1088 3209 lenem
1101 3148 1294 3223 Mogontinum
1314 3160 1498 3219 pervasorem,
1518 3141 1680 3219 sigifredum
1689 3147 1796 3216 Augus·

144 3239 243 3315 gefridi
265 3243 457 3315 augustensis,
478 3253 505 3300 et
519 3244 647 3317 Norperti
677 3243 826 3313 Curiensis,
855 3243 944 3300 immo
997 3254 1114 3313 mosem,
1128 3238 1751 3312 NortbertumCurieusem3inhos,inquam,
1768 3244 1796 3294 et

143 3351 242 3392 omnes
250 3335 434 3394 ordinationes
445 3345 473 3394 et
483 3339 702 3395 consecrationes
722 3336 943 3394 excommunica·
997 3340 1026 3396 iu
1052 3352 1151 3395 omues
1171 3350 1269 3392 corum
1291 3333 1439 3406 complices
1467 3331 1631 3390 inevitabilis
1660 3330 1796 3389 sententia

144 3435 239 3487 torum
259 3430 367 3502 penitus
392 3429 618 3503 irritaejudicatae
643 3439 717 3498 suut,
730 3431 809 3503 iuxta
835 3429 942 3488 decreta
997 3429 1177 3490 anathematis
1195 3428 1366 3501 promulgata
1381 3435 1423 3484 est
1437 3431 1539 3495 (1³49).
1569 3425 1623 3482 Sed
1648 3424 1676 3481 bi
1699 3438 1797 3482 omnes

145 3531 304 3582 sauctorum
330 3533 441 3598 patrum
473 3524 626 3581 innocentii
651 3523 695 3591 ⁴²⁰,
722 3524 822 3580 Leonis
850 3521 942 3596 primi.
997 3523 1145 3583 adversarii
1159 3522 1289 3579 aecclesiae
1303 3521 1401 3578 Delia
1423 3521 1617 3587 scotaneto)
1641 3517 1796 3592 epdomada

145 3619 258 3693 Pelagii,
274 3627 356 3692 atque
364 3618 424 3692 ejus
441 3617 607 3674 successoris
627 3613 754 3691 Gregorii
768 3616 858 3690 primi.
872 3618 960 3698 ltem·
998 3626 1060 3692 post
1081 3617 1186 3674 finitam
1198 3616 1341 3682 sinodum,
1366 3629 1444 3672 suam
1460 3613 1610 3687 Moguutita
1631 3612 1799 3686 collegerunt

146 3712 358 3784 sectapraedicti
369 3711 521 3768 Wecilouis
534 3711 646 3785 ejusque
661 3713 798 3769 sociorum
810 3710 861 3767 sub
877 3725 942 3767 aua·
997 3729 1054 3771 non
1072 3711 1198 3769 sinodum
1221 3719 1264 3767 set
1289 3708 1514 3777 conciliabulum,
1528 3707 1556 3763 in
1585 3721 1642 3781 quo
1663 3705 1798 3764 umbrati-

144 3803 271 3862 themate
283 3804 413 3861 damnata
435 3815 488 3872 ast,
514 3820 575 3876 quae
595 3805 840 3863 asseritseculares
862 3803 945 3861 rebus
998 3808 1051 3865 lem
1070 3806 1237 3864 senteutiam
1260 3802 1555 3862 excommunicatioms
1584 3809 1678 3858 contra
1705 3799 1799 3860 fideles

145 3897 208 3956 suis
230 3898 379 3976 expoliatos
394 3899 566 3956 aeclesiastico
591 3916 648 3956 nou
669 3899 807 3972 subjacere
829 3896 944 3971 judicio,
997 3899 1081 3958 sancti
1096 3899 1170 3957 Petri
1182 3898 1429 3973 deprompseruut3
1447 3893 1799 3969 utputcnequaquamillos

146 4007 201 4048 nec
214 3993 446 4049 excommunicari
455 4008 535 4065 posse
550 4008 599 4064 pro
613 3994 669 4051 suis
687 3992 857 4058 sucessibum
869 4005 944 4065 quae·
998 3993 1236 4052 excommunicare
1259 3991 1389 4061 valentes,
1404 3997 1446 4047 set
1460 3989 1632 4062 apertissime
1651 4004 1681 4046 se
1693 3989 1768 4061 ipsos
1783 4003 1798 4044 a

147 4100 203 4158 que
223 4086 477 4144 excommunicatos
497 4087 601 4159 absque
622 4085 837 4144 reconciliatione
860 4081 944 4155 recipi
999 4088 1194 4146 communione
1216 4084 1416 4142 catholicorum
1437 4089 1648 4155 sequestrantes,
1681 4088 1713 4136 ut
1743 4092 1799 4135 non

149 4194 232 4252 posse
250 4179 400 4237 contendit.
414 4181 556 4238 statutum
570 4188 613 4237 est
627 4190 722 4238 autem
731 4179 768 4236 ibi
778 4186 810 4235 ut
818 4177 944 4251 quicum·
999 4178 1217 4252 tautumjudicio
1232 4187 1335 4234 sanctae
1350 4175 1481 4245 ecclesiae,
1504 4172 1553 4230 sed
1577 4180 1605 4229 et
1628 4169 1738 4244 proprio
1755 4184 1800 4226 co·

149 4289 205 4347 que
219 4272 394 4348 abepiscopo
408 4290 469 4345 suo,
494 4291 545 4333 uec
566 4273 659 4332 ofdcio
673 4290 726 4332 nec
752 4270 946 4332 commuuione
998 4290 1062 4333 rum
1083 4271 1200 4346 judicio,
1213 4271 1283 4327 sicut
1308 4272 1405 4326 omues
1428 4267 1581 4335 heretici,a
1598 4264 1740 4322 catholicis
1754 4279 1798 4321 ss·

147 4367 527 4440 privato,exoommuuicatus
539 4368 671 4427 essetetsi
682 4366 945 4442 iujusteuullatauus
999 4375 1061 4426 seut
1074 4365 1202 4439 separati.
1219 4364 1303 4421 Sedes
1317 4377 1428 4435 quoque
1440 4359 1640 4418 catholicorum
1654 4358 1800 4432 episcopo·

148 4466 243 4517 minen
256 4461 425 4533 reciperetur
435 4461 469 4520 ad
481 4463 715 4533 communionem,
736 4461 789 4519 nisi
805 4459 946 4518 absolutus
961 4469 988 4537 1)
1003 4478 1066 4520 mm
1079 4458 1232 4518 viventium
1244 4455 1394 4515 temeraria
1407 4453 1551 4528 cupiditate
1565 4451 1649 4509 cecati
1664 4451 1719 4509 sibi
1732 4466 1800 4508 reu·

148 4553 326 4612 aeclesiastico
341 4571 430 4613 more.
438 4556 569 4614 Similiter
581 4565 609 4614 et
616 4572 667 4631 pro
684 4552 826 4631 sacrilegio
842 4569 955 4614 excom·
1006 4556 1100 4615 dicare
1113 4571 1169 4612 uon
1182 4553 1342 4610 timuerunt.
1364 4552 1439 4607 Deus
1452 4556 1547 4606 autem
1560 4545 1732 4619 omnipotem
1744 4544 1800 4604 suis

148 4648 304 4707 manicatos
320 4648 440 4708 decrerit
460 4659 554 4710 sancta
570 4651 683 4710 sinodus
705 4669 763 4710 uon
780 4653 955 4726 recipiendos
1007 4650 1136 4709 fidelibus
1146 4665 1193 4722 per
1204 4663 1234 4704 se
1247 4647 1339 4720 ipsum
1357 4641 1482 4702 auxiliari
1490 4657 1547 4699 nou
1560 4640 1686 4711 cessarit,
1706 4655 1799 4699 suunt·

799 4780 920 4837 venre
941 4743 1150 4837 sectiones.

189 4892 224 4944 θ’
245 4915 274 4955 n.
289 4911 315 4974 g.
339 4914 425 4975 supro
452 4900 554 4960 liceum
576 4908 600 4960 1.
619 4900 654 4939 ⁸¹⁸
667 4901 788 4960 deeset.
804 4899 838 4938 ⁸¹⁷
861 4904 916 4962 ltoec
938 4903 1071 4963 sentenia
1084 4901 1115 4959 lo
1135 4897 1188 4957 loeo
1208 4912 1271 4957 roso
1299 4899 1326 4954 1.
1347 4890 1382 4932 ⁸¹⁸
1394 4899 1571 4969 pentecosten
1594 4893 1634 4951 fl.
1658 4891 1746 4950 u’itu
1773 4891 1798 4948 la

151 4964 186 5005 ⁸³⁰
200 4969 285 5043 dijud.
302 4979 328 5030 2.
338 4974 372 5018 ⁴⁸¹
389 4974 548 5048 episcopum
567 4980 592 5032 ².
605 4974 639 5012 ⁸⁸¹
649 4977 817 5035 'leomarum
830 4978 870 5034 tl.
885 4975 920 5016 ⁸⁸³
932 4976 1074 5050 episcopos
1083 4979 1109 5031 1.

905 5078 1020 5152 110111

187 5208 280 5274 (test)
291 5204 347 5262 etit
361 5207 542 5266 cutuibettum
555 5218 665 5268 vocant.
677 5211 750 5269 Usa·
1000 5220 1048 5280 pro
1063 5219 1139 5262 more
1158 5201 1240 5275 hujus
1257 5206 1313 5258 ιειιι
1350 5198 1392 5258 tis
1398 5196 1575 5258 matrimonio
1588 5207 1676 5268 usque
1694 5192 1730 5251 ad
1743 5203 1799 5268 sap

189 5277 282 5347 (1³48)
296 5279 404 5336 De'hoc
424 5281 480 5354 agit
493 5282 658 5351 Venerione,
672 5297 754 5355 quem
776 5277 821 5339 elii
834 5275 948 5339 Walra·
1000 5279 1100 5336 timum
1110 5274 1225 5349 gradum
1238 5273 1316 5330 obsta
1351 5274 1446 5332 tUss

150 5358 232 5405 nrum
247 5364 294 5406 seu
309 5350 492 5418 Waltramum
518 5353 774 5437 Naumburgeusem
788 5353 949 5480 episcopum
1038 5353 1129 5417 (tete)
1144 5345 1263 5404 Nomina
1278 5359 1374 5402 eorum
1386 5344 1433 5418 qui
1453 5338 1558 5415 synodo
1571 5342 1621 5393 aut
1674 5349 1689 5391 r
1712 5350 1743 5394 se
1753 5345 1801 5395 aut

152 5433 213 5477 esse
233 5420 339 5477 volunt.
354 5423 475 5480 Uxorem
498 5424 651 5481 Hermaam
672 5439 701 5495 rs
720 5426 742 5482 is
757 5425 800 5482 alii
824 5423 952 5484 Adchei·
1004 5417 1404 5494 perlegatossubscripserttnt,
1419 5414 1555 5472 habentur
1568 5420 1611 5482 ap.
1652 5421 1712 5467 anst
1731 5410 1801 5480 XX,

153 5489 218 5547 dem
238 5490 345 5561 dicunt,
365 5493 448 5551 filiam
462 5495 575 5554 Otsouis
593 5496 628 5554 de
656 5441 826 5554 Orffimunda
844 5495 952 5554 Misniae
1005 5497 1067 5550 609.
1414 5556 1429 5571 ..
1564 5549 1571 5565 ‚
1659 5550 1686 5564 ..
1794 5542 1800 5560 ‚

154 5561 320 5620 marchionis
334 5580 366 5621 ex
396 5565 491 5635 adela,
506 5582 568 5639 qua
589 5573 693 5638 patrem
708 5565 804 5624 babuit
822 5567 951 5624 lamber-
1043 5565 1131 5635 (teto)
1154 5560 1326 5620 Waltramus
1338 5566 1367 5616 et
1385 5557 1429 5614 ala
1448 5551 1571 5611 nonnulli
1589 5548 1800 5619 conotlrabulum

153 5639 215 5689 tum
232 5636 257 5689 ll
271 5636 401 5692 comitem
426 5639 638 5704 Lovaniensem,
650 5644 769 5695 matrem
782 5654 846 5695 vero
860 5641 951 5696 odam
1005 5635 1058 5692 hoo
1085 5635 1201 5692 secunde
1222 5630 1396 5691 hebdomada
1433 5632 1495 5698 post
1511 5621 1616 5708 l’ascha
1638 5626 1669 5706 d.¹
1688 5628 1721 5678 stt
1735 5625 1802 5750 Aget

155 5703 312 5764 Gotbelinis
332 5708 427 5780 magni
449 5708 638 5782 Lotbariugiae
662 5709 740 5766 ducis
758 5709 854 5778 filiam,
868 5708 954 5766 uude
1008 5715 1100 5762 actum
1113 5708 1216 5763 volttnt.
1230 5704 1297 5777 Ejus
1310 5704 1439 5782 coemes
1452 5696 1532 5753 rarlrs
1544 5692 1724 5787 scriptoribus
1745 5692 1761 5750 t
1780 5693 1804 5748 l·

152 5773 226 5834 forte
239 5775 292 5836 ista
304 5780 524 5853 consanguinitas
541 5792 590 5838 seu
612 5778 732 5839 affinitas
749 5789 809 5839 orta
823 5787 875 5848 est,
891 5790 953 5853 qute
1009 5779 1076 5835 locta
1102 5775 1237 5836 habentur
1252 5787 1297 5847 apt
1314 5774 1403 5831 Manu
1426 5769 1495 5838 XX,
1523 5768 1584 5825 tlt.
1611 5766 1678 5825 Ues.
