<?xml version="1.0" encoding="UTF-8"?>
<!DOCTYPE html PUBLIC "-//W3C//DTD XHTML 1.0 Transitional//EN"
    "http://www.w3.org/TR/xhtml1/DTD/xhtml1-transitional.dtd">
<html xmlns="http://www.w3.org/1999/xhtml" xml:lang="en" lang="en">
 <head>
  <title>
</title>
<meta http-equiv="Content-Type" content="text/html;charset=utf-8" />
  <meta name='ocr-system' content='tesseract 3.04.00' />
  <meta name='ocr-capabilities' content='ocr_page ocr_carea ocr_par ocr_line ocrx_word'/>
</head>
<body>
  <div class='ocr_page' id='page_1' title='image "./lta-11000/patrologiaecurs02unkngoog/patrologiaecurs02unkngoog_0551.png"; bbox 0 0 3870 6164; ppageno 0'>
   <div class='ocr_carea' id='block_1_1' title="bbox 136 214 1781 306">
    <p class='ocr_par' dir='ltr' id='par_1_1' title="bbox 136 214 1781 306">
     <span class='ocr_line' id='line_1_1' title="bbox 136 214 1781 306; baseline 0.009 -14"><span class='ocrx_word' id='word_1_1' title='bbox 136 237 229 303; x_wconf 82' lang='lat' dir='ltr'>soor</span> <span class='ocrx_word' id='word_1_2' title='bbox 344 214 347 221; x_wconf 83' lang='lat'>&#39;</span> <span class='ocrx_word' id='word_1_3' title='bbox 590 236 734 294; x_wconf 78' lang='lat' dir='ltr'>seruus.</span> <span class='ocrx_word' id='word_1_4' title='bbox 754 237 798 293; x_wconf 89' lang='grc' dir='ltr'>ιι.</span> <span class='ocrx_word' id='word_1_5' title='bbox 817 266 851 279; x_wconf 85' lang='grc'>-</span> <span class='ocrx_word' id='word_1_6' title='bbox 869 236 1078 297; x_wconf 85' lang='lat' dir='ltr'>nouuusnrl</span> <span class='ocrx_word' id='word_1_7' title='bbox 1096 241 1326 300; x_wconf 80' lang='lat' dir='ltr'>sarcasmus.</span> <span class='ocrx_word' id='word_1_8' title='bbox 1712 251 1781 306; x_wconf 85' lang='lat' dir='ltr'>roos</span> 
     </span>
    </p>
   </div>
   <div class='ocr_carea' id='block_1_2' title="bbox 88 359 1852 5917">
    <p class='ocr_par' dir='ltr' id='par_1_2' title="bbox 88 359 1852 5917">
     <span class='ocr_line' id='line_1_2' title="bbox 132 359 1782 449; baseline 0.01 -32"><span class='ocrx_word' id='word_1_9' title='bbox 132 359 188 417; x_wconf 91' lang='lat' dir='ltr'>boo</span> <span class='ocrx_word' id='word_1_10' title='bbox 211 359 329 432; x_wconf 89' lang='lat' dir='ltr'>probare</span> <span class='ocrx_word' id='word_1_11' title='bbox 340 360 464 433; x_wconf 89' lang='lat' dir='ltr'>potuisti,</span> <span class='ocrx_word' id='word_1_12' title='bbox 477 367 553 418; x_wconf 90' lang='lat' dir='ltr'>uteo</span> <span class='ocrx_word' id='word_1_13' title='bbox 566 369 678 435; x_wconf 86' lang='lat' dir='ltr'>recepto</span> <span class='ocrx_word' id='word_1_14' title='bbox 690 360 760 419; x_wconf 91' lang='lat' dir='ltr'>nibil</span> <span class='ocrx_word' id='word_1_15' title='bbox 774 376 789 418; x_wconf 88' lang='lat' dir='ltr'>a</span> <span class='ocrx_word' id='word_1_16' title='bbox 801 376 868 421; x_wconf 88' lang='lat' dir='ltr'>sana</span> <span class='ocrx_word' id='word_1_17' title='bbox 882 361 933 422; x_wconf 93' lang='lat' dir='ltr'>do-</span> <span class='ocrx_word' id='word_1_18' title='bbox 946 368 974 433; x_wconf 79' lang='grc' dir='ltr'><strong>Α</strong></span> <span class='ocrx_word' id='word_1_19' title='bbox 987 365 1155 424; x_wconf 81' lang='lat' dir='ltr'><strong>cohabitatio</strong></span> <span class='ocrx_word' id='word_1_20' title='bbox 1168 369 1345 427; x_wconf 71' lang='lat' dir='ltr'>sacerdotum</span> <span class='ocrx_word' id='word_1_21' title='bbox 1354 384 1419 429; x_wconf 91' lang='lat' dir='ltr'>cum</span> <span class='ocrx_word' id='word_1_22' title='bbox 1440 369 1560 442; x_wconf 88' lang='lat' dir='ltr'>feminis,</span> <span class='ocrx_word' id='word_1_23' title='bbox 1580 380 1608 430; x_wconf 90' lang='lat' dir='ltr'>et</span> <span class='ocrx_word' id='word_1_24' title='bbox 1617 375 1782 449; x_wconf 81' lang='lat' dir='ltr'>emptaque</span> 
     </span>
     <span class='ocr_line' id='line_1_3' title="bbox 134 453 1783 528; baseline 0.01 -16"><span class='ocrx_word' id='word_1_25' title='bbox 134 454 225 513; x_wconf 86' lang='lat' dir='ltr'>ctrina</span> <span class='ocrx_word' id='word_1_26' title='bbox 245 453 392 513; x_wconf 76' lang='lat' dir='ltr'>deviasses.</span> <span class='ocrx_word' id='word_1_27' title='bbox 986 462 1069 519; x_wconf 89' lang='lat' dir='ltr'>sacris</span> <span class='ocrx_word' id='word_1_28' title='bbox 1091 463 1243 521; x_wconf 89' lang='lat' dir='ltr'>canonibus</span> <span class='ocrx_word' id='word_1_29' title='bbox 1264 463 1445 523; x_wconf 79' lang='lat' dir='ltr'>adversantur</span> <span class='ocrx_word' id='word_1_30' title='bbox 1465 464 1516 524; x_wconf 88' lang='lat' dir='ltr'>sub</span> <span class='ocrx_word' id='word_1_31' title='bbox 1537 468 1651 525; x_wconf 81' lang='lat' dir='ltr'>terribili</span> <span class='ocrx_word' id='word_1_32' title='bbox 1671 469 1783 528; x_wconf 84' lang='lat' dir='ltr'>anathe-</span> 
     </span>
     <span class='ocr_line' id='line_1_4' title="bbox 171 547 1259 626; baseline 0.009 -20"><span class='ocrx_word' id='word_1_33' title='bbox 171 548 413 607; x_wconf 82' lang='lat' dir='ltr'>Absurdissimum</span> <span class='ocrx_word' id='word_1_34' title='bbox 428 558 520 607; x_wconf 89' lang='lat' dir='ltr'>autem</span> <span class='ocrx_word' id='word_1_35' title='bbox 541 550 650 608; x_wconf 85' lang='lat' dir='ltr'>videtur</span> <span class='ocrx_word' id='word_1_36' title='bbox 670 550 746 625; x_wconf 89' lang='lat' dir='ltr'>qnod</span> <span class='ocrx_word' id='word_1_37' title='bbox 772 551 891 626; x_wconf 79' lang='lat' dir='ltr'>denegas</span> <span class='ocrx_word' id='word_1_38' title='bbox 904 561 931 611; x_wconf 90' lang='lat' dir='ltr'>te</span> <span class='ocrx_word' id='word_1_39' title='bbox 986 564 1060 613; x_wconf 88' lang='lat' dir='ltr'>mate</span> <span class='ocrx_word' id='word_1_40' title='bbox 1083 547 1259 616; x_wconf 90' lang='lat' dir='ltr'>damnantur.</span> 
     </span>
     <span class='ocr_line' id='line_1_5' title="bbox 133 644 1782 730; baseline 0.007 -27"><span class='ocrx_word' id='word_1_41' title='bbox 133 644 239 719; x_wconf 77' lang='lat' dir='ltr'>alimrid</span> <span class='ocrx_word' id='word_1_42' title='bbox 259 645 378 718; x_wconf 89' lang='lat' dir='ltr'>perversi</span> <span class='ocrx_word' id='word_1_43' title='bbox 402 645 453 702; x_wconf 89' lang='lat' dir='ltr'>snb</span> <span class='ocrx_word' id='word_1_44' title='bbox 473 645 571 703; x_wconf 91' lang='lat' dir='ltr'>codem</span> <span class='ocrx_word' id='word_1_45' title='bbox 584 645 702 720; x_wconf 90' lang='lat' dir='ltr'>capitulo</span> <span class='ocrx_word' id='word_1_46' title='bbox 719 646 931 722; x_wconf 77' lang='lat' dir='ltr'>dogmatizasse,</span> <span class='ocrx_word' id='word_1_47' title='bbox 1021 652 1089 708; x_wconf 86' lang='lat' dir='ltr'>Hscc</span> <span class='ocrx_word' id='word_1_48' title='bbox 1099 652 1184 725; x_wconf 91' lang='lat' dir='ltr'>igitur</span> <span class='ocrx_word' id='word_1_49' title='bbox 1198 653 1221 709; x_wconf 90' lang='lat' dir='ltr'>si</span> <span class='ocrx_word' id='word_1_50' title='bbox 1235 662 1264 710; x_wconf 90' lang='lat' dir='ltr'>tu</span> <span class='ocrx_word' id='word_1_51' title='bbox 1279 652 1397 712; x_wconf 82' lang='lat' dir='ltr'>fideliter</span> <span class='ocrx_word' id='word_1_52' title='bbox 1410 655 1582 724; x_wconf 89' lang='lat' dir='ltr'>attendisses,</span> <span class='ocrx_word' id='word_1_53' title='bbox 1596 672 1739 730; x_wconf 80' lang='lat' dir='ltr'>nunquam</span> <span class='ocrx_word' id='word_1_54' title='bbox 1755 659 1782 714; x_wconf 90' lang='lat' dir='ltr'>in</span> 
     </span>
     <span class='ocr_line' id='line_1_6' title="bbox 134 738 1783 822; baseline 0.006 -26"><span class='ocrx_word' id='word_1_55' title='bbox 134 755 200 797; x_wconf 87' lang='lat' dir='ltr'>curn</span> <span class='ocrx_word' id='word_1_56' title='bbox 210 738 377 812; x_wconf 86' lang='lat' dir='ltr'>jamdudum</span> <span class='ocrx_word' id='word_1_57' title='bbox 387 755 457 797; x_wconf 79' lang='lat' dir='ltr'>meae</span> <span class='ocrx_word' id='word_1_58' title='bbox 471 739 570 798; x_wconf 78' lang='lat' dir='ltr'>litterar</span> <span class='ocrx_word' id='word_1_59' title='bbox 584 739 759 814; x_wconf 91' lang='lat' dir='ltr'>idemipsum</span> <span class='ocrx_word' id='word_1_60' title='bbox 779 751 863 816; x_wconf 92' lang='lat' dir='ltr'>caput</span> <span class='ocrx_word' id='word_1_61' title='bbox 876 750 933 799; x_wconf 88' lang='lat' dir='ltr'>tam</span> <span class='ocrx_word' id='word_1_62' title='bbox 986 744 1028 801; x_wconf 91' lang='lat' dir='ltr'>tui</span> <span class='ocrx_word' id='word_1_63' title='bbox 1046 745 1198 817; x_wconf 92' lang='lat' dir='ltr'>periculum</span> <span class='ocrx_word' id='word_1_64' title='bbox 1212 746 1319 805; x_wconf 91' lang='lat' dir='ltr'>domini</span> <span class='ocrx_word' id='word_1_65' title='bbox 1328 749 1473 822; x_wconf 89' lang='lat' dir='ltr'>apostolici</span> <span class='ocrx_word' id='word_1_66' title='bbox 1488 751 1652 808; x_wconf 89' lang='lat' dir='ltr'>sententiam</span> <span class='ocrx_word' id='word_1_67' title='bbox 1665 751 1783 808; x_wconf 89' lang='lat' dir='ltr'>nimium</span> 
     </span>
     <span class='ocr_line' id='line_1_7' title="bbox 135 832 1782 917; baseline 0.007 -28"><span class='ocrx_word' id='word_1_68' title='bbox 135 832 361 907; x_wconf 87' lang='lat' dir='ltr'>irrefragabiliter</span> <span class='ocrx_word' id='word_1_69' title='bbox 369 834 543 907; x_wconf 87' lang='lat' dir='ltr'>probaverint</span> <span class='ocrx_word' id='word_1_70' title='bbox 551 850 723 909; x_wconf 88' lang='lat' dir='ltr'>perversum,</span> <span class='ocrx_word' id='word_1_71' title='bbox 734 836 835 910; x_wconf 85' lang='lat' dir='ltr'>quippe</span> <span class='ocrx_word' id='word_1_72' title='bbox 847 840 933 895; x_wconf 82' lang='lat' dir='ltr'>Evan-</span> <span class='ocrx_word' id='word_1_73' title='bbox 986 839 1130 897; x_wconf 88' lang='lat' dir='ltr'>temerarie</span> <span class='ocrx_word' id='word_1_74' title='bbox 1154 856 1277 899; x_wconf 86' lang='lat' dir='ltr'>vocasses</span> <span class='ocrx_word' id='word_1_75' title='bbox 1289 843 1475 914; x_wconf 80' lang='lat' dir='ltr'>temerariam,</span> <span class='ocrx_word' id='word_1_76' title='bbox 1490 859 1552 917; x_wconf 76' lang='lat' dir='ltr'>que</span> <span class='ocrx_word' id='word_1_77' title='bbox 1566 853 1676 902; x_wconf 90' lang='lat' dir='ltr'>tantum</span> <span class='ocrx_word' id='word_1_78' title='bbox 1690 845 1782 903; x_wconf 91' lang='lat' dir='ltr'>simo·</span> 
     </span>
     <span class='ocr_line' id='line_1_8' title="bbox 135 928 1782 1012; baseline 0.007 -26"><span class='ocrx_word' id='word_1_79' title='bbox 135 928 240 1004; x_wconf 89' lang='lat' dir='ltr'>gelicis,</span> <span class='ocrx_word' id='word_1_80' title='bbox 255 937 283 986; x_wconf 90' lang='lat' dir='ltr'>et</span> <span class='ocrx_word' id='word_1_81' title='bbox 297 929 454 1003; x_wconf 89' lang='lat' dir='ltr'>apostolicis</span> <span class='ocrx_word' id='word_1_82' title='bbox 466 930 667 1005; x_wconf 83' lang='lat' dir='ltr'>scriptisatque</span> <span class='ocrx_word' id='word_1_83' title='bbox 684 932 733 989; x_wconf 89' lang='lat' dir='ltr'>ss.</span> <span class='ocrx_word' id='word_1_84' title='bbox 747 931 861 990; x_wconf 86' lang='lat' dir='ltr'>Petrum</span> <span class='ocrx_word' id='word_1_85' title='bbox 875 941 934 989; x_wconf 85' lang='lat' dir='ltr'>sta-</span> <span class='ocrx_word' id='word_1_86' title='bbox 987 933 1081 991; x_wconf 90' lang='lat' dir='ltr'>niacos</span> <span class='ocrx_word' id='word_1_87' title='bbox 1106 941 1134 990; x_wconf 90' lang='lat' dir='ltr'>et</span> <span class='ocrx_word' id='word_1_88' title='bbox 1154 934 1357 994; x_wconf 89' lang='lat' dir='ltr'>incontinentes</span> <span class='ocrx_word' id='word_1_89' title='bbox 1388 938 1561 1011; x_wconf 82' lang='lat' dir='ltr'>presbyteros</span> <span class='ocrx_word' id='word_1_90' title='bbox 1586 956 1601 996; x_wconf 89' lang='grc' dir='ltr'>ι</span> <span class='ocrx_word' id='word_1_91' title='bbox 1629 939 1782 1012; x_wconf 90' lang='lat' dir='ltr'>pernicioso</span> 
     </span>
     <span class='ocr_line' id='line_1_9' title="bbox 135 1022 1784 1107; baseline 0.005 -26"><span class='ocrx_word' id='word_1_92' title='bbox 135 1022 203 1081; x_wconf 87' lang='lat' dir='ltr'>tntis</span> <span class='ocrx_word' id='word_1_93' title='bbox 225 1022 383 1080; x_wconf 88' lang='lat' dir='ltr'>adversum.</span> <span class='ocrx_word' id='word_1_94' title='bbox 396 1024 508 1081; x_wconf 82' lang='lat' dir='ltr'>Frustra</span> <span class='ocrx_word' id='word_1_95' title='bbox 524 1040 590 1097; x_wconf 92' lang='lat' dir='ltr'>ergo</span> <span class='ocrx_word' id='word_1_96' title='bbox 603 1025 761 1099; x_wconf 85' lang='lat' dir='ltr'>protestaris</span> <span class='ocrx_word' id='word_1_97' title='bbox 776 1025 849 1098; x_wconf 88' lang='lat' dir='ltr'>qnod</span> <span class='ocrx_word' id='word_1_98' title='bbox 871 1025 933 1082; x_wconf 93' lang='lat' dir='ltr'>nul·</span> <span class='ocrx_word' id='word_1_99' title='bbox 986 1026 1038 1084; x_wconf 90' lang='lat' dir='ltr'>sibi</span> <span class='ocrx_word' id='word_1_100' title='bbox 1058 1025 1151 1086; x_wconf 87' lang='lat' dir='ltr'>officio</span> <span class='ocrx_word' id='word_1_101' title='bbox 1165 1027 1316 1087; x_wconf 90' lang='lat' dir='ltr'>clementer</span> <span class='ocrx_word' id='word_1_102' title='bbox 1326 1040 1476 1104; x_wconf 87' lang='lat' dir='ltr'>separarat,</span> <span class='ocrx_word' id='word_1_103' title='bbox 1491 1048 1563 1106; x_wconf 86' lang='lat' dir='ltr'>qnos</span> <span class='ocrx_word' id='word_1_104' title='bbox 1582 1034 1611 1090; x_wconf 89' lang='lat' dir='ltr'>S.</span> <span class='ocrx_word' id='word_1_105' title='bbox 1634 1034 1784 1107; x_wconf 79' lang='lat' dir='ltr'>Gregorius</span> 
     </span>
     <span class='ocr_line' id='line_1_10' title="bbox 134 1115 1784 1197; baseline 0.005 -22"><span class='ocrx_word' id='word_1_106' title='bbox 134 1119 180 1176; x_wconf 90' lang='lat' dir='ltr'>lus</span> <span class='ocrx_word' id='word_1_107' title='bbox 193 1125 221 1175; x_wconf 91' lang='lat' dir='ltr'>te</span> <span class='ocrx_word' id='word_1_108' title='bbox 237 1115 426 1177; x_wconf 90' lang='lat' dir='ltr'>sacerdotibus</span> <span class='ocrx_word' id='word_1_109' title='bbox 439 1134 539 1177; x_wconf 86' lang='lat' dir='ltr'>uxores</span> <span class='ocrx_word' id='word_1_110' title='bbox 559 1117 712 1177; x_wconf 88' lang='lat' dir='ltr'>concedere</span> <span class='ocrx_word' id='word_1_111' title='bbox 733 1135 858 1194; x_wconf 87' lang='lat' dir='ltr'>unquam</span> <span class='ocrx_word' id='word_1_112' title='bbox 882 1136 934 1178; x_wconf 91' lang='lat' dir='ltr'>an·</span> <span class='ocrx_word' id='word_1_113' title='bbox 987 1137 1052 1179; x_wconf 91' lang='lat' dir='ltr'>cum</span> <span class='ocrx_word' id='word_1_114' title='bbox 1073 1122 1185 1197; x_wconf 88' lang='lat' dir='ltr'>reliquis</span> <span class='ocrx_word' id='word_1_115' title='bbox 1203 1139 1342 1181; x_wconf 90' lang='lat' dir='ltr'>canonum</span> <span class='ocrx_word' id='word_1_116' title='bbox 1354 1124 1514 1183; x_wconf 89' lang='lat' dir='ltr'>adversariis</span> <span class='ocrx_word' id='word_1_117' title='bbox 1532 1127 1614 1183; x_wconf 90' lang='lat' dir='ltr'>simul</span> <span class='ocrx_word' id='word_1_118' title='bbox 1636 1142 1691 1183; x_wconf 91' lang='lat' dir='ltr'>nno</span> <span class='ocrx_word' id='word_1_119' title='bbox 1714 1135 1784 1183; x_wconf 91' lang='lat' dir='ltr'>tem·</span> 
     </span>
     <span class='ocr_line' id='line_1_11' title="bbox 135 1211 1786 1289; baseline 0.004 -20"><span class='ocrx_word' id='word_1_120' title='bbox 135 1211 233 1270; x_wconf 89' lang='lat' dir='ltr'>disset.</span> <span class='ocrx_word' id='word_1_121' title='bbox 257 1215 328 1270; x_wconf 87' lang='lat' dir='ltr'>Nam</span> <span class='ocrx_word' id='word_1_122' title='bbox 343 1220 372 1269; x_wconf 91' lang='lat' dir='ltr'>et</span> <span class='ocrx_word' id='word_1_123' title='bbox 386 1221 484 1287; x_wconf 91' lang='lat' dir='ltr'>ego,et</span> <span class='ocrx_word' id='word_1_124' title='bbox 496 1213 586 1286; x_wconf 90' lang='lat' dir='ltr'>plures</span> <span class='ocrx_word' id='word_1_125' title='bbox 600 1213 645 1272; x_wconf 86' lang='lat' dir='ltr'>alii</span> <span class='ocrx_word' id='word_1_126' title='bbox 656 1213 744 1272; x_wconf 87' lang='lat' dir='ltr'>boote</span> <span class='ocrx_word' id='word_1_127' title='bbox 755 1214 854 1286; x_wconf 87' lang='lat' dir='ltr'>saeptus</span> <span class='ocrx_word' id='word_1_128' title='bbox 866 1230 933 1272; x_wconf 92' lang='lat' dir='ltr'>con·</span> <span class='ocrx_word' id='word_1_129' title='bbox 987 1232 1054 1289; x_wconf 92' lang='lat' dir='ltr'>pore</span> <span class='ocrx_word' id='word_1_130' title='bbox 1067 1216 1119 1274; x_wconf 91' lang='lat' dir='ltr'>sub</span> <span class='ocrx_word' id='word_1_131' title='bbox 1141 1218 1313 1276; x_wconf 91' lang='lat' dir='ltr'>severissimo</span> <span class='ocrx_word' id='word_1_132' title='bbox 1334 1219 1510 1277; x_wconf 87' lang='lat' dir='ltr'>anathemate</span> <span class='ocrx_word' id='word_1_133' title='bbox 1522 1218 1677 1277; x_wconf 89' lang='lat' dir='ltr'>damnarat.</span> <span class='ocrx_word' id='word_1_134' title='bbox 1693 1221 1786 1278; x_wconf 84' lang='lat' dir='ltr'>ltnlla·</span> 
     </span>
     <span class='ocr_line' id='line_1_12' title="bbox 134 1306 1785 1387; baseline 0.003 -23"><span class='ocrx_word' id='word_1_135' title='bbox 134 1306 234 1364; x_wconf 83' lang='lat' dir='ltr'>cedere</span> <span class='ocrx_word' id='word_1_136' title='bbox 251 1306 417 1377; x_wconf 87' lang='lat' dir='ltr'>audivimus,</span> <span class='ocrx_word' id='word_1_137' title='bbox 429 1307 578 1365; x_wconf 91' lang='lat' dir='ltr'>cumidem</span> <span class='ocrx_word' id='word_1_138' title='bbox 593 1316 676 1382; x_wconf 88' lang='lat' dir='ltr'>caput</span> <span class='ocrx_word' id='word_1_139' title='bbox 692 1324 750 1367; x_wconf 92' lang='lat' dir='ltr'>non</span> <span class='ocrx_word' id='word_1_140' title='bbox 764 1317 872 1366; x_wconf 83' lang='grc' dir='ltr'><strong>ιιιιιιιιι</strong></span> <span class='ocrx_word' id='word_1_141' title='bbox 885 1325 934 1382; x_wconf 93' lang='lat' dir='ltr'>pro</span> <span class='ocrx_word' id='word_1_142' title='bbox 988 1318 1071 1369; x_wconf 91' lang='lat' dir='ltr'>tenus</span> <span class='ocrx_word' id='word_1_143' title='bbox 1106 1311 1164 1385; x_wconf 92' lang='lat' dir='ltr'>ipse</span> <span class='ocrx_word' id='word_1_144' title='bbox 1192 1328 1221 1370; x_wconf 89' lang='lat' dir='ltr'>se</span> <span class='ocrx_word' id='word_1_145' title='bbox 1251 1314 1300 1370; x_wconf 90' lang='lat' dir='ltr'>bac</span> <span class='ocrx_word' id='word_1_146' title='bbox 1327 1314 1504 1371; x_wconf 83' lang='lat' dir='ltr'>damnatione</span> <span class='ocrx_word' id='word_1_147' title='bbox 1536 1314 1677 1387; x_wconf 87' lang='lat' dir='ltr'>obligavit,</span> <span class='ocrx_word' id='word_1_148' title='bbox 1718 1312 1785 1369; x_wconf 90' lang='lat' dir='ltr'>licet</span> 
     </span>
     <span class='ocr_line' id='line_1_13' title="bbox 137 1402 1784 1479; baseline 0.003 -20"><span class='ocrx_word' id='word_1_149' title='bbox 137 1402 367 1474; x_wconf 89' lang='lat' dir='ltr'>vero,scdetiam</span> <span class='ocrx_word' id='word_1_150' title='bbox 383 1419 433 1477; x_wconf 94' lang='lat' dir='ltr'>pro</span> <span class='ocrx_word' id='word_1_151' title='bbox 443 1404 604 1462; x_wconf 87' lang='lat' dir='ltr'>authentico</span> <span class='ocrx_word' id='word_1_152' title='bbox 617 1404 766 1479; x_wconf 81' lang='lat' dir='ltr'>preedicare</span> <span class='ocrx_word' id='word_1_153' title='bbox 780 1420 831 1462; x_wconf 93' lang='lat' dir='ltr'>nec</span> <span class='ocrx_word' id='word_1_154' title='bbox 846 1403 936 1462; x_wconf 87' lang='lat' dir='ltr'>sdbne</span> <span class='ocrx_word' id='word_1_155' title='bbox 989 1405 1172 1463; x_wconf 88' lang='lat' dir='ltr'>Siciliensium</span> <span class='ocrx_word' id='word_1_156' title='bbox 1199 1406 1381 1465; x_wconf 92' lang='lat' dir='ltr'>diaconorum</span> <span class='ocrx_word' id='word_1_157' title='bbox 1400 1407 1628 1465; x_wconf 84' lang='lat' dir='ltr'>incontinentiam</span> <span class='ocrx_word' id='word_1_158' title='bbox 1652 1406 1784 1465; x_wconf 89' lang='lat' dir='ltr'>dissimu-</span> 
     </span>
     <span class='ocr_line' id='line_1_14' title="bbox 135 1492 1786 1574; baseline 0.001 -18"><span class='ocrx_word' id='word_1_159' title='bbox 135 1498 432 1573; x_wconf 88' lang='lat' dir='ltr'>pertimeseas.lpsum</span> <span class='ocrx_word' id='word_1_160' title='bbox 447 1499 521 1556; x_wconf 90' lang='lat' dir='ltr'>enim</span> <span class='ocrx_word' id='word_1_161' title='bbox 534 1507 616 1573; x_wconf 84' lang='lat' dir='ltr'>caput</span> <span class='ocrx_word' id='word_1_162' title='bbox 635 1500 742 1558; x_wconf 86' lang='lat' dir='ltr'>asserit</span> <span class='ocrx_word' id='word_1_163' title='bbox 766 1500 793 1556; x_wconf 91' lang='lat' dir='ltr'>S.</span> <span class='ocrx_word' id='word_1_164' title='bbox 804 1497 937 1572; x_wconf 88' lang='lat' dir='ltr'>Paphnu·</span> <span class='ocrx_word' id='word_1_165' title='bbox 989 1498 1082 1570; x_wconf 91' lang='lat' dir='ltr'>lando,</span> <span class='ocrx_word' id='word_1_166' title='bbox 1102 1492 1159 1557; x_wconf 90' lang='lat' dir='ltr'>uon</span> <span class='ocrx_word' id='word_1_167' title='bbox 1176 1502 1256 1573; x_wconf 89' lang='lat' dir='ltr'>quasi</span> <span class='ocrx_word' id='word_1_168' title='bbox 1288 1502 1401 1571; x_wconf 90' lang='lat' dir='ltr'>licitam,</span> <span class='ocrx_word' id='word_1_169' title='bbox 1430 1502 1598 1560; x_wconf 83' lang='lat' dir='ltr'>toleraverit.</span> <span class='ocrx_word' id='word_1_170' title='bbox 1633 1502 1688 1574; x_wconf 91' lang='lat' dir='ltr'>lpsi</span> <span class='ocrx_word' id='word_1_171' title='bbox 1711 1502 1786 1558; x_wconf 90' lang='lat' dir='ltr'>enim</span> 
     </span>
     <span class='ocr_line' id='line_1_15' title="bbox 136 1592 1785 1669; baseline 0.001 -19"><span class='ocrx_word' id='word_1_172' title='bbox 136 1593 211 1650; x_wconf 90' lang='lat' dir='ltr'>cium</span> <span class='ocrx_word' id='word_1_173' title='bbox 225 1593 253 1649; x_wconf 90' lang='lat' dir='ltr'>in</span> <span class='ocrx_word' id='word_1_174' title='bbox 276 1592 386 1650; x_wconf 81' lang='lat' dir='ltr'>lticaena</span> <span class='ocrx_word' id='word_1_175' title='bbox 403 1593 511 1666; x_wconf 87' lang='lat' dir='ltr'>synodo</span> <span class='ocrx_word' id='word_1_176' title='bbox 537 1593 698 1662; x_wconf 80' lang='lat' dir='ltr'>surrexisse,</span> <span class='ocrx_word' id='word_1_177' title='bbox 711 1601 738 1650; x_wconf 90' lang='lat' dir='ltr'>et</span> <span class='ocrx_word' id='word_1_178' title='bbox 750 1592 936 1652; x_wconf 85' lang='lat' dir='ltr'>sacerdotibus</span> <span class='ocrx_word' id='word_1_179' title='bbox 988 1592 1093 1651; x_wconf 81' lang='lat' dir='ltr'>Nicaeni</span> <span class='ocrx_word' id='word_1_180' title='bbox 1103 1597 1199 1652; x_wconf 85' lang='lat' dir='ltr'>Patres</span> <span class='ocrx_word' id='word_1_181' title='bbox 1208 1595 1366 1653; x_wconf 87' lang='lat' dir='ltr'>nullatenus</span> <span class='ocrx_word' id='word_1_182' title='bbox 1385 1597 1542 1669; x_wconf 83' lang='lat' dir='ltr'>apostolicae</span> <span class='ocrx_word' id='word_1_183' title='bbox 1553 1595 1612 1653; x_wconf 90' lang='lat' dir='ltr'>sedi</span> <span class='ocrx_word' id='word_1_184' title='bbox 1623 1595 1785 1668; x_wconf 89' lang='lat' dir='ltr'>primatum,</span> 
     </span>
     <span class='ocr_line' id='line_1_16' title="bbox 136 1685 1839 1763; baseline 0.002 -19"><span class='ocrx_word' id='word_1_185' title='bbox 136 1695 168 1744; x_wconf 91' lang='lat' dir='ltr'>ut</span> <span class='ocrx_word' id='word_1_186' title='bbox 192 1686 347 1744; x_wconf 91' lang='lat' dir='ltr'>dormirent</span> <span class='ocrx_word' id='word_1_187' title='bbox 369 1703 434 1745; x_wconf 90' lang='lat' dir='ltr'>cum</span> <span class='ocrx_word' id='word_1_188' title='bbox 451 1685 583 1745; x_wconf 85' lang='lat' dir='ltr'>uxoribus</span> <span class='ocrx_word' id='word_1_189' title='bbox 606 1687 665 1745; x_wconf 89' lang='lat' dir='ltr'>suis</span> <span class='ocrx_word' id='word_1_190' title='bbox 682 1687 820 1746; x_wconf 84' lang='lat' dir='ltr'>licentiam</span> <span class='ocrx_word' id='word_1_191' title='bbox 844 1686 932 1761; x_wconf 90' lang='lat' dir='ltr'>impe·</span> <span class='ocrx_word' id='word_1_192' title='bbox 988 1687 1045 1745; x_wconf 90' lang='lat' dir='ltr'>eise</span> <span class='ocrx_word' id='word_1_193' title='bbox 1058 1686 1232 1763; x_wconf 89' lang='lat' dir='ltr'>privilegium</span> <span class='ocrx_word' id='word_1_194' title='bbox 1247 1690 1384 1759; x_wconf 90' lang='lat' dir='ltr'>adimunt,</span> <span class='ocrx_word' id='word_1_195' title='bbox 1406 1707 1471 1747; x_wconf 89' lang='lat' dir='ltr'>curn</span> <span class='ocrx_word' id='word_1_196' title='bbox 1485 1690 1705 1748; x_wconf 88' lang='lat' dir='ltr'>omniumetiam</span> <span class='ocrx_word' id='word_1_197' title='bbox 1720 1704 1786 1762; x_wconf 90' lang='lat' dir='ltr'>pre-</span> <span class='ocrx_word' id='word_1_198' title='bbox 1836 1698 1839 1703; x_wconf 86' lang='lat'>&#39;</span> 
     </span>
     <span class='ocr_line' id='line_1_17' title="bbox 136 1781 1788 1858; baseline 0.001 -20"><span class='ocrx_word' id='word_1_199' title='bbox 136 1786 235 1838; x_wconf 82' lang='lat' dir='ltr'>tresue.</span> <span class='ocrx_word' id='word_1_200' title='bbox 249 1781 409 1855; x_wconf 82' lang='lat' dir='ltr'>Quicunque</span> <span class='ocrx_word' id='word_1_201' title='bbox 428 1782 514 1857; x_wconf 86' lang='lat' dir='ltr'>igitur</span> <span class='ocrx_word' id='word_1_202' title='bbox 529 1782 650 1840; x_wconf 87' lang='lat' dir='ltr'>bocnon</span> <span class='ocrx_word' id='word_1_203' title='bbox 664 1791 775 1840; x_wconf 90' lang='lat' dir='ltr'>tautum</span> <span class='ocrx_word' id='word_1_204' title='bbox 789 1798 840 1856; x_wconf 92' lang='lat' dir='ltr'>pro</span> <span class='ocrx_word' id='word_1_205' title='bbox 855 1798 932 1853; x_wconf 86' lang='lat' dir='ltr'>sero,</span> <span class='ocrx_word' id='word_1_206' title='bbox 989 1781 1140 1840; x_wconf 84' lang='lat' dir='ltr'>vinciarum</span> <span class='ocrx_word' id='word_1_207' title='bbox 1153 1784 1297 1854; x_wconf 88' lang='lat' dir='ltr'>antistites,</span> <span class='ocrx_word' id='word_1_208' title='bbox 1309 1785 1390 1858; x_wconf 77' lang='lat' dir='ltr'>Juxta</span> <span class='ocrx_word' id='word_1_209' title='bbox 1410 1801 1518 1842; x_wconf 91' lang='lat' dir='ltr'>morem</span> <span class='ocrx_word' id='word_1_210' title='bbox 1544 1784 1665 1843; x_wconf 84' lang='lat' dir='ltr'>Romani</span> <span class='ocrx_word' id='word_1_211' title='bbox 1692 1784 1788 1856; x_wconf 94' lang='lat' dir='ltr'>ponti-</span> 
     </span>
     <span class='ocr_line' id='line_1_18' title="bbox 135 1873 1788 1953; baseline 0.001 -20"><span class='ocrx_word' id='word_1_212' title='bbox 135 1873 187 1933; x_wconf 91' lang='lat' dir='ltr'>sed</span> <span class='ocrx_word' id='word_1_213' title='bbox 200 1883 229 1932; x_wconf 90' lang='lat' dir='ltr'>et</span> <span class='ocrx_word' id='word_1_214' title='bbox 248 1874 469 1948; x_wconf 88' lang='lat' dir='ltr'>proautbentieo</span> <span class='ocrx_word' id='word_1_215' title='bbox 484 1875 668 1948; x_wconf 89' lang='lat' dir='ltr'>recipiendum</span> <span class='ocrx_word' id='word_1_216' title='bbox 682 1885 710 1934; x_wconf 89' lang='lat' dir='ltr'>et</span> <span class='ocrx_word' id='word_1_217' title='bbox 731 1876 934 1935; x_wconf 89' lang='lat' dir='ltr'>observandum</span> <span class='ocrx_word' id='word_1_218' title='bbox 990 1876 1060 1948; x_wconf 87' lang='lat' dir='ltr'>fleis,</span> <span class='ocrx_word' id='word_1_219' title='bbox 1085 1879 1194 1952; x_wconf 91' lang='lat' dir='ltr'>propria</span> <span class='ocrx_word' id='word_1_220' title='bbox 1227 1879 1346 1952; x_wconf 79' lang='lat' dir='ltr'>Jubeant</span> <span class='ocrx_word' id='word_1_221' title='bbox 1371 1878 1517 1937; x_wconf 88' lang='lat' dir='ltr'>observare</span> <span class='ocrx_word' id='word_1_222' title='bbox 1543 1879 1695 1953; x_wconf 89' lang='lat' dir='ltr'>privilegia.</span> <span class='ocrx_word' id='word_1_223' title='bbox 1736 1880 1788 1935; x_wconf 84' lang='lat' dir='ltr'>Est</span> 
     </span>
     <span class='ocr_line' id='line_1_19' title="bbox 135 1967 1788 2047; baseline 0 -19"><span class='ocrx_word' id='word_1_224' title='bbox 135 1969 278 2043; x_wconf 80' lang='lat' dir='ltr'>predicat,</span> <span class='ocrx_word' id='word_1_225' title='bbox 290 1970 445 2027; x_wconf 89' lang='lat' dir='ltr'>nullatenus</span> <span class='ocrx_word' id='word_1_226' title='bbox 458 1967 592 2041; x_wconf 87' lang='lat' dir='ltr'>denegare</span> <span class='ocrx_word' id='word_1_227' title='bbox 603 1970 676 2029; x_wconf 87' lang='lat' dir='ltr'>valet</span> <span class='ocrx_word' id='word_1_228' title='bbox 698 1971 767 2045; x_wconf 82' lang='lat' dir='ltr'>quin</span> <span class='ocrx_word' id='word_1_229' title='bbox 786 1970 937 2030; x_wconf 91' lang='lat' dir='ltr'>sacerdoti·</span> <span class='ocrx_word' id='word_1_230' title='bbox 990 1981 1087 2030; x_wconf 90' lang='lat' dir='ltr'>antem</span> <span class='ocrx_word' id='word_1_231' title='bbox 1105 1972 1277 2047; x_wconf 88' lang='lat' dir='ltr'>privilegium</span> <span class='ocrx_word' id='word_1_232' title='bbox 1295 1975 1415 2031; x_wconf 78' lang='lat' dir='ltr'>Romani</span> <span class='ocrx_word' id='word_1_233' title='bbox 1428 1973 1574 2047; x_wconf 84' lang='lat' dir='ltr'>pontificis,</span> <span class='ocrx_word' id='word_1_234' title='bbox 1595 1973 1675 2045; x_wconf 80' lang='lat' dir='ltr'>juxta</span> <span class='ocrx_word' id='word_1_235' title='bbox 1701 1987 1788 2030; x_wconf 87' lang='lat' dir='ltr'>asser-</span> 
     </span>
     <span class='ocr_line' id='line_1_20' title="bbox 136 2063 1822 2161; baseline 0.002 -40"><span class='ocrx_word' id='word_1_236' title='bbox 136 2063 302 2122; x_wconf 86' lang='lat' dir='ltr'>bnsurores</span> <span class='ocrx_word' id='word_1_237' title='bbox 312 2064 454 2122; x_wconf 89' lang='lat' dir='ltr'>concedat.</span> <span class='ocrx_word' id='word_1_238' title='bbox 990 2066 1096 2123; x_wconf 89' lang='lat' dir='ltr'>tionem</span> <span class='ocrx_word' id='word_1_239' title='bbox 1120 2069 1149 2124; x_wconf 89' lang='lat' dir='ltr'>S</span> <span class='ocrx_word' id='word_1_240' title='bbox 1165 2068 1318 2149; x_wconf 84' lang='lat' dir='ltr'>sylvestri</span> <span class='ocrx_word' id='word_1_241' title='bbox 1319 2068 1430 2138; x_wconf 88' lang='lat' dir='ltr'>Gelasii,</span> <span class='ocrx_word' id='word_1_242' title='bbox 1444 2076 1471 2124; x_wconf 90' lang='lat' dir='ltr'>et</span> <span class='ocrx_word' id='word_1_243' title='bbox 1484 2068 1653 2139; x_wconf 82' lang='lat' dir='ltr'>reliquorum</span> <span class='ocrx_word' id='word_1_244' title='bbox 1662 2068 1822 2161; x_wconf 81' lang='lat' dir='ltr'>Petrum,</span> 
     </span>
     <span class='ocr_line' id='line_1_21' title="bbox 173 2158 1790 2234; baseline -0.001 -17"><span class='ocrx_word' id='word_1_245' title='bbox 173 2161 319 2217; x_wconf 76' lang='lat' dir='ltr'>{messum</span> <span class='ocrx_word' id='word_1_246' title='bbox 342 2175 451 2233; x_wconf 85' lang='lat' dir='ltr'>quoqne</span> <span class='ocrx_word' id='word_1_247' title='bbox 465 2158 606 2233; x_wconf 72' lang='lat' dir='ltr'>subjungis</span> <span class='ocrx_word' id='word_1_248' title='bbox 631 2174 684 2232; x_wconf 91' lang='lat' dir='ltr'>qua</span> <span class='ocrx_word' id='word_1_249' title='bbox 698 2158 843 2218; x_wconf 90' lang='lat' dir='ltr'>occasione</span> <span class='ocrx_word' id='word_1_250' title='bbox 868 2158 937 2217; x_wconf 89' lang='lat' dir='ltr'>illud</span> <span class='ocrx_word' id='word_1_251' title='bbox 990 2168 1021 2218; x_wconf 91' lang='lat' dir='ltr'>ut</span> <span class='ocrx_word' id='word_1_252' title='bbox 1040 2159 1098 2234; x_wconf 90' lang='lat' dir='ltr'>ipse</span> <span class='ocrx_word' id='word_1_253' title='bbox 1122 2160 1157 2218; x_wconf 94' lang='lat' dir='ltr'>de</span> <span class='ocrx_word' id='word_1_254' title='bbox 1177 2161 1307 2219; x_wconf 91' lang='lat' dir='ltr'>omnibus</span> <span class='ocrx_word' id='word_1_255' title='bbox 1329 2161 1455 2218; x_wconf 74' lang='lat' dir='ltr'>sceleriis</span> <span class='ocrx_word' id='word_1_256' title='bbox 1474 2159 1599 2234; x_wconf 76' lang='lat' dir='ltr'>iudicare</span> <span class='ocrx_word' id='word_1_257' title='bbox 1623 2160 1721 2226; x_wconf 89' lang='lat' dir='ltr'>valeat,</span> <span class='ocrx_word' id='word_1_258' title='bbox 1738 2175 1790 2216; x_wconf 94' lang='lat' dir='ltr'>nec</span> 
     </span>
     <span class='ocr_line' id='line_1_22' title="bbox 136 2253 1789 2329; baseline 0.001 -18"><span class='ocrx_word' id='word_1_259' title='bbox 136 2268 191 2329; x_wconf 92' lang='lat' dir='ltr'>pro</span> <span class='ocrx_word' id='word_1_260' title='bbox 216 2253 373 2312; x_wconf 88' lang='lat' dir='ltr'>authentico</span> <span class='ocrx_word' id='word_1_261' title='bbox 403 2254 550 2327; x_wconf 88' lang='lat' dir='ltr'>receperis,</span> <span class='ocrx_word' id='word_1_262' title='bbox 577 2269 641 2311; x_wconf 92' lang='lat' dir='ltr'>cum</span> <span class='ocrx_word' id='word_1_263' title='bbox 677 2254 768 2326; x_wconf 90' lang='lat' dir='ltr'>ipsum</span> <span class='ocrx_word' id='word_1_264' title='bbox 795 2262 861 2312; x_wconf 87' lang='lat' dir='ltr'>ate</span> <span class='ocrx_word' id='word_1_265' title='bbox 885 2254 937 2311; x_wconf 88' lang='lat' dir='ltr'>sub</span> <span class='ocrx_word' id='word_1_266' title='bbox 990 2254 1104 2328; x_wconf 86' lang='lat' dir='ltr'>alicujus</span> <span class='ocrx_word' id='word_1_267' title='bbox 1118 2255 1222 2328; x_wconf 88' lang='lat' dir='ltr'>judicio</span> <span class='ocrx_word' id='word_1_268' title='bbox 1235 2256 1389 2329; x_wconf 89' lang='lat' dir='ltr'>subjaceat,</span> <span class='ocrx_word' id='word_1_269' title='bbox 1403 2264 1430 2313; x_wconf 95' lang='grc' dir='ltr'>ιι</span> <span class='ocrx_word' id='word_1_270' title='bbox 1452 2264 1483 2313; x_wconf 92' lang='lat' dir='ltr'>ut</span> <span class='ocrx_word' id='word_1_271' title='bbox 1497 2256 1625 2328; x_wconf 90' lang='lat' dir='ltr'>ipsorum</span> <span class='ocrx_word' id='word_1_272' title='bbox 1636 2270 1789 2323; x_wconf 89' lang='lat' dir='ltr'>canonum,</span> 
     </span>
     <span class='ocr_line' id='line_1_23' title="bbox 133 2346 1792 2424; baseline -0.001 -17"><span class='ocrx_word' id='word_1_273' title='bbox 133 2346 293 2420; x_wconf 66' lang='lat' dir='ltr'>inemtabilil</span> <span class='ocrx_word' id='word_1_274' title='bbox 306 2348 480 2406; x_wconf 88' lang='lat' dir='ltr'>anathemate</span> <span class='ocrx_word' id='word_1_275' title='bbox 503 2346 627 2406; x_wconf 89' lang='lat' dir='ltr'>relictum</span> <span class='ocrx_word' id='word_1_276' title='bbox 647 2347 721 2405; x_wconf 90' lang='lat' dir='ltr'>nulla</span> <span class='ocrx_word' id='word_1_277' title='bbox 742 2347 849 2406; x_wconf 88' lang='lat' dir='ltr'>ratione</span> <span class='ocrx_word' id='word_1_278' title='bbox 873 2364 937 2421; x_wconf 90' lang='lat' dir='ltr'>pro·</span> <span class='ocrx_word' id='word_1_279' title='bbox 989 2358 1018 2407; x_wconf 91' lang='lat' dir='ltr'>et</span> <span class='ocrx_word' id='word_1_280' title='bbox 1040 2348 1213 2407; x_wconf 87' lang='lat' dir='ltr'>decretorum</span> <span class='ocrx_word' id='word_1_281' title='bbox 1227 2350 1398 2408; x_wconf 86' lang='lat' dir='ltr'>severitatem</span> <span class='ocrx_word' id='word_1_282' title='bbox 1413 2364 1463 2423; x_wconf 93' lang='lat' dir='ltr'>pro</span> <span class='ocrx_word' id='word_1_283' title='bbox 1472 2348 1605 2424; x_wconf 89' lang='lat' dir='ltr'>temporis</span> <span class='ocrx_word' id='word_1_284' title='bbox 1629 2348 1792 2406; x_wconf 87' lang='lat' dir='ltr'>necessitate</span> 
     </span>
     <span class='ocr_line' id='line_1_24' title="bbox 134 2440 1792 2518; baseline -0.001 -17"><span class='ocrx_word' id='word_1_285' title='bbox 134 2442 248 2501; x_wconf 82' lang='lat' dir='ltr'>baveris</span> <span class='ocrx_word' id='word_1_286' title='bbox 272 2441 470 2501; x_wconf 86' lang='lat' dir='ltr'>authenticum.</span> <span class='ocrx_word' id='word_1_287' title='bbox 489 2441 563 2499; x_wconf 85' lang='lat' dir='ltr'>Nibil</span> <span class='ocrx_word' id='word_1_288' title='bbox 583 2440 659 2499; x_wconf 89' lang='lat' dir='ltr'>enim</span> <span class='ocrx_word' id='word_1_289' title='bbox 677 2441 792 2499; x_wconf 85' lang='lat' dir='ltr'>intereat</span> <span class='ocrx_word' id='word_1_290' title='bbox 815 2441 937 2514; x_wconf 89' lang='lat' dir='ltr'>quelibet</span> <span class='ocrx_word' id='word_1_291' title='bbox 990 2446 1088 2512; x_wconf 87' lang='lat' dir='ltr'>valeat,</span> <span class='ocrx_word' id='word_1_292' title='bbox 1102 2445 1162 2501; x_wconf 91' lang='lat' dir='ltr'>imo</span> <span class='ocrx_word' id='word_1_293' title='bbox 1175 2444 1272 2502; x_wconf 91' lang='lat' dir='ltr'>debeat</span> <span class='ocrx_word' id='word_1_294' title='bbox 1285 2444 1412 2518; x_wconf 87' lang='lat' dir='ltr'>mitigare</span> <span class='ocrx_word' id='word_1_295' title='bbox 1435 2445 1494 2516; x_wconf 82' lang='lat' dir='ltr'>(ubi</span> <span class='ocrx_word' id='word_1_296' title='bbox 1510 2444 1614 2516; x_wconf 80' lang='lat' dir='ltr'>supro).</span> <span class='ocrx_word' id='word_1_297' title='bbox 1626 2443 1718 2517; x_wconf 84' lang='lat' dir='ltr'>Hujus</span> <span class='ocrx_word' id='word_1_298' title='bbox 1738 2442 1792 2517; x_wconf 91' lang='lat' dir='ltr'>pri·</span> 
     </span>
     <span class='ocr_line' id='line_1_25' title="bbox 135 2534 1792 2611; baseline 0 -15"><span class='ocrx_word' id='word_1_299' title='bbox 135 2536 285 2596; x_wconf 79' lang='grc' dir='ltr'><strong>οιιιιιοιιι</strong></span> <span class='ocrx_word' id='word_1_300' title='bbox 301 2535 368 2594; x_wconf 91' lang='lat' dir='ltr'>illud</span> <span class='ocrx_word' id='word_1_301' title='bbox 385 2535 605 2610; x_wconf 89' lang='lat' dir='ltr'>proauthentico</span> <span class='ocrx_word' id='word_1_302' title='bbox 625 2534 750 2608; x_wconf 79' lang='lat' dir='ltr'>recipias,</span> <span class='ocrx_word' id='word_1_303' title='bbox 765 2534 936 2609; x_wconf 86' lang='lat' dir='ltr'>quodneits</span> <span class='ocrx_word' id='word_1_304' title='bbox 990 2537 1079 2609; x_wconf 87' lang='lat' dir='ltr'>vilegii</span> <span class='ocrx_word' id='word_1_305' title='bbox 1105 2538 1267 2595; x_wconf 87' lang='lat' dir='ltr'>anctoritate</span> <span class='ocrx_word' id='word_1_306' title='bbox 1292 2554 1350 2595; x_wconf 94' lang='lat' dir='ltr'>non</span> <span class='ocrx_word' id='word_1_307' title='bbox 1367 2538 1555 2611; x_wconf 90' lang='lat' dir='ltr'>impugnando</span> <span class='ocrx_word' id='word_1_308' title='bbox 1578 2552 1713 2608; x_wconf 91' lang='lat' dir='ltr'>canones,</span> <span class='ocrx_word' id='word_1_309' title='bbox 1745 2538 1792 2596; x_wconf 88' lang='lat' dir='ltr'>sed</span> 
     </span>
     <span class='ocr_line' id='line_1_26' title="bbox 134 2628 1792 2705; baseline -0.001 -16"><span class='ocrx_word' id='word_1_310' title='bbox 134 2630 353 2704; x_wconf 79' lang='lat' dir='ltr'>recipiebarsub</span> <span class='ocrx_word' id='word_1_311' title='bbox 366 2629 542 2688; x_wconf 90' lang='lat' dir='ltr'>anathemate</span> <span class='ocrx_word' id='word_1_312' title='bbox 556 2629 724 2703; x_wconf 86' lang='lat' dir='ltr'>prohibitum</span> <span class='ocrx_word' id='word_1_313' title='bbox 743 2629 869 2687; x_wconf 91' lang='lat' dir='ltr'>nondum</span> <span class='ocrx_word' id='word_1_314' title='bbox 883 2628 937 2686; x_wconf 92' lang='lat' dir='ltr'>dn·</span> <span class='ocrx_word' id='word_1_315' title='bbox 989 2629 1169 2701; x_wconf 89' lang='lat' dir='ltr'>observando,</span> <span class='ocrx_word' id='word_1_316' title='bbox 1201 2630 1362 2699; x_wconf 86' lang='lat' dir='ltr'>diaconibus</span> <span class='ocrx_word' id='word_1_317' title='bbox 1388 2631 1489 2688; x_wconf 73' lang='lat' dir='ltr'>sicilie</span> <span class='ocrx_word' id='word_1_318' title='bbox 1516 2631 1721 2705; x_wconf 88' lang='lat' dir='ltr'>aliquantulum</span> <span class='ocrx_word' id='word_1_319' title='bbox 1757 2631 1792 2688; x_wconf 92' lang='lat' dir='ltr'>ad</span> 
     </span>
     <span class='ocr_line' id='line_1_27' title="bbox 135 2722 1793 2799; baseline -0.002 -14"><span class='ocrx_word' id='word_1_320' title='bbox 135 2725 253 2785; x_wconf 79' lang='lat' dir='ltr'>bitabsr.</span> <span class='ocrx_word' id='word_1_321' title='bbox 276 2727 350 2782; x_wconf 87' lang='lat' dir='ltr'>Nam</span> <span class='ocrx_word' id='word_1_322' title='bbox 371 2722 546 2797; x_wconf 91' lang='lat' dir='ltr'>semperaub</span> <span class='ocrx_word' id='word_1_323' title='bbox 562 2722 660 2781; x_wconf 90' lang='lat' dir='ltr'>eodem</span> <span class='ocrx_word' id='word_1_324' title='bbox 684 2722 859 2780; x_wconf 88' lang='lat' dir='ltr'>anathemate</span> <span class='ocrx_word' id='word_1_325' title='bbox 884 2722 937 2780; x_wconf 90' lang='lat' dir='ltr'>erit</span> <span class='ocrx_word' id='word_1_326' title='bbox 990 2725 1375 2799; x_wconf 86' lang='lat' dir='ltr'>tempuspepercit;noneis,</span> <span class='ocrx_word' id='word_1_327' title='bbox 1390 2738 1454 2782; x_wconf 92' lang='lat' dir='ltr'>cum</span> <span class='ocrx_word' id='word_1_328' title='bbox 1468 2726 1640 2794; x_wconf 84' lang='lat' dir='ltr'>sozomeno,</span> <span class='ocrx_word' id='word_1_329' title='bbox 1662 2725 1793 2796; x_wconf 89' lang='lat' dir='ltr'>peccandi</span> 
     </span>
     <span class='ocr_line' id='line_1_28' title="bbox 135 2816 1794 2893; baseline -0.002 -15"><span class='ocrx_word' id='word_1_330' title='bbox 135 2820 297 2893; x_wconf 73' lang='lat' dir='ltr'>guimnqm</span> <span class='ocrx_word' id='word_1_331' title='bbox 320 2818 387 2876; x_wconf 90' lang='lat' dir='ltr'>illud</span> <span class='ocrx_word' id='word_1_332' title='bbox 410 2818 585 2891; x_wconf 82' lang='lat' dir='ltr'>aliquatenus</span> <span class='ocrx_word' id='word_1_333' title='bbox 613 2833 663 2890; x_wconf 91' lang='lat' dir='ltr'>pro</span> <span class='ocrx_word' id='word_1_334' title='bbox 686 2816 844 2874; x_wconf 87' lang='lat' dir='ltr'>authentico</span> <span class='ocrx_word' id='word_1_335' title='bbox 864 2832 938 2874; x_wconf 90' lang='lat' dir='ltr'>rece·</span> <span class='ocrx_word' id='word_1_336' title='bbox 991 2817 1128 2876; x_wconf 88' lang='lat' dir='ltr'>licentiam</span> <span class='ocrx_word' id='word_1_337' title='bbox 1141 2817 1226 2875; x_wconf 88' lang='lat' dir='ltr'>dedit.</span> <span class='ocrx_word' id='word_1_338' title='bbox 1241 2816 1325 2875; x_wconf 90' lang='lat' dir='ltr'>Unde</span> <span class='ocrx_word' id='word_1_339' title='bbox 1339 2833 1390 2874; x_wconf 89' lang='lat' dir='ltr'>nec</span> <span class='ocrx_word' id='word_1_340' title='bbox 1411 2817 1533 2889; x_wconf 90' lang='lat' dir='ltr'>seipsum</span> <span class='ocrx_word' id='word_1_341' title='bbox 1551 2833 1616 2874; x_wconf 89' lang='lat' dir='ltr'>oum</span> <span class='ocrx_word' id='word_1_342' title='bbox 1630 2817 1794 2875; x_wconf 88' lang='lat' dir='ltr'>adversariis</span> 
     </span>
     <span class='ocr_line' id='line_1_29' title="bbox 135 2910 1852 2989; baseline -0.003 -17"><span class='ocrx_word' id='word_1_343' title='bbox 135 2914 219 2989; x_wconf 80' lang='lat' dir='ltr'>perit.</span> <span class='ocrx_word' id='word_1_344' title='bbox 240 2916 341 2972; x_wconf 85' lang='lat' dir='ltr'>Beatus</span> <span class='ocrx_word' id='word_1_345' title='bbox 358 2927 467 2986; x_wconf 85' lang='lat' dir='ltr'>qnoque</span> <span class='ocrx_word' id='word_1_346' title='bbox 500 2911 673 2986; x_wconf 84' lang='lat' dir='ltr'>Papbnncius</span> <span class='ocrx_word' id='word_1_347' title='bbox 693 2910 745 2969; x_wconf 88' lang='lat' dir='ltr'>bac</span> <span class='ocrx_word' id='word_1_348' title='bbox 768 2910 938 2984; x_wconf 87' lang='lat' dir='ltr'>blasphemia</span> <span class='ocrx_word' id='word_1_349' title='bbox 993 2914 1103 2987; x_wconf 90' lang='lat' dir='ltr'>proprio</span> <span class='ocrx_word' id='word_1_350' title='bbox 1115 2911 1288 2970; x_wconf 83' lang='lat' dir='ltr'>anathemate</span> <span class='ocrx_word' id='word_1_351' title='bbox 1303 2911 1444 2985; x_wconf 89' lang='lat' dir='ltr'>obligavit,</span> <span class='ocrx_word' id='word_1_352' title='bbox 1452 2910 1512 2980; x_wconf 87' lang='lat' dir='ltr'>sed,</span> <span class='ocrx_word' id='word_1_353' title='bbox 1519 2910 1599 2984; x_wconf 80' lang='lat' dir='ltr'>Juxta</span> <span class='ocrx_word' id='word_1_354' title='bbox 1613 2917 1690 2967; x_wconf 91' lang='lat' dir='ltr'>tuam</span> <span class='ocrx_word' id='word_1_355' title='bbox 1709 2911 1794 2984; x_wconf 85' lang='lat' dir='ltr'>ipsius</span> <span class='ocrx_word' id='word_1_356' title='bbox 1844 2978 1852 2987; x_wconf 76' lang='lat'>.,</span> 
     </span>
     <span class='ocr_line' id='line_1_30' title="bbox 109 3002 1793 3077; baseline -0.003 -11"><span class='ocrx_word' id='word_1_357' title='bbox 109 3024 200 3068; x_wconf 90' lang='lat' dir='ltr'>·non</span> <span class='ocrx_word' id='word_1_358' title='bbox 227 3016 269 3067; x_wconf 87' lang='lat' dir='ltr'>est</span> <span class='ocrx_word' id='word_1_359' title='bbox 296 3004 528 3076; x_wconf 87' lang='lat' dir='ltr'>dehonestandus,</span> <span class='ocrx_word' id='word_1_360' title='bbox 551 3006 609 3065; x_wconf 90' lang='lat' dir='ltr'>imo</span> <span class='ocrx_word' id='word_1_361' title='bbox 636 3006 820 3075; x_wconf 87' lang='lat' dir='ltr'>Sozomenus,</span> <span class='ocrx_word' id='word_1_362' title='bbox 838 3005 885 3063; x_wconf 90' lang='lat' dir='ltr'>cni</span> <span class='ocrx_word' id='word_1_363' title='bbox 910 3002 940 3061; x_wconf 96' lang='lat' dir='ltr'>id</span> <span class='ocrx_word' id='word_1_364' title='bbox 993 3006 1182 3077; x_wconf 70' lang='lat' dir='ltr'>assertionem,</span> <span class='ocrx_word' id='word_1_365' title='bbox 1203 3014 1231 3063; x_wconf 92' lang='lat' dir='ltr'>te</span> <span class='ocrx_word' id='word_1_366' title='bbox 1244 3004 1348 3076; x_wconf 88' lang='lat' dir='ltr'>solum,</span> <span class='ocrx_word' id='word_1_367' title='bbox 1368 3020 1427 3062; x_wconf 93' lang='lat' dir='ltr'>non</span> <span class='ocrx_word' id='word_1_368' title='bbox 1448 3004 1512 3062; x_wconf 89' lang='lat' dir='ltr'>dico</span> <span class='ocrx_word' id='word_1_369' title='bbox 1536 3020 1601 3062; x_wconf 91' lang='lat' dir='ltr'>oum</span> <span class='ocrx_word' id='word_1_370' title='bbox 1622 3004 1793 3077; x_wconf 71' lang='lat' dir='ltr'>paphnucio,</span> 
     </span>
     <span class='ocr_line' id='line_1_31' title="bbox 136 3098 1794 3177; baseline -0.005 -14"><span class='ocrx_word' id='word_1_371' title='bbox 136 3109 226 3177; x_wconf 84' lang='lat' dir='ltr'>eaput</span> <span class='ocrx_word' id='word_1_372' title='bbox 236 3101 383 3176; x_wconf 85' lang='lat' dir='ltr'>assignavit</span> <span class='ocrx_word' id='word_1_373' title='bbox 395 3099 586 3159; x_wconf 77' lang='lat' dir='ltr'>Cassiodorus.</span> <span class='ocrx_word' id='word_1_374' title='bbox 608 3100 833 3174; x_wconf 82' lang='lat' dir='ltr'>Quantisennque</span> <span class='ocrx_word' id='word_1_375' title='bbox 846 3107 940 3157; x_wconf 91' lang='lat' dir='ltr'>autem</span> <span class='ocrx_word' id='word_1_376' title='bbox 995 3101 1138 3160; x_wconf 88' lang='lat' dir='ltr'>sedetiam</span> <span class='ocrx_word' id='word_1_377' title='bbox 1149 3117 1214 3159; x_wconf 92' lang='lat' dir='ltr'>cum</span> <span class='ocrx_word' id='word_1_378' title='bbox 1232 3098 1362 3158; x_wconf 88' lang='lat' dir='ltr'>omnibus</span> <span class='ocrx_word' id='word_1_379' title='bbox 1373 3099 1518 3158; x_wconf 87' lang='lat' dir='ltr'>sozomeni</span> <span class='ocrx_word' id='word_1_380' title='bbox 1538 3098 1729 3169; x_wconf 87' lang='lat' dir='ltr'>sectatoribus,</span> <span class='ocrx_word' id='word_1_381' title='bbox 1741 3099 1794 3156; x_wconf 88' lang='lat' dir='ltr'>sub</span> 
     </span>
     <span class='ocr_line' id='line_1_32' title="bbox 136 3193 1795 3270; baseline -0.003 -15"><span class='ocrx_word' id='word_1_382' title='bbox 136 3195 292 3257; x_wconf 85' lang='lat' dir='ltr'>verbisrss</span> <span class='ocrx_word' id='word_1_383' title='bbox 308 3195 361 3254; x_wconf 91' lang='lat' dir='ltr'>sibi</span> <span class='ocrx_word' id='word_1_384' title='bbox 378 3195 446 3270; x_wconf 88' lang='lat' dir='ltr'>ipsis</span> <span class='ocrx_word' id='word_1_385' title='bbox 457 3194 635 3253; x_wconf 82' lang='lat' dir='ltr'>adversantes</span> <span class='ocrx_word' id='word_1_386' title='bbox 657 3193 836 3252; x_wconf 88' lang='lat' dir='ltr'>reconciliare</span> <span class='ocrx_word' id='word_1_387' title='bbox 856 3208 940 3251; x_wconf 90' lang='lat' dir='ltr'>cone·</span> <span class='ocrx_word' id='word_1_388' title='bbox 997 3194 1097 3255; x_wconf 89' lang='lat' dir='ltr'>eodem</span> <span class='ocrx_word' id='word_1_389' title='bbox 1111 3196 1285 3253; x_wconf 90' lang='lat' dir='ltr'>anathemate</span> <span class='ocrx_word' id='word_1_390' title='bbox 1307 3195 1427 3268; x_wconf 90' lang='lat' dir='ltr'>reliquit.</span> <span class='ocrx_word' id='word_1_391' title='bbox 1440 3194 1495 3267; x_wconf 91' lang='lat' dir='ltr'>lpsi</span> <span class='ocrx_word' id='word_1_392' title='bbox 1511 3193 1584 3252; x_wconf 91' lang='lat' dir='ltr'>enim</span> <span class='ocrx_word' id='word_1_393' title='bbox 1606 3193 1655 3250; x_wconf 89' lang='lat' dir='ltr'>ss.</span> <span class='ocrx_word' id='word_1_394' title='bbox 1679 3196 1795 3250; x_wconf 82' lang='lat' dir='ltr'>Petrum</span> 
     </span>
     <span class='ocr_line' id='line_1_33' title="bbox 135 3287 1794 3366; baseline -0.003 -16"><span class='ocrx_word' id='word_1_395' title='bbox 135 3293 193 3363; x_wconf 88' lang='lat' dir='ltr'>ris,</span> <span class='ocrx_word' id='word_1_396' title='bbox 204 3305 347 3366; x_wconf 71' lang='lat' dir='ltr'>omnem</span> <span class='ocrx_word' id='word_1_397' title='bbox 358 3297 452 3347; x_wconf 86' lang='lat' dir='ltr'>tamen</span> <span class='ocrx_word' id='word_1_398' title='bbox 465 3289 534 3348; x_wconf 92' lang='lat' dir='ltr'>adeo</span> <span class='ocrx_word' id='word_1_399' title='bbox 545 3287 690 3362; x_wconf 82' lang='lat' dir='ltr'>desipiam,</span> <span class='ocrx_word' id='word_1_400' title='bbox 706 3298 736 3346; x_wconf 92' lang='lat' dir='ltr'>ut</span> <span class='ocrx_word' id='word_1_401' title='bbox 757 3288 943 3357; x_wconf 85' lang='lat' dir='ltr'>sozomenum</span> <span class='ocrx_word' id='word_1_402' title='bbox 996 3298 1100 3349; x_wconf 85' lang='lat' dir='ltr'>statuta</span> <span class='ocrx_word' id='word_1_403' title='bbox 1114 3291 1200 3347; x_wconf 90' lang='lat' dir='ltr'>etiam</span> <span class='ocrx_word' id='word_1_404' title='bbox 1213 3289 1355 3346; x_wconf 88' lang='lat' dir='ltr'>annullare</span> <span class='ocrx_word' id='word_1_405' title='bbox 1364 3295 1546 3361; x_wconf 82' lang='lat' dir='ltr'>praesumunt,</span> <span class='ocrx_word' id='word_1_406' title='bbox 1559 3287 1623 3345; x_wconf 90' lang='lat' dir='ltr'>licet</span> <span class='ocrx_word' id='word_1_407' title='bbox 1633 3288 1675 3345; x_wconf 90' lang='lat' dir='ltr'>eis</span> <span class='ocrx_word' id='word_1_408' title='bbox 1686 3287 1794 3345; x_wconf 89' lang='lat' dir='ltr'>nullum</span> 
     </span>
     <span class='ocr_line' id='line_1_34' title="bbox 138 3380 1795 3459; baseline -0.006 -13"><span class='ocrx_word' id='word_1_409' title='bbox 138 3386 225 3446; x_wconf 84' lang='lat' dir='ltr'>beato</span> <span class='ocrx_word' id='word_1_410' title='bbox 257 3385 393 3459; x_wconf 73' lang='lat' dir='ltr'>Gregorio</span> <span class='ocrx_word' id='word_1_411' title='bbox 423 3385 452 3440; x_wconf 93' lang='lat' dir='ltr'>in</span> <span class='ocrx_word' id='word_1_412' title='bbox 476 3382 609 3457; x_wconf 71' lang='lat' dir='ltr'>predicte</span> <span class='ocrx_word' id='word_1_413' title='bbox 642 3383 734 3455; x_wconf 90' lang='lat' dir='ltr'>capite</span> <span class='ocrx_word' id='word_1_414' title='bbox 774 3383 945 3441; x_wconf 89' lang='lat' dir='ltr'>consensisse</span> <span class='ocrx_word' id='word_1_415' title='bbox 997 3383 1171 3459; x_wconf 90' lang='lat' dir='ltr'>privilegium</span> <span class='ocrx_word' id='word_1_416' title='bbox 1193 3399 1315 3440; x_wconf 91' lang='lat' dir='ltr'>canones</span> <span class='ocrx_word' id='word_1_417' title='bbox 1339 3380 1538 3450; x_wconf 86' lang='lat' dir='ltr'>concesserint,</span> <span class='ocrx_word' id='word_1_418' title='bbox 1564 3389 1596 3438; x_wconf 92' lang='lat' dir='ltr'>ut</span> <span class='ocrx_word' id='word_1_419' title='bbox 1627 3380 1732 3455; x_wconf 83' lang='lat' dir='ltr'>aliquid</span> <span class='ocrx_word' id='word_1_420' title='bbox 1760 3396 1795 3438; x_wconf 88' lang='lat' dir='ltr'>ex</span> 
     </span>
     <span class='ocr_line' id='line_1_35' title="bbox 137 3475 1651 3552; baseline -0.006 -11"><span class='ocrx_word' id='word_1_421' title='bbox 137 3494 281 3541; x_wconf 79' lang='grc' dir='ltr'><strong>ιιιιιιιιιι.</strong></span> <span class='ocrx_word' id='word_1_422' title='bbox 305 3481 368 3552; x_wconf 88' lang='lat' dir='ltr'>lpse</span> <span class='ocrx_word' id='word_1_423' title='bbox 387 3478 462 3536; x_wconf 90' lang='lat' dir='ltr'>enim</span> <span class='ocrx_word' id='word_1_424' title='bbox 478 3478 647 3535; x_wconf 90' lang='lat' dir='ltr'>sozomenus</span> <span class='ocrx_word' id='word_1_425' title='bbox 665 3476 743 3550; x_wconf 92' lang='lat' dir='ltr'>lingit</span> <span class='ocrx_word' id='word_1_426' title='bbox 770 3476 802 3533; x_wconf 92' lang='lat' dir='ltr'>iu</span> <span class='ocrx_word' id='word_1_427' title='bbox 829 3477 944 3534; x_wconf 81' lang='lat' dir='ltr'>Nicoena</span> <span class='ocrx_word' id='word_1_428' title='bbox 997 3476 1152 3552; x_wconf 90' lang='lat' dir='ltr'>apostolicis</span> <span class='ocrx_word' id='word_1_429' title='bbox 1165 3476 1273 3535; x_wconf 85' lang='lat' dir='ltr'>statutis</span> <span class='ocrx_word' id='word_1_430' title='bbox 1285 3475 1381 3535; x_wconf 88' lang='lat' dir='ltr'>saltem</span> <span class='ocrx_word' id='word_1_431' title='bbox 1394 3476 1522 3549; x_wconf 90' lang='lat' dir='ltr'>mitigare</span> <span class='ocrx_word' id='word_1_432' title='bbox 1536 3475 1651 3547; x_wconf 90' lang='lat' dir='ltr'>possint.</span> 
     </span>
     <span class='ocr_line' id='line_1_36' title="bbox 137 3567 1798 3653; baseline -0.005 -21"><span class='ocrx_word' id='word_1_433' title='bbox 137 3574 248 3653; x_wconf 71' lang='lat' dir='ltr'>synodo</span> <span class='ocrx_word' id='word_1_434' title='bbox 260 3572 431 3647; x_wconf 79' lang='lat' dir='ltr'>maingalem</span> <span class='ocrx_word' id='word_1_435' title='bbox 446 3571 675 3629; x_wconf 89' lang='lat' dir='ltr'>incontinentiam</span> <span class='ocrx_word' id='word_1_436' title='bbox 685 3568 875 3628; x_wconf 90' lang='lat' dir='ltr'>sacerdotibus</span> <span class='ocrx_word' id='word_1_437' title='bbox 887 3586 944 3627; x_wconf 93' lang='lat' dir='ltr'>non</span> <span class='ocrx_word' id='word_1_438' title='bbox 1033 3571 1191 3630; x_wconf 77' lang='lat' dir='ltr'>Anatbema</span> <span class='ocrx_word' id='word_1_439' title='bbox 1204 3571 1290 3629; x_wconf 90' lang='lat' dir='ltr'>etiam</span> <span class='ocrx_word' id='word_1_440' title='bbox 1300 3570 1375 3644; x_wconf 88' lang='lat' dir='ltr'>qued</span> <span class='ocrx_word' id='word_1_441' title='bbox 1384 3570 1528 3644; x_wconf 74' lang='lat' dir='ltr'>subiungis</span> <span class='ocrx_word' id='word_1_442' title='bbox 1534 3569 1656 3626; x_wconf 82' lang='lat' dir='ltr'>maxime</span> <span class='ocrx_word' id='word_1_443' title='bbox 1671 3567 1798 3625; x_wconf 91' lang='lat' dir='ltr'>convenit</span> 
     </span>
     <span class='ocr_line' id='line_1_37' title="bbox 138 3660 1796 3742; baseline -0.007 -13"><span class='ocrx_word' id='word_1_444' title='bbox 138 3684 203 3730; x_wconf 80' lang='grc' dir='ltr'><strong>ιιιι</strong></span> <span class='ocrx_word' id='word_1_445' title='bbox 211 3667 392 3742; x_wconf 88' lang='lat' dir='ltr'>prohibitam,</span> <span class='ocrx_word' id='word_1_446' title='bbox 406 3664 455 3723; x_wconf 88' lang='lat' dir='ltr'>sed</span> <span class='ocrx_word' id='word_1_447' title='bbox 466 3664 557 3738; x_wconf 89' lang='lat' dir='ltr'>potius</span> <span class='ocrx_word' id='word_1_448' title='bbox 571 3681 621 3738; x_wconf 93' lang='lat' dir='ltr'>pro</span> <span class='ocrx_word' id='word_1_449' title='bbox 636 3665 762 3722; x_wconf 89' lang='lat' dir='ltr'>castitate</span> <span class='ocrx_word' id='word_1_450' title='bbox 775 3671 943 3737; x_wconf 90' lang='lat' dir='ltr'>reputatam,</span> <span class='ocrx_word' id='word_1_451' title='bbox 997 3667 1177 3725; x_wconf 87' lang='lat' dir='ltr'>sectatoribus</span> <span class='ocrx_word' id='word_1_452' title='bbox 1190 3665 1347 3735; x_wconf 90' lang='lat' dir='ltr'>Sozomeni,</span> <span class='ocrx_word' id='word_1_453' title='bbox 1364 3673 1401 3734; x_wconf 88' lang='lat' dir='ltr'>et,</span> <span class='ocrx_word' id='word_1_454' title='bbox 1414 3671 1446 3721; x_wconf 91' lang='lat' dir='ltr'>nt</span> <span class='ocrx_word' id='word_1_455' title='bbox 1460 3662 1682 3736; x_wconf 88' lang='lat' dir='ltr'>compendiosius</span> <span class='ocrx_word' id='word_1_456' title='bbox 1695 3660 1796 3730; x_wconf 90' lang='lat' dir='ltr'>dicam,</span> 
     </span>
     <span class='ocr_line' id='line_1_38' title="bbox 137 3756 1799 3840; baseline -0.006 -19"><span class='ocrx_word' id='word_1_457' title='bbox 137 3762 265 3840; x_wconf 74' lang='lat' dir='ltr'>qnamS.</span> <span class='ocrx_word' id='word_1_458' title='bbox 279 3759 429 3835; x_wconf 86' lang='lat' dir='ltr'>Gregorius</span> <span class='ocrx_word' id='word_1_459' title='bbox 443 3775 496 3817; x_wconf 90' lang='lat' dir='ltr'>nec</span> <span class='ocrx_word' id='word_1_460' title='bbox 505 3759 668 3817; x_wconf 89' lang='lat' dir='ltr'>diaconibus</span> <span class='ocrx_word' id='word_1_461' title='bbox 679 3758 777 3816; x_wconf 73' lang='lat' dir='ltr'>Sicilie</span> <span class='ocrx_word' id='word_1_462' title='bbox 788 3758 817 3815; x_wconf 94' lang='lat' dir='ltr'>in</span> <span class='ocrx_word' id='word_1_463' title='bbox 829 3758 944 3831; x_wconf 87' lang='lat' dir='ltr'>epistola</span> <span class='ocrx_word' id='word_1_464' title='bbox 998 3759 1204 3830; x_wconf 87' lang='lat' dir='ltr'>sozomenistis,</span> <span class='ocrx_word' id='word_1_465' title='bbox 1228 3759 1273 3833; x_wconf 88' lang='lat' dir='ltr'>qui</span> <span class='ocrx_word' id='word_1_466' title='bbox 1287 3775 1343 3816; x_wconf 94' lang='lat' dir='ltr'>non</span> <span class='ocrx_word' id='word_1_467' title='bbox 1355 3758 1416 3816; x_wconf 90' lang='lat' dir='ltr'>dieo</span> <span class='ocrx_word' id='word_1_468' title='bbox 1428 3757 1594 3831; x_wconf 87' lang='lat' dir='ltr'>approbent,</span> <span class='ocrx_word' id='word_1_469' title='bbox 1608 3756 1666 3814; x_wconf 93' lang='lat' dir='ltr'>imo</span> <span class='ocrx_word' id='word_1_470' title='bbox 1676 3771 1758 3814; x_wconf 87' lang='lat' dir='ltr'>eausa</span> <span class='ocrx_word' id='word_1_471' title='bbox 1769 3764 1799 3813; x_wconf 89' lang='lat' dir='ltr'>et</span> 
     </span>
     <span class='ocr_line' id='line_1_39' title="bbox 139 3852 1815 3929; baseline -0.007 -11"><span class='ocrx_word' id='word_1_472' title='bbox 139 3872 194 3919; x_wconf 82' lang='lat' dir='ltr'>stre</span> <span class='ocrx_word' id='word_1_473' title='bbox 216 3856 366 3925; x_wconf 69' lang='lat' dir='ltr'>emeret,</span> <span class='ocrx_word' id='word_1_474' title='bbox 384 3854 434 3912; x_wconf 90' lang='lat' dir='ltr'>sed</span> <span class='ocrx_word' id='word_1_475' title='bbox 447 3853 477 3911; x_wconf 95' lang='lat' dir='ltr'>in</span> <span class='ocrx_word' id='word_1_476' title='bbox 495 3853 662 3927; x_wconf 88' lang='lat' dir='ltr'>quibusdam</span> <span class='ocrx_word' id='word_1_477' title='bbox 675 3868 773 3911; x_wconf 89' lang='lat' dir='ltr'>eornm</span> <span class='ocrx_word' id='word_1_478' title='bbox 787 3852 821 3911; x_wconf 87' lang='lat' dir='ltr'>ad</span> <span class='ocrx_word' id='word_1_479' title='bbox 833 3860 945 3925; x_wconf 90' lang='lat' dir='ltr'>tempus</span> <span class='ocrx_word' id='word_1_480' title='bbox 997 3863 1081 3929; x_wconf 90' lang='lat' dir='ltr'>caput</span> <span class='ocrx_word' id='word_1_481' title='bbox 1100 3862 1166 3912; x_wconf 87' lang='lat' dir='ltr'>sunt</span> <span class='ocrx_word' id='word_1_482' title='bbox 1181 3862 1214 3910; x_wconf 90' lang='lat' dir='ltr'>nt</span> <span class='ocrx_word' id='word_1_483' title='bbox 1235 3853 1379 3911; x_wconf 77' lang='lat' dir='ltr'>saeculares</span> <span class='ocrx_word' id='word_1_484' title='bbox 1404 3852 1551 3910; x_wconf 85' lang='lat' dir='ltr'>incitentur</span> <span class='ocrx_word' id='word_1_485' title='bbox 1576 3858 1673 3909; x_wconf 83' lang='grc' dir='ltr'><strong>ιιιιιιι</strong></span> <span class='ocrx_word' id='word_1_486' title='bbox 1708 3863 1815 3925; x_wconf 75' lang='grc' dir='ltr'>ιιιιι·-,Ι</span> 
     </span>
     <span class='ocr_line' id='line_1_40' title="bbox 139 3945 1796 4021; baseline -0.006 -10"><span class='ocrx_word' id='word_1_487' title='bbox 139 3959 257 4011; x_wconf 71' lang='lat' dir='ltr'>uatum</span> <span class='ocrx_word' id='word_1_488' title='bbox 277 3947 488 4015; x_wconf 87' lang='lat' dir='ltr'>dissimulando,</span> <span class='ocrx_word' id='word_1_489' title='bbox 509 3964 566 4005; x_wconf 91' lang='lat' dir='ltr'>non</span> <span class='ocrx_word' id='word_1_490' title='bbox 585 3947 689 4004; x_wconf 88' lang='lat' dir='ltr'>licitam</span> <span class='ocrx_word' id='word_1_491' title='bbox 713 3946 873 4017; x_wconf 92' lang='lat' dir='ltr'>asserendo,</span> <span class='ocrx_word' id='word_1_492' title='bbox 888 3962 945 4004; x_wconf 92' lang='lat' dir='ltr'>non</span> <span class='ocrx_word' id='word_1_493' title='bbox 997 3949 1085 4008; x_wconf 90' lang='lat' dir='ltr'>dotes.</span> <span class='ocrx_word' id='word_1_494' title='bbox 1098 3949 1153 4021; x_wconf 90' lang='lat' dir='ltr'>Ipsi</span> <span class='ocrx_word' id='word_1_495' title='bbox 1166 3948 1241 4007; x_wconf 90' lang='lat' dir='ltr'>enim</span> <span class='ocrx_word' id='word_1_496' title='bbox 1255 3963 1305 4005; x_wconf 91' lang='lat' dir='ltr'>sna</span> <span class='ocrx_word' id='word_1_497' title='bbox 1318 3945 1516 4004; x_wconf 78' lang='lat' dir='ltr'>nefandissime</span> <span class='ocrx_word' id='word_1_498' title='bbox 1536 3945 1718 4018; x_wconf 89' lang='lat' dir='ltr'>persuasione</span> <span class='ocrx_word' id='word_1_499' title='bbox 1731 3945 1796 4002; x_wconf 90' lang='lat' dir='ltr'>sim·</span> 
     </span>
     <span class='ocr_line' id='line_1_41' title="bbox 138 4037 1798 4117; baseline -0.007 -10"><span class='ocrx_word' id='word_1_500' title='bbox 138 4062 210 4107; x_wconf 75' lang='lat' dir='ltr'>mm</span> <span class='ocrx_word' id='word_1_501' title='bbox 239 4045 358 4104; x_wconf 67' lang='lat' dir='ltr'>decons</span> <span class='ocrx_word' id='word_1_502' title='bbox 387 4043 637 4109; x_wconf 90' lang='lat' dir='ltr'>administratione,</span> <span class='ocrx_word' id='word_1_503' title='bbox 673 4041 722 4099; x_wconf 89' lang='lat' dir='ltr'>sed</span> <span class='ocrx_word' id='word_1_504' title='bbox 755 4041 807 4099; x_wconf 87' lang='lat' dir='ltr'>sub</span> <span class='ocrx_word' id='word_1_505' title='bbox 842 4041 947 4098; x_wconf 90' lang='lat' dir='ltr'>altioris</span> <span class='ocrx_word' id='word_1_506' title='bbox 1000 4044 1125 4117; x_wconf 88' lang='lat' dir='ltr'>plicioree</span> <span class='ocrx_word' id='word_1_507' title='bbox 1135 4043 1309 4117; x_wconf 84' lang='lat' dir='ltr'>presbyteros</span> <span class='ocrx_word' id='word_1_508' title='bbox 1323 4040 1358 4099; x_wconf 89' lang='lat' dir='ltr'>sd</span> <span class='ocrx_word' id='word_1_509' title='bbox 1366 4038 1583 4099; x_wconf 90' lang='lat' dir='ltr'>contemnendos</span> <span class='ocrx_word' id='word_1_510' title='bbox 1592 4054 1712 4097; x_wconf 89' lang='lat' dir='ltr'>canones</span> <span class='ocrx_word' id='word_1_511' title='bbox 1726 4037 1798 4096; x_wconf 85' lang='lat' dir='ltr'>adeo</span> 
     </span>
     <span class='ocr_line' id='line_1_42' title="bbox 139 4133 1798 4217; baseline -0.005 -18"><span class='ocrx_word' id='word_1_512' title='bbox 139 4139 249 4217; x_wconf 68' lang='lat' dir='ltr'>mdiu</span> <span class='ocrx_word' id='word_1_513' title='bbox 268 4138 455 4212; x_wconf 83' lang='lat' dir='ltr'>prohibitione</span> <span class='ocrx_word' id='word_1_514' title='bbox 471 4137 568 4212; x_wconf 87' lang='lat' dir='ltr'>legitur</span> <span class='ocrx_word' id='word_1_515' title='bbox 580 4137 721 4193; x_wconf 87' lang='lat' dir='ltr'>tolerasse.</span> <span class='ocrx_word' id='word_1_516' title='bbox 999 4136 1168 4207; x_wconf 87' lang='lat' dir='ltr'>confortant,</span> <span class='ocrx_word' id='word_1_517' title='bbox 1181 4145 1214 4194; x_wconf 91' lang='lat' dir='ltr'>nt</span> <span class='ocrx_word' id='word_1_518' title='bbox 1227 4144 1347 4194; x_wconf 90' lang='lat' dir='ltr'>rectores</span> <span class='ocrx_word' id='word_1_519' title='bbox 1361 4135 1546 4192; x_wconf 80' lang='lat' dir='ltr'>Erelesiarum</span> <span class='ocrx_word' id='word_1_520' title='bbox 1555 4133 1710 4192; x_wconf 89' lang='lat' dir='ltr'>necessario</span> <span class='ocrx_word' id='word_1_521' title='bbox 1724 4133 1798 4191; x_wconf 83' lang='lat' dir='ltr'>Gre—</span> 
     </span>
     <span class='ocr_line' id='line_1_43' title="bbox 143 4226 1798 4308; baseline -0.004 -17"><span class='ocrx_word' id='word_1_522' title='bbox 143 4258 146 4263; x_wconf 95' lang='lat'>·</span> <span class='ocrx_word' id='word_1_523' title='bbox 177 4234 309 4308; x_wconf 82' lang='lat' dir='ltr'>Denique</span> <span class='ocrx_word' id='word_1_524' title='bbox 321 4232 391 4290; x_wconf 86' lang='lat' dir='ltr'>nibil</span> <span class='ocrx_word' id='word_1_525' title='bbox 405 4232 474 4290; x_wconf 91' lang='lat' dir='ltr'>adeo</span> <span class='ocrx_word' id='word_1_526' title='bbox 485 4231 565 4288; x_wconf 87' lang='lat' dir='ltr'>alicui</span> <span class='ocrx_word' id='word_1_527' title='bbox 580 4231 717 4303; x_wconf 89' lang='lat' dir='ltr'>reperitur</span> <span class='ocrx_word' id='word_1_528' title='bbox 729 4226 861 4286; x_wconf 90' lang='lat' dir='ltr'>dissimile</span> <span class='ocrx_word' id='word_1_529' title='bbox 873 4227 948 4301; x_wconf 88' lang='lat' dir='ltr'>quod</span> <span class='ocrx_word' id='word_1_530' title='bbox 999 4233 1127 4306; x_wconf 88' lang='lat' dir='ltr'>gorianas</span> <span class='ocrx_word' id='word_1_531' title='bbox 1149 4230 1299 4287; x_wconf 90' lang='lat' dir='ltr'>sententias</span> <span class='ocrx_word' id='word_1_532' title='bbox 1324 4229 1358 4286; x_wconf 89' lang='lat' dir='ltr'>ad</span> <span class='ocrx_word' id='word_1_533' title='bbox 1381 4229 1527 4286; x_wconf 82' lang='lat' dir='ltr'>saecnlares</span> <span class='ocrx_word' id='word_1_534' title='bbox 1557 4227 1706 4300; x_wconf 79' lang='lat' dir='ltr'>proferent.</span> <span class='ocrx_word' id='word_1_535' title='bbox 1735 4230 1798 4300; x_wconf 90' lang='lat' dir='ltr'>lpse</span> 
     </span>
     <span class='ocr_line' id='line_1_44' title="bbox 141 4321 1798 4399; baseline -0.008 -9"><span class='ocrx_word' id='word_1_536' title='bbox 141 4343 280 4389; x_wconf 74' lang='lat' dir='ltr'>meum</span> <span class='ocrx_word' id='word_1_537' title='bbox 301 4325 400 4387; x_wconf 89' lang='lat' dir='ltr'>eedem</span> <span class='ocrx_word' id='word_1_538' title='bbox 418 4325 538 4399; x_wconf 83' lang='lat' dir='ltr'>aliquem</span> <span class='ocrx_word' id='word_1_539' title='bbox 552 4321 742 4381; x_wconf 89' lang='lat' dir='ltr'>similitudinis</span> <span class='ocrx_word' id='word_1_540' title='bbox 761 4322 946 4380; x_wconf 90' lang='lat' dir='ltr'>babeatcolo·</span> <span class='ocrx_word' id='word_1_541' title='bbox 1000 4325 1077 4383; x_wconf 91' lang='lat' dir='ltr'>enim</span> <span class='ocrx_word' id='word_1_542' title='bbox 1099 4323 1198 4381; x_wconf 88' lang='lat' dir='ltr'>doctor</span> <span class='ocrx_word' id='word_1_543' title='bbox 1222 4322 1387 4396; x_wconf 88' lang='lat' dir='ltr'>apostoliens</span> <span class='ocrx_word' id='word_1_544' title='bbox 1399 4321 1529 4378; x_wconf 82' lang='lat' dir='ltr'>lennasio</span> <span class='ocrx_word' id='word_1_545' title='bbox 1550 4321 1663 4394; x_wconf 89' lang='lat' dir='ltr'>patricio</span> <span class='ocrx_word' id='word_1_546' title='bbox 1679 4322 1716 4377; x_wconf 89' lang='lat' dir='ltr'>ita</span> <span class='ocrx_word' id='word_1_547' title='bbox 1728 4321 1798 4377; x_wconf 91' lang='lat' dir='ltr'>scri·</span> 
     </span>
     <span class='ocr_line' id='line_1_45' title="bbox 140 4413 1798 4493; baseline -0.008 -10"><span class='ocrx_word' id='word_1_548' title='bbox 140 4438 220 4493; x_wconf 70' lang='lat' dir='ltr'>run,</span> <span class='ocrx_word' id='word_1_549' title='bbox 244 4436 312 4480; x_wconf 88' lang='lat' dir='ltr'>curn</span> <span class='ocrx_word' id='word_1_550' title='bbox 337 4420 444 4493; x_wconf 89' lang='lat' dir='ltr'>etipse</span> <span class='ocrx_word' id='word_1_551' title='bbox 471 4418 596 4476; x_wconf 89' lang='lat' dir='ltr'>diabolus</span> <span class='ocrx_word' id='word_1_552' title='bbox 617 4433 647 4474; x_wconf 88' lang='lat' dir='ltr'>se</span> <span class='ocrx_word' id='word_1_553' title='bbox 671 4418 701 4473; x_wconf 93' lang='lat' dir='ltr'>in</span> <span class='ocrx_word' id='word_1_554' title='bbox 720 4418 851 4491; x_wconf 90' lang='lat' dir='ltr'>angelum</span> <span class='ocrx_word' id='word_1_555' title='bbox 876 4415 946 4473; x_wconf 89' lang='lat' dir='ltr'>lucis</span> <span class='ocrx_word' id='word_1_556' title='bbox 1000 4418 1062 4475; x_wconf 90' lang='lat' dir='ltr'>bit:</span> <span class='ocrx_word' id='word_1_557' title='bbox 1085 4419 1157 4476; x_wconf 78' lang='lat' dir='ltr'>scito</span> <span class='ocrx_word' id='word_1_558' title='bbox 1181 4421 1281 4482; x_wconf 83' lang='grc' dir='ltr'><strong>ιιιιιι,</strong></span> <span class='ocrx_word' id='word_1_559' title='bbox 1308 4417 1350 4488; x_wconf 71' lang='lat' dir='ltr'>pli</span> <span class='ocrx_word' id='word_1_560' title='bbox 1370 4413 1597 4484; x_wconf 76' lang='lat' dir='ltr'>ermilentissime,</span> <span class='ocrx_word' id='word_1_561' title='bbox 1620 4416 1646 4470; x_wconf 82' lang='grc' dir='ltr'>ιι·</span> <span class='ocrx_word' id='word_1_562' title='bbox 1671 4415 1798 4470; x_wconf 63' lang='lat' dir='ltr'>marius</span> 
     </span>
     <span class='ocr_line' id='line_1_46' title="bbox 141 4509 1798 4585; baseline -0.009 -8"><span class='ocrx_word' id='word_1_563' title='bbox 141 4518 235 4577; x_wconf 86' lang='lat' dir='ltr'>soleat</span> <span class='ocrx_word' id='word_1_564' title='bbox 244 4514 443 4575; x_wconf 85' lang='lat' dir='ltr'>transformare</span> <span class='ocrx_word' id='word_1_565' title='bbox 463 4513 503 4584; x_wconf 80' lang='lat' dir='ltr'>(ll</span> <span class='ocrx_word' id='word_1_566' title='bbox 515 4513 576 4569; x_wconf 83' lang='lat' dir='ltr'>Gor.</span> <span class='ocrx_word' id='word_1_567' title='bbox 592 4518 635 4580; x_wconf 92' lang='grc' dir='ltr'><strong>ιι).</strong></span> <span class='ocrx_word' id='word_1_568' title='bbox 647 4510 720 4581; x_wconf 87' lang='lat' dir='ltr'>Quid</span> <span class='ocrx_word' id='word_1_569' title='bbox 732 4510 816 4585; x_wconf 91' lang='lat' dir='ltr'>igitur</span> <span class='ocrx_word' id='word_1_570' title='bbox 828 4509 943 4578; x_wconf 90' lang='lat' dir='ltr'>mirum,</span> <span class='ocrx_word' id='word_1_571' title='bbox 960 4518 986 4583; x_wconf 87' lang='lat'>1)</span> <span class='ocrx_word' id='word_1_572' title='bbox 1001 4514 1134 4585; x_wconf 70' lang='lat' dir='ltr'>promtis,</span> <span class='ocrx_word' id='word_1_573' title='bbox 1157 4512 1184 4568; x_wconf 77' lang='lat' dir='ltr'>ss·</span> <span class='ocrx_word' id='word_1_574' title='bbox 1210 4512 1328 4568; x_wconf 77' lang='lat' dir='ltr'>comissas</span> <span class='ocrx_word' id='word_1_575' title='bbox 1347 4511 1421 4565; x_wconf 77' lang='lat' dir='ltr'>uobis</span> <span class='ocrx_word' id='word_1_576' title='bbox 1452 4509 1598 4580; x_wconf 75' lang='grc' dir='ltr'><strong>ριιιίιιιιι</strong></span> <span class='ocrx_word' id='word_1_577' title='bbox 1628 4510 1798 4563; x_wconf 84' lang='lat' dir='ltr'>securitatem</span> 
     </span>
     <span class='ocr_line' id='line_1_47' title="bbox 141 4602 1796 4685; baseline -0.01 -11"><span class='ocrx_word' id='word_1_578' title='bbox 141 4614 171 4675; x_wconf 84' lang='lat' dir='ltr'>si</span> <span class='ocrx_word' id='word_1_579' title='bbox 190 4622 225 4671; x_wconf 86' lang='lat' dir='ltr'>m</span> <span class='ocrx_word' id='word_1_580' title='bbox 246 4613 348 4685; x_wconf 87' lang='lat' dir='ltr'>scripta</span> <span class='ocrx_word' id='word_1_581' title='bbox 369 4607 494 4683; x_wconf 86' lang='lat' dir='ltr'>Gregorii</span> <span class='ocrx_word' id='word_1_582' title='bbox 511 4608 653 4682; x_wconf 87' lang='lat' dir='ltr'>figmentis</span> <span class='ocrx_word' id='word_1_583' title='bbox 667 4607 816 4665; x_wconf 88' lang='lat' dir='ltr'>sozomeni</span> <span class='ocrx_word' id='word_1_584' title='bbox 836 4621 948 4680; x_wconf 90' lang='lat' dir='ltr'>quoquo</span> <span class='ocrx_word' id='word_1_585' title='bbox 1002 4609 1135 4670; x_wconf 80' lang='lat' dir='ltr'>tractetis,</span> <span class='ocrx_word' id='word_1_586' title='bbox 1155 4606 1227 4664; x_wconf 78' lang='lat' dir='ltr'>ciiii</span> <span class='ocrx_word' id='word_1_587' title='bbox 1252 4605 1331 4660; x_wconf 79' lang='lat' dir='ltr'>eliud</span> <span class='ocrx_word' id='word_1_588' title='bbox 1344 4604 1417 4660; x_wconf 83' lang='lat' dir='ltr'>uobis</span> <span class='ocrx_word' id='word_1_589' title='bbox 1431 4602 1567 4673; x_wconf 74' lang='lat' dir='ltr'>mouisset</span> <span class='ocrx_word' id='word_1_590' title='bbox 1590 4602 1637 4659; x_wconf 86' lang='lat' dir='ltr'>boc</span> <span class='ocrx_word' id='word_1_591' title='bbox 1658 4604 1796 4675; x_wconf 74' lang='grc' dir='ltr'><strong>ιιοιιιιιι,</strong></span> 
     </span>
     <span class='ocr_line' id='line_1_48' title="bbox 142 4697 1797 4773; baseline -0.011 -4"><span class='ocrx_word' id='word_1_592' title='bbox 142 4706 235 4769; x_wconf 78' lang='lat' dir='ltr'>medo</span> <span class='ocrx_word' id='word_1_593' title='bbox 256 4706 428 4773; x_wconf 78' lang='lat' dir='ltr'>assimilasti,</span> <span class='ocrx_word' id='word_1_594' title='bbox 447 4720 513 4763; x_wconf 87' lang='lat' dir='ltr'>enm</span> <span class='ocrx_word' id='word_1_595' title='bbox 536 4711 632 4760; x_wconf 89' lang='lat' dir='ltr'>tamen</span> <span class='ocrx_word' id='word_1_596' title='bbox 644 4703 714 4760; x_wconf 87' lang='lat' dir='ltr'>adeo</span> <span class='ocrx_word' id='word_1_597' title='bbox 729 4701 894 4759; x_wconf 91' lang='lat' dir='ltr'>dissentiant</span> <span class='ocrx_word' id='word_1_598' title='bbox 916 4709 949 4758; x_wconf 92' lang='lat' dir='ltr'>ut</span> <span class='ocrx_word' id='word_1_599' title='bbox 1002 4718 1085 4773; x_wconf 85' lang='lat' dir='ltr'>quom</span> <span class='ocrx_word' id='word_1_600' title='bbox 1099 4700 1461 4762; x_wconf 66' lang='lat' dir='ltr'>zelomsacerdotumoitom,</span> <span class='ocrx_word' id='word_1_601' title='bbox 1474 4702 1499 4753; x_wconf 87' lang='lat' dir='ltr'>ct</span> <span class='ocrx_word' id='word_1_602' title='bbox 1517 4698 1649 4752; x_wconf 80' lang='lat' dir='ltr'>intestina</span> <span class='ocrx_word' id='word_1_603' title='bbox 1664 4697 1797 4752; x_wconf 76' lang='lat' dir='ltr'>Ecclesiu-</span> 
     </span>
     <span class='ocr_line' id='line_1_49' title="bbox 141 4791 1797 4876; baseline -0.008 -16"><span class='ocrx_word' id='word_1_604' title='bbox 141 4800 232 4876; x_wconf 73' lang='lat' dir='ltr'>lrnlns</span> <span class='ocrx_word' id='word_1_605' title='bbox 252 4799 384 4875; x_wconf 83' lang='lat' dir='ltr'>figmenta</span> <span class='ocrx_word' id='word_1_606' title='bbox 396 4798 553 4856; x_wconf 90' lang='lat' dir='ltr'>nullatenus</span> <span class='ocrx_word' id='word_1_607' title='bbox 575 4797 775 4871; x_wconf 89' lang='lat' dir='ltr'>Gregoriannm</span> <span class='ocrx_word' id='word_1_608' title='bbox 802 4796 948 4853; x_wconf 87' lang='lat' dir='ltr'>anathema</span> <span class='ocrx_word' id='word_1_609' title='bbox 1001 4798 1277 4866; x_wconf 70' lang='lat' dir='ltr'>rememorantem</span> <span class='ocrx_word' id='word_1_610' title='bbox 1291 4792 1418 4865; x_wconf 82' lang='lat' dir='ltr'>possibile</span> <span class='ocrx_word' id='word_1_611' title='bbox 1448 4795 1497 4860; x_wconf 84' lang='lat' dir='ltr'>est,</span> <span class='ocrx_word' id='word_1_612' title='bbox 1530 4791 1598 4847; x_wconf 83' lang='lat' dir='ltr'>betia</span> <span class='ocrx_word' id='word_1_613' title='bbox 1623 4805 1797 4863; x_wconf 83' lang='lat' dir='ltr'>compescere.</span> 
     </span>
     <span class='ocr_line' id='line_1_50' title="bbox 143 4883 1799 4968; baseline -0.008 -13"><span class='ocrx_word' id='word_1_614' title='bbox 143 4891 477 4968; x_wconf 75' lang='lat' dir='ltr'>nbtmmgerevatcamr</span> <span class='ocrx_word' id='word_1_615' title='bbox 491 4891 646 4949; x_wconf 75' lang='lat' dir='ltr'>iustissime</span> <span class='ocrx_word' id='word_1_616' title='bbox 670 4897 764 4947; x_wconf 88' lang='lat' dir='ltr'>autern</span> <span class='ocrx_word' id='word_1_617' title='bbox 791 4903 850 4945; x_wconf 93' lang='lat' dir='ltr'>non</span> <span class='ocrx_word' id='word_1_618' title='bbox 877 4887 949 4944; x_wconf 87' lang='lat' dir='ltr'>bane</span> <span class='ocrx_word' id='word_1_619' title='bbox 1001 4888 1081 4953; x_wconf 88' lang='lat' dir='ltr'>ldem</span> <span class='ocrx_word' id='word_1_620' title='bbox 1105 4887 1188 4945; x_wconf 91' lang='lat' dir='ltr'>etiam</span> <span class='ocrx_word' id='word_1_621' title='bbox 1202 4902 1279 4961; x_wconf 88' lang='lat' dir='ltr'>reges</span> <span class='ocrx_word' id='word_1_622' title='bbox 1293 4888 1464 4943; x_wconf 80' lang='lat' dir='ltr'>Francorum</span> <span class='ocrx_word' id='word_1_623' title='bbox 1472 4884 1501 4940; x_wconf 94' lang='lat' dir='ltr'>in</span> <span class='ocrx_word' id='word_1_624' title='bbox 1516 4883 1686 4958; x_wconf 77' lang='lat' dir='ltr'>adiutorium</span> <span class='ocrx_word' id='word_1_625' title='bbox 1700 4884 1752 4942; x_wconf 91' lang='lat' dir='ltr'>sibi</span> <span class='ocrx_word' id='word_1_626' title='bbox 1763 4884 1799 4941; x_wconf 89' lang='lat' dir='ltr'>ad</span> 
     </span>
     <span class='ocr_line' id='line_1_51' title="bbox 88 4977 1798 5063; baseline -0.004 -22"><span class='ocrx_word' id='word_1_627' title='bbox 88 5036 96 5043; x_wconf 83' lang='lat'>..</span> <span class='ocrx_word' id='word_1_628' title='bbox 142 4987 331 5063; x_wconf 79' lang='lat' dir='ltr'>tmporalem</span> <span class='ocrx_word' id='word_1_629' title='bbox 349 4994 379 5046; x_wconf 88' lang='lat' dir='ltr'>et</span> <span class='ocrx_word' id='word_1_630' title='bbox 404 4985 635 5060; x_wconf 86' lang='lat' dir='ltr'>dispensatoriam</span> <span class='ocrx_word' id='word_1_631' title='bbox 659 4985 688 5042; x_wconf 92' lang='lat' dir='ltr'>s.</span> <span class='ocrx_word' id='word_1_632' title='bbox 700 4983 827 5057; x_wconf 88' lang='lat' dir='ltr'>Gregorii</span> <span class='ocrx_word' id='word_1_633' title='bbox 849 4981 949 5039; x_wconf 90' lang='lat' dir='ltr'>tolera·</span> <span class='ocrx_word' id='word_1_634' title='bbox 1002 4982 1201 5042; x_wconf 88' lang='lat' dir='ltr'>correctionem</span> <span class='ocrx_word' id='word_1_635' title='bbox 1233 4979 1409 5038; x_wconf 89' lang='lat' dir='ltr'>sacerdotum</span> <span class='ocrx_word' id='word_1_636' title='bbox 1437 4979 1488 5036; x_wconf 87' lang='lat' dir='ltr'>bae</span> <span class='ocrx_word' id='word_1_637' title='bbox 1518 4978 1633 5036; x_wconf 90' lang='lat' dir='ltr'>terribili</span> <span class='ocrx_word' id='word_1_638' title='bbox 1665 4977 1798 5036; x_wconf 89' lang='lat' dir='ltr'>sententia</span> 
     </span>
     <span class='ocr_line' id='line_1_52' title="bbox 144 5072 1798 5156; baseline -0.01 -12"><span class='ocrx_word' id='word_1_639' title='bbox 144 5080 326 5155; x_wconf 55' lang='lat' dir='ltr'>timeum</span> <span class='ocrx_word' id='word_1_640' title='bbox 344 5081 482 5156; x_wconf 90' lang='lat' dir='ltr'>generalia</span> <span class='ocrx_word' id='word_1_641' title='bbox 492 5079 618 5154; x_wconf 87' lang='lat' dir='ltr'>ipsiuset</span> <span class='ocrx_word' id='word_1_642' title='bbox 639 5078 809 5152; x_wconf 82' lang='lat' dir='ltr'>reliquorum</span> <span class='ocrx_word' id='word_1_643' title='bbox 834 5078 947 5133; x_wconf 87' lang='lat' dir='ltr'>Petrum</span> <span class='ocrx_word' id='word_1_644' title='bbox 1001 5077 1129 5137; x_wconf 82' lang='lat' dir='ltr'>incitavit</span> <span class='ocrx_word' id='word_1_645' title='bbox 1142 5083 1298 5134; x_wconf 86' lang='lat' dir='ltr'>contestans</span> <span class='ocrx_word' id='word_1_646' title='bbox 1311 5094 1317 5131; x_wconf 93' lang='lat'><strong>:</strong></span> <span class='ocrx_word' id='word_1_647' title='bbox 1331 5074 1417 5144; x_wconf 83' lang='lat' dir='ltr'>Quod,</span> <span class='ocrx_word' id='word_1_648' title='bbox 1432 5072 1534 5146; x_wconf 87' lang='lat' dir='ltr'>inquit,</span> <span class='ocrx_word' id='word_1_649' title='bbox 1553 5073 1739 5145; x_wconf 74' lang='lat' dir='ltr'>proculdubio</span> <span class='ocrx_word' id='word_1_650' title='bbox 1752 5074 1798 5141; x_wconf 75' lang='lat' dir='ltr'>fo·</span> 
     </span>
     <span class='ocr_line' id='line_1_53' title="bbox 90 5168 1796 5252; baseline -0.013 -9.323"><span class='ocrx_word' id='word_1_651' title='bbox 90 5178 259 5241; x_wconf 64' lang='lat' dir='ltr'>&amp;mets</span> <span class='ocrx_word' id='word_1_652' title='bbox 272 5175 497 5252; x_wconf 79' lang='lat' dir='ltr'>generaliterbce</span> <span class='ocrx_word' id='word_1_653' title='bbox 508 5182 634 5248; x_wconf 89' lang='lat' dir='ltr'>ternpore</span> <span class='ocrx_word' id='word_1_654' title='bbox 645 5173 776 5247; x_wconf 72' lang='lat' dir='ltr'>jubemur</span> <span class='ocrx_word' id='word_1_655' title='bbox 787 5172 947 5242; x_wconf 90' lang='lat' dir='ltr'>observare</span> <span class='ocrx_word' id='word_1_656' title='bbox 1002 5175 1096 5230; x_wconf 72' lang='lat' dir='ltr'>cientis</span> <span class='ocrx_word' id='word_1_657' title='bbox 1119 5173 1227 5243; x_wconf 82' lang='lat' dir='ltr'>culpem</span> <span class='ocrx_word' id='word_1_658' title='bbox 1257 5169 1348 5237; x_wconf 80' lang='lat' dir='ltr'>babet,</span> <span class='ocrx_word' id='word_1_659' title='bbox 1375 5170 1427 5239; x_wconf 83' lang='lat' dir='ltr'>qut</span> <span class='ocrx_word' id='word_1_660' title='bbox 1448 5168 1521 5240; x_wconf 80' lang='lat' dir='ltr'>quod</span> <span class='ocrx_word' id='word_1_661' title='bbox 1541 5172 1630 5238; x_wconf 87' lang='lat' dir='ltr'>potest</span> <span class='ocrx_word' id='word_1_662' title='bbox 1658 5181 1796 5243; x_wconf 67' lang='lat' dir='ltr'>congere,</span> 
     </span>
     <span class='ocr_line' id='line_1_54' title="bbox 88 5256 1799 5347; baseline -0.013 -13"><span class='ocrx_word' id='word_1_663' title='bbox 88 5294 114 5347; x_wconf 63' lang='lat' dir='ltr'>s</span> <span class='ocrx_word' id='word_1_664' title='bbox 144 5286 216 5333; x_wconf 69' lang='lat' dir='ltr'>urm</span> <span class='ocrx_word' id='word_1_665' title='bbox 233 5271 331 5332; x_wconf 79' lang='grc' dir='ltr'><strong>ιιιιιιι</strong></span> <span class='ocrx_word' id='word_1_666' title='bbox 353 5285 423 5346; x_wconf 84' lang='lat' dir='ltr'>papa</span> <span class='ocrx_word' id='word_1_667' title='bbox 446 5272 520 5341; x_wconf 82' lang='lat' dir='ltr'>Leo,</span> <span class='ocrx_word' id='word_1_668' title='bbox 539 5276 595 5326; x_wconf 75' lang='lat' dir='ltr'>tum</span> <span class='ocrx_word' id='word_1_669' title='bbox 618 5269 707 5340; x_wconf 91' lang='lat' dir='ltr'>partis</span> <span class='ocrx_word' id='word_1_670' title='bbox 729 5276 892 5336; x_wconf 86' lang='lat' dir='ltr'>assentator,</span> <span class='ocrx_word' id='word_1_671' title='bbox 919 5273 950 5322; x_wconf 92' lang='lat' dir='ltr'>ut</span> <span class='ocrx_word' id='word_1_672' title='bbox 1002 5263 1278 5338; x_wconf 72' lang='lat' dir='ltr'>neglegitemeadere.</span> <span class='ocrx_word' id='word_1_673' title='bbox 1288 5264 1348 5319; x_wconf 84' lang='lat' dir='ltr'>Nec</span> <span class='ocrx_word' id='word_1_674' title='bbox 1361 5261 1540 5318; x_wconf 91' lang='lat' dir='ltr'>tamenidem</span> <span class='ocrx_word' id='word_1_675' title='bbox 1568 5256 1733 5331; x_wconf 89' lang='lat' dir='ltr'>apostolicus</span> <span class='ocrx_word' id='word_1_676' title='bbox 1748 5266 1799 5328; x_wconf 87' lang='lat' dir='ltr'>per</span> 
     </span>
     <span class='ocr_line' id='line_1_55' title="bbox 145 5355 1799 5440; baseline -0.014 -10"><span class='ocrx_word' id='word_1_677' title='bbox 145 5366 283 5440; x_wconf 70' lang='grc' dir='ltr'><strong>αιιιιιιι,</strong></span> <span class='ocrx_word' id='word_1_678' title='bbox 308 5365 346 5426; x_wconf 91' lang='lat' dir='ltr'>ad</span> <span class='ocrx_word' id='word_1_679' title='bbox 360 5365 505 5439; x_wconf 90' lang='lat' dir='ltr'>episcopos</span> <span class='ocrx_word' id='word_1_680' title='bbox 523 5361 777 5421; x_wconf 84' lang='lat' dir='ltr'>Mauritaniaebanc</span> <span class='ocrx_word' id='word_1_681' title='bbox 795 5359 949 5435; x_wconf 87' lang='lat' dir='ltr'>generalem</span> <span class='ocrx_word' id='word_1_682' title='bbox 1003 5359 1057 5417; x_wconf 91' lang='lat' dir='ltr'>boc</span> <span class='ocrx_word' id='word_1_683' title='bbox 1076 5356 1329 5431; x_wconf 90' lang='lat' dir='ltr'>aliquidcommisit</span> <span class='ocrx_word' id='word_1_684' title='bbox 1344 5355 1372 5411; x_wconf 93' lang='lat' dir='ltr'>in</span> <span class='ocrx_word' id='word_1_685' title='bbox 1386 5356 1433 5413; x_wconf 93' lang='lat' dir='ltr'>ss.</span> <span class='ocrx_word' id='word_1_686' title='bbox 1455 5358 1570 5412; x_wconf 86' lang='lat' dir='ltr'>Petrum</span> <span class='ocrx_word' id='word_1_687' title='bbox 1584 5356 1697 5417; x_wconf 86' lang='lat' dir='ltr'>statuta,</span> <span class='ocrx_word' id='word_1_688' title='bbox 1711 5364 1799 5407; x_wconf 87' lang='lat' dir='ltr'>sacer</span> 
     </span>
     <span class='ocr_line' id='line_1_56' title="bbox 144 5443 1800 5537; baseline -0.01 -16"><span class='ocrx_word' id='word_1_689' title='bbox 144 5460 271 5537; x_wconf 71' lang='grc' dir='ltr'><strong>μιιιιιι</strong></span> <span class='ocrx_word' id='word_1_690' title='bbox 293 5456 868 5532; x_wconf 80' lang='lat' dir='ltr'>sontmtlam.1tonergoinoujmquam</span> <span class='ocrx_word' id='word_1_691' title='bbox 886 5470 950 5529; x_wconf 92' lang='lat' dir='ltr'>per-</span> <span class='ocrx_word' id='word_1_692' title='bbox 1003 5452 1116 5511; x_wconf 87' lang='lat' dir='ltr'>doteea</span> <span class='ocrx_word' id='word_1_693' title='bbox 1138 5450 1315 5509; x_wconf 83' lang='lat' dir='ltr'>saecularibus</span> <span class='ocrx_word' id='word_1_694' title='bbox 1341 5446 1521 5506; x_wconf 86' lang='lat' dir='ltr'>defendentia.</span> <span class='ocrx_word' id='word_1_695' title='bbox 1545 5443 1628 5501; x_wconf 82' lang='lat' dir='ltr'>Novit</span> <span class='ocrx_word' id='word_1_696' title='bbox 1645 5443 1720 5502; x_wconf 90' lang='lat' dir='ltr'>enim</span> <span class='ocrx_word' id='word_1_697' title='bbox 1738 5458 1800 5504; x_wconf 85' lang='lat' dir='ltr'>cer·</span> 
     </span>
     <span class='ocr_line' id='line_1_57' title="bbox 95 5535 1802 5628; baseline -0.01 -14"><span class='ocrx_word' id='word_1_698' title='bbox 95 5546 106 5553; x_wconf 74' lang='grc'><strong>“</strong></span> <span class='ocrx_word' id='word_1_699' title='bbox 145 5566 221 5613; x_wconf 86' lang='lat' dir='ltr'>sona</span> <span class='ocrx_word' id='word_1_700' title='bbox 241 5560 286 5612; x_wconf 90' lang='lat' dir='ltr'>est</span> <span class='ocrx_word' id='word_1_701' title='bbox 306 5550 577 5628; x_wconf 72' lang='lat' dir='ltr'>pretermittendum</span> <span class='ocrx_word' id='word_1_702' title='bbox 611 5550 721 5626; x_wconf 86' lang='lat' dir='ltr'>qnod</span> <span class='ocrx_word' id='word_1_703' title='bbox 712 5567 743 5608; x_wconf 88' lang='grc' dir='ltr'>ιιι</span> <span class='ocrx_word' id='word_1_704' title='bbox 776 5550 951 5626; x_wconf 79' lang='lat' dir='ltr'>generalibus</span> <span class='ocrx_word' id='word_1_705' title='bbox 1004 5545 1182 5605; x_wconf 83' lang='lat' dir='ltr'>tissimebaec</span> <span class='ocrx_word' id='word_1_706' title='bbox 1198 5543 1295 5602; x_wconf 89' lang='lat' dir='ltr'>eadem</span> <span class='ocrx_word' id='word_1_707' title='bbox 1322 5544 1429 5601; x_wconf 89' lang='lat' dir='ltr'>nullum</span> <span class='ocrx_word' id='word_1_708' title='bbox 1450 5535 1621 5598; x_wconf 88' lang='lat' dir='ltr'>sacerdotem</span> <span class='ocrx_word' id='word_1_709' title='bbox 1646 5541 1802 5599; x_wconf 67' lang='lat' dir='ltr'>antula·</span> 
     </span>
     <span class='ocr_line' id='line_1_58' title="bbox 95 5631 1803 5723; baseline -0.013 -12"><span class='ocrx_word' id='word_1_710' title='bbox 95 5636 123 5659; x_wconf 74' lang='grc'>”“</span> <span class='ocrx_word' id='word_1_711' title='bbox 144 5647 434 5711; x_wconf 70' lang='grc' dir='ltr'><strong>Ιιιιιιίιιοιιιιιιιιιιι.</strong></span> <span class='ocrx_word' id='word_1_712' title='bbox 448 5646 535 5723; x_wconf 77' lang='lat' dir='ltr'>Atqui</span> <span class='ocrx_word' id='word_1_713' title='bbox 545 5647 575 5704; x_wconf 94' lang='lat' dir='ltr'>in</span> <span class='ocrx_word' id='word_1_714' title='bbox 588 5645 764 5720; x_wconf 82' lang='lat' dir='ltr'>generalibus</span> <span class='ocrx_word' id='word_1_715' title='bbox 775 5645 888 5704; x_wconf 83' lang='lat' dir='ltr'>statutas</span> <span class='ocrx_word' id='word_1_716' title='bbox 901 5656 950 5718; x_wconf 93' lang='lat' dir='ltr'>per</span> <span class='ocrx_word' id='word_1_717' title='bbox 1004 5642 1080 5700; x_wconf 88' lang='lat' dir='ltr'>ribus</span> <span class='ocrx_word' id='word_1_718' title='bbox 1103 5638 1261 5698; x_wconf 85' lang='lat' dir='ltr'>defendisse</span> <span class='ocrx_word' id='word_1_719' title='bbox 1285 5638 1335 5714; x_wconf 89' lang='lat' dir='ltr'>qui</span> <span class='ocrx_word' id='word_1_720' title='bbox 1363 5634 1445 5694; x_wconf 90' lang='lat' dir='ltr'>sacris</span> <span class='ocrx_word' id='word_1_721' title='bbox 1473 5633 1626 5691; x_wconf 88' lang='lat' dir='ltr'>canonibus</span> <span class='ocrx_word' id='word_1_722' title='bbox 1662 5631 1803 5695; x_wconf 89' lang='lat' dir='ltr'>obstinato</span> 
     </span>
     <span class='ocr_line' id='line_1_59' title="bbox 108 5725 1809 5819; baseline -0.015 -13"><span class='ocrx_word' id='word_1_723' title='bbox 108 5728 111 5733; x_wconf 40' lang='lat'>¹</span> <span class='ocrx_word' id='word_1_724' title='bbox 145 5738 382 5805; x_wconf 78' lang='lat' dir='ltr'>metorimtems.</span> <span class='ocrx_word' id='word_1_725' title='bbox 396 5740 522 5819; x_wconf 87' lang='lat' dir='ltr'>Gregorii</span> <span class='ocrx_word' id='word_1_726' title='bbox 536 5740 684 5817; x_wconf 89' lang='lat' dir='ltr'>insynodo</span> <span class='ocrx_word' id='word_1_727' title='bbox 697 5737 951 5814; x_wconf 91' lang='lat' dir='ltr'>generalipromul</span> <span class='ocrx_word' id='word_1_728' title='bbox 1004 5735 1099 5795; x_wconf 92' lang='lat' dir='ltr'>animo</span> <span class='ocrx_word' id='word_1_729' title='bbox 1123 5734 1276 5801; x_wconf 89' lang='lat' dir='ltr'>resisteret,</span> <span class='ocrx_word' id='word_1_730' title='bbox 1293 5729 1408 5802; x_wconf 91' lang='lat' dir='ltr'>imoqui</span> <span class='ocrx_word' id='word_1_731' title='bbox 1422 5725 1567 5788; x_wconf 86' lang='lat' dir='ltr'>abiisdem</span> <span class='ocrx_word' id='word_1_732' title='bbox 1585 5728 1733 5788; x_wconf 88' lang='lat' dir='ltr'>damnatus</span> <span class='ocrx_word' id='word_1_733' title='bbox 1743 5729 1809 5805; x_wconf 72' lang='lat' dir='ltr'>jam</span> 
     </span>
     <span class='ocr_line' id='line_1_60' title="bbox 147 5821 1667 5917; baseline -0.012 -17"><span class='ocrx_word' id='word_1_734' title='bbox 147 5838 234 5917; x_wconf 83' lang='lat' dir='ltr'>gatis,</span> <span class='ocrx_word' id='word_1_735' title='bbox 252 5837 312 5913; x_wconf 89' lang='lat' dir='ltr'>ipsa</span> <span class='ocrx_word' id='word_1_736' title='bbox 330 5852 387 5896; x_wconf 88' lang='lat' dir='ltr'>nou</span> <span class='ocrx_word' id='word_1_737' title='bbox 406 5844 517 5897; x_wconf 82' lang='lat' dir='ltr'>nutum</span> <span class='ocrx_word' id='word_1_738' title='bbox 548 5835 743 5907; x_wconf 89' lang='lat' dir='ltr'>condormitio,</span> <span class='ocrx_word' id='word_1_739' title='bbox 780 5831 831 5894; x_wconf 87' lang='lat' dir='ltr'>sed</span> <span class='ocrx_word' id='word_1_740' title='bbox 863 5835 949 5894; x_wconf 90' lang='lat' dir='ltr'>etiarn</span> <span class='ocrx_word' id='word_1_741' title='bbox 1003 5832 1072 5892; x_wconf 91' lang='lat' dir='ltr'>dum</span> <span class='ocrx_word' id='word_1_742' title='bbox 1087 5828 1277 5896; x_wconf 88' lang='lat' dir='ltr'>asacerdotio,</span> <span class='ocrx_word' id='word_1_743' title='bbox 1294 5824 1367 5897; x_wconf 90' lang='lat' dir='ltr'>apud</span> <span class='ocrx_word' id='word_1_744' title='bbox 1385 5823 1479 5882; x_wconf 84' lang='lat' dir='ltr'>Deum</span> <span class='ocrx_word' id='word_1_745' title='bbox 1502 5821 1667 5886; x_wconf 78' lang='lat' dir='ltr'>decidisset</span> 
     </span>
    </p>
   </div>
   <div class='ocr_carea' id='block_1_3' title="bbox 290 5911 1642 6000">
    <p class='ocr_par' dir='ltr' id='par_1_3' title="bbox 290 5911 1642 6000">
     <span class='ocr_line' id='line_1_61' title="bbox 290 5911 1642 6000; baseline -0.002 -14"><span class='ocrx_word' id='word_1_746' title='bbox 290 5928 407 5987; x_wconf 70' lang='lat' dir='ltr'>senos.</span> <span class='ocrx_word' id='word_1_747' title='bbox 425 5920 557 5987; x_wconf 71' lang='lat' dir='ltr'>milli.</span> <span class='ocrx_word' id='word_1_748' title='bbox 1262 5997 1265 6000; x_wconf 13' lang='lat'><strong>⁴</strong></span> <span class='ocrx_word' id='word_1_749' title='bbox 1600 5911 1642 5969; x_wconf 50' lang='grc' dir='ltr'>ἰι</span> 
     </span>
    </p>
   </div>
   <div class='ocr_carea' id='block_1_4' title="bbox 0 0 1956 6164">
    <p class='ocr_par' dir='ltr' id='par_1_4' title="bbox 0 0 1956 6164">
     <span class='ocr_line' id='line_1_62' title="bbox 0 0 1956 6164; baseline 0 0"><span class='ocrx_word' id='word_1_750' title='bbox 0 0 1956 6164; x_wconf 95' lang='lat' dir='ltr'> </span> 
     </span>
    </p>
   </div>
  </div>
 </body>
</html>
