3870 6164
80 242 99 315 χ
124 242 158 300 rs
421 188 436 263 .'
737 236 767 293 e.
787 198 977 292 annuemus
995 234 1041 290 uri
1060 235 1159 291 eane.
1384 299 1397 309 ,
1580 302 1583 306 .
1670 201 1673 205 ’
1738 238 1781 292 ro

123 383 185 425 earn
205 365 341 434 scindere,
364 361 533 437 separando:
553 359 661 416 vinculo
676 375 739 417 eum
761 358 920 416 anathema·
935 363 962 425 Α
976 359 1082 418 catione
1095 375 1179 433 quam
1192 359 1222 417 in
1236 363 1341 434 Regem
1355 359 1481 431 fecimus,
1502 360 1637 432 dubitare,
1647 335 1700 420 etc.
1722 367 1775 423 Vez

16 506 19 511 .
125 461 160 518 tis
172 460 229 517 vice
243 469 289 517 tua
304 459 408 530 alligo:
428 465 455 512 et
471 454 511 512 sic
525 470 589 511 eum
604 470 636 510 ex
653 446 752 511 fiducia
766 461 813 511 tua
830 454 922 528 alligo,
978 456 1090 511 deinter
1101 454 1229 526 epistolas
1240 457 1269 513 S.
1285 456 1415 527 Gregorii.

128 563 159 612 ut
181 554 267 611 sciant
280 560 374 625 gentes
388 558 416 607 et
429 548 612 621 comprobent
634 547 697 619 quia
719 555 748 604 tu
763 550 920 618 esPetrus,
1012 554 1057 607 69.
1071 548 1157 622 igitur
1179 556 1240 622 post
1264 550 1581 608 excommunicationem
1611 560 1639 608 ct
1660 553 1776 625 deposi-

125 657 241 721 etsuper
253 655 329 702 tuam
345 652 452 716 petram
474 643 560 700 Filius
574 641 625 698 Dei
640 640 693 697 visi
709 641 854 698 aedificarit
867 644 923 698 Ec·
976 643 1082 700 tionem
1094 642 1308 716 Regis,Domiui
1317 653 1457 718 praeunte
1464 645 1561 719 gratia,
1577 646 1655 702 multi
1666 647 1774 704 nobiles

125 741 236 798 ciceiam
255 755 343 806 suam,
359 745 386 794 et
400 742 486 810 porta
500 734 580 793 inferi
594 751 651 793 non
665 735 850 808 prevalebunt
870 734 921 792 ad·
976 746 1004 795 et
1015 737 1178 806 mediocres,
1192 738 1227 796 ad
1244 741 1335 796 Deum
1348 748 1408 796 toto
1429 740 1659 810 corde'conversi,
1674 740 1774 814 pracla-

123 849 288 891 versuseam
300 831 494 904 (Mettium).
977 838 1036 888 tum
1047 834 1152 905 Regem
1162 832 1341 906 reliquerunt.
1356 834 1512 907 ipslctlam,
1527 834 1574 907 qui
1585 834 1659 907 prius
1673 836 1774 909 partim

158 930 206 982 64.
226 930 293 983 Post
305 924 366 982 baec
381 924 454 981 misit
472 923 508 981 ad
530 923 651 982 diversos
674 923 823 996 Epistulas,
847 922 923 981 idem
976 924 1117 998 regalibus
1151 924 1302 994 blanditiis,
1330 926 1433 999 partim
1464 927 1614 985 terroribus
1638 937 1666 985 et
1691 929 1775 987 minis

123 1020 267 1078 anathema
286 1029 314 1075 et
331 1035 427 1076 causas
447 1017 507 1091 ejus
531 1016 753 1087 manifestantes,
775 1017 923 1090 exquibus
976 1027 1069 1076 contra
1085 1019 1271 1092 apostolicam
1295 1019 1393 1077 Sedem
1411 1020 1633 1094 conjuraverant,
1644 1021 1774 1080 conversi

121 1114 173 1171 bas
193 1114 261 1173 duas
272 1114 445 1185 interponere
460 1112 586 1185 praesenti
609 1113 741 1186 opusculo
755 1112 920 1168 curavimus.
977 1112 1169 1185 postmodum,
1185 1112 1270 1187 digna
1291 1113 1320 1170 in
1335 1117 1443 1187 Regem
1457 1113 1628 1171 anathemati
1654 1116 1775 1174 conscri-

124 1233 137 1258 ι
155 1208 305 1281 Gregorius
317 1208 482 1280 Episcopus,
496 1222 590 1264 servus
604 1221 748 1265 servarum
761 1205 822 1274 Dei,
838 1205 924 1270 omni·
975 1215 1098 1279 pserunt,
1113 1206 1252 1263 mittentes
1270 1206 1405 1280 supplices
1422 1207 1657 1280 adapostolicam
1671 1210 1773 1267 Sedem

121 1302 173 1359 bus
193 1298 241 1375 qul
263 1301 375 1374 cupiunt
397 1300 570 1358 annumerari
585 1300 653 1357 inter
673 1316 736 1356 ores
755 1314 822 1372 qrras
842 1299 921 1356 cbri—
976 1299 1100 1365 nuntios,
1124 1298 1305 1370 epithemium
1329 1299 1383 1373 (69)
1401 1301 1568 1372 poenitentiae
1591 1301 1770 1373 postulantes.

123 1403 181 1453 stus
193 1398 223 1451 D.
238 1397 320 1453 Petro
332 1394 483 1462 commisit,
498 1396 658 1452 salutemet
671 1393 856 1467 apostolicam
870 1394 920 1450 be·
976 1390 1080 1464 Quibus
1094 1391 1290 1449 misericordia
1308 1392 1464 1464 discipulus,
1474 1409 1530 1448 non
1551 1408 1678 1463 quaerens
1692 1403 1772 1452 satu·

122 1489 316 1555 nedicticncm.
338 1488 473 1559 Audistis,
497 1492 593 1546 Frater
606 1488 755 1556 carissimi,
779 1496 921 1545 novamct
973 1485 1026 1540 rari
1051 1484 1264 1557 poeuisreorum
1290 1485 1427 1554 gremium
1441 1495 1543 1542 sanctae
1569 1487 1774 1560 Ecclesiaeape·

122 1584 277 1641 inauditam
314 1583 570 1657 presumptionem,
611 1582 728 1641 audistis
758 1582 920 1639 sceleratam
973 1577 1039 1647 rult3
1054 1585 1082 1635 et
1101 1584 1132 1634 nl
1147 1578 1175 1634 lu
1201 1576 1261 1639 lida
1274 1578 1386 1634 Domini
1414 1579 1606 1649 solidarentur,
1621 1579 1773 1638 consolato

121 1676 370 1745 schismaticorum,
386 1686 413 1734 et
425 1693 524 1733 nomen
538 1675 649 1733 Domini
665 1679 692 1732 in
706 1679 739 1732 B.
758 1679 840 1733 Petro
868 1676 920 1732 bla·
973 1671 1028 1727 rias
1040 1670 1079 1727 eis
1093 1671 1195 1728 litteras
1209 1671 1294 1727 misit.
1322 1672 1452 1729 Nonnulli
1472 1689 1536 1729 vero
1558 1673 1770 1746 Episcoporum,

121 1770 335 1844 spbemantium,
363 1771 549 1844 garrulitatem
575 1780 603 1828 et
616 1770 759 1827 audaciam
781 1769 920 1826 :audistis
975 1773 1116 1839 gementes
1135 1773 1245 1823 tantum
1263 1765 1379 1829 facinus,
1399 1765 1434 1822 ad
1460 1768 1647 1839 apostolicam
1672 1768 1771 1826 &dem

121 1864 288 1938 superbiam,
302 1864 337 1922 ad
347 1863 475 1938 iniuriam
490 1873 518 1921 et
524 1864 721 1923 contumeliam
735 1872 837 1921 sanctae
850 1868 921 1937 Apo·
973 1859 1140 1917 discalceatis
1154 1861 1270 1933 pedibus
1280 1871 1423 1931 venerunt,
1437 1869 1495 1917 tam
1516 1860 1562 1917 diu
1581 1860 1646 1918 inibi
1668 1863 1773 1935 perdua

121 1958 225 2017 melicas
238 1957 300 2016 Sedi
316 1951 431 2027 illatam,
447 1959 557 2032 qualem
573 1959 656 2016 vestri
670 1962 765 2034 Batres
779 1974 831 2016 nec
845 1958 920 2015 vide·
973 1962 1066 2010 rantes
1085 1970 1140 2027 quo
1153 1970 1240 2026 usque
1255 1954 1392 2012 Dominus
1406 1958 1480 2028 Papa
1493 1954 1690 2012 misericordiae
1708 1973 1771 2013 ma·

53 2113 56 2124 Ι
121 2060 196 2119 runt,
210 2068 263 2108 nec
279 2052 429 2109 audierunt
443 2067 584 2124 umquam,
597 2068 649 2109 nec
662 2052 859 2121 scripturarum
879 2068 920 2109 se·
973 2063 1040 2104 num
1056 2055 1083 2104 et
1097 2048 1203 2119 pietatis
1217 2049 1331 2118 viscera,
1344 2049 1383 2105 eis
1396 2049 1577 2120 compatiens,
1587 2050 1716 2123 aperiret.

121 2145 176 2203 ries
193 2146 366 2218 aliquandoa
384 2147 498 2220 paganis
512 2147 553 2204 sel
577 2147 712 2204 haereticis
733 2145 814 2204 docet
832 2162 920 2204 emer·
961 2161 964 2164 ’
1009 2147 1054 2197 ⁷⁰·
1078 2143 1186 2198 Interea
1211 2142 1350 2198 Dominus
1384 2157 1516 2215 maguum
1539 2143 1705 2200 miraculum
1742 2144 1772 2201 in
1822 2140 1825 2145 ’

29 2307 34 2316 ,
120 2256 180 2298 sam
196 2239 294 2312 :cuius
308 2241 383 2308 mali,
400 2248 427 2297 et
447 2241 469 2297 si
483 2241 591 2312 aliquod
615 2256 756 2313 umquam,
772 2250 835 2314 post
854 2241 919 2298 fun·
973 2235 1059 2308 Regis
1073 2244 1101 2293 et
1120 2235 1246 2293 omnium
1265 2236 1355 2293 oculis
1373 2236 1439 2292 fecit
1456 2255 1463 2292 :
1478 2253 1534 2308 qua
1547 2238 1669 2310 cognito,
1688 2238 1769 2294 multi

119 2333 215 2391 datam
235 2342 264 2390 et
287 2342 466 2407 propagatam
492 2334 575 2391 iidem
599 2333 712 2402 Christi,
735 2335 919 2407 praecessisset
971 2345 1035 2386 eum
1061 2329 1241 2402 reliquerunt.
1275 2334 1346 2387 Nam
1388 2338 1450 2403 post
1477 2331 1773 2388 excommunicationis

119 2428 294 2500 exemplum,
320 2427 451 2484 omnibus
478 2435 573 2484 tamen
598 2427 731 2498 fidelibus,
763 2444 811 2500 pro
841 2435 917 2484 tanto
971 2423 1044 2480 diem
1070 2429 1136 2493 (16),
1155 2423 1291 2480 Paschalis
1312 2422 1363 2481 dici
1385 2424 1570 2492 solemnitate,
1597 2442 1662 2481 cum
1688 2426 1765 2499 regio

119 2528 281 2593 contemptu
295 2529 323 2577 et
339 2521 543 2579 conculcatione
556 2522 734 2594 apostoticae,
753 2525 808 2578 imo
820 2520 918 2578 divinae
970 2525 1102 2590 apparatu
1127 2523 1155 2574 et
1170 2517 1301 2574 comitatu
1334 2519 1496 2591 pompatica
1514 2518 1707 2589 multitudinis,
1735 2519 1771 2577 ad

120 2615 303 2683 auctoritatis,
318 2614 466 2672 dolendum
478 2614 552 2672 foret
564 2624 592 2672 et
603 2615 777 2691 gemendum.
794 2617 919 2688 Quapro-
971 2610 1131 2680 Ecclesiam,
1144 2611 1333 2668 divinitussibi
1352 2613 1483 2681 clausam,
1493 2613 1584 2669 venire
1595 2628 1771 2687 nequaquam

118 2717 191 2781 pter,
206 2707 229 2766 si
249 2711 282 2764 E.
308 2711 390 2766 Petro
402 2709 491 2766 claues
505 2710 583 2783 regni
606 2709 740 2767 emiorum
759 2725 775 2765 a
796 2709 919 2767 Domino
972 2702 1124 2762 abborruit.
1139 2705 1221 2761 Jussu
1243 2704 1336 2777 itaque
1359 2707 1445 2779 Regis
1467 2705 1580 2778 quidam
1596 2708 1650 2774 (71)
1666 2707 1772 2779 Episco

118 2804 179 2859 Deo
204 2811 301 2859 nostro
318 2804 385 2860 lesu
413 2802 523 2860 cbristo
544 2803 659 2861 traditas
682 2818 741 2860 esse
754 2804 876 2872 creditis,
891 2809 919 2860 et
971 2814 1023 2871 pus
1038 2798 1061 2854 si
1081 2796 1123 2855 fas
1151 2807 1202 2868 est,
1218 2798 1274 2860 imo
1302 2798 1446 2855 haereticus
1471 2808 1498 2855 et
1522 2800 1708 2868 Simoniacus,
1734 2799 1770 2858 ad

26 2904 30 2909 '
118 2894 197 2951 robis
212 2911 260 2969 per
272 2912 370 2953 manus
388 2894 473 2969 ipsius
501 2895 537 2953 ad
551 2905 664 2954 aeternae
677 2897 739 2954 vitae
754 2896 851 2970 gaudia
872 2896 917 2952 iu·
971 2892 1066 2948 Missae
1078 2890 1543 2965 sepraeparavitofficitun.'sandem
1558 2894 1772 2966 perlectoEvan·

117 2989 234 3046 troitum
247 2997 341 3062 patere
351 2987 467 3061 cupitis3
483 2988 662 3061 cogitandum
673 2989 749 3046 robis
763 2999 816 3060 est,
831 3006 916 3063 quan·
971 2985 1042 3057 gello
1064 3001 1099 3041 ex
1123 3001 1200 3042 more
1213 2984 1334 3043 facturus
1344 2985 1504 3059 popularem
1520 3003 1676 3044 sermonem
1700 2991 1772 3045 Pon-

96 3092 177 3145 ¹tum
213 3099 287 3139 nunc
311 3083 429 3155 irrogata
456 3080 506 3137 sibi
536 3082 636 3155 injuria
669 3081 763 3139 dolere
781 3083 915 3140 debeatis.
933 3078 1036 3165 clife-¹
1061 3077 1148 3146 idem·
1168 3079 1303 3153 pulpitum
1320 3080 1486 3137 conscendit·
1506 3084 1607 3138 Parum
1621 3090 1715 3138 autem
1736 3082 1771 3140 de

118 3176 178 3232 Nisi
192 3176 267 3232 enim
281 3175 336 3243 bic,
359 3175 407 3232 ubi
424 3173 647 3249 perdiscrimina
658 3177 844 3233 tentationum
869 3193 917 3234 ve·
974 3179 1091 3228 tractatu
1114 3172 1221 3230 locutus
1248 3175 1421 3246 Evangelico,
1438 3175 1531 3231 statim
1547 3190 1576 3231 se
1587 3175 1621 3233 ad
1636 3173 1770 3246 blaspbe-

117 3276 175 3325 stra
190 3267 259 3324 fides
274 3278 302 3325 et
322 3267 407 3324 corda
420 3267 584 3341 probantur,
606 3270 676 3327 socii
690 3270 849 3342 passionum
866 3269 922 3327 effi
973 3266 1060 3323 miam
1076 3268 1156 3340 Papte
1171 3267 1298 3340 Gregorii
1311 3283 1384 3325 caeco
1405 3269 1487 3325 corde
1499 3277 1646 3342 menteque
1668 3285 1771 3329 vesana

119 3360 242 3431 ciamini,
264 3361 445 3435 proculdubio
466 3378 524 3418 non
546 3362 613 3419 estis
625 3361 711 3437 digni,
727 3371 757 3420 ut
781 3363 922 3437 participes
973 3361 1111 3435 prorupit,
1125 3376 1186 3433 quac
1199 3377 1248 3434 pro
1262 3361 1400 3419 nimiosui
1413 3362 1527 3420 borrore
1541 3363 1647 3420 silentio
1659 3371 1772 3437 praeter·

117 3454 220 3515 futurae
242 3455 445 3524 consolationis,
458 3464 486 3513 et
498 3455 546 3511 filii
571 3456 659 3529 regni,
680 3456 822 3514 eoelestem
844 3473 922 3515 coro·
974 3453 1015 3511 ire
1037 3456 1212 3527 complacuit.
1228 3454 1348 3512 Difficile
1359 3464 1401 3512 est
1419 3456 1492 3512 enim
1504 3466 1536 3513 ut
1549 3456 1620 3514 bene
1632 3457 1683 3514 sibi
1705 3473 1771 3516 con·

117 3563 184 3606 nam
203 3556 230 3603 et
256 3548 371 3621 gloriam
390 3547 545 3605 sortiamini
571 3551 622 3616 (li
642 3550 703 3608 Gor.
723 3554 754 3615 ι).
780 3554 920 3623 Rogamus
973 3549 1120 3606 scientium
1148 3549 1323 3623 probitatem,
1357 3550 1571 3607 obtrectantium
1596 3552 1686 3625 lingua
1711 3568 1770 3610 non

68 3676 83 3689 --
117 3639 202 3713 igitur
218 3641 363 3695 caritatem
384 3648 512 3706 scemam,
528 3647 560 3696 ut
580 3640 847 3698 instantcrdirinam
862 3642 917 3699 mi·
972 3643 1108 3711 mordeat,
1135 3650 1163 3699 et
1185 3642 1342 3717 iniquorum
1368 3644 1463 3701 eradat
1483 3643 1643 3717 opprobria,
1667 3645 1711 3703 cui
1726 3653 1769 3703 est

116 3730 299 3789 sericordiam
318 3730 467 3804 implorare
482 3730 628 3802 studeatis3
641 3741 777 3807 quatenus
790 3744 837 3792 aut
851 3750 915 3792 cor·
972 3736 1184 3810 amicajustitia.
1196 3740 1394 3794 Verumtamen
1403 3736 1502 3795 eadem
1513 3738 1684 3813 blasphemia
1700 3757 1769 3813 qua·

117 3824 151 3882 de
166 3824 316 3897 impiorum
330 3823 365 3880 ad
375 3824 562 3897 poenitentiam
575 3835 673 3894 vertat,
684 3836 731 3884 aut
744 3828 918 3901 reprimendo
971 3828 1004 3887 lis
1017 3830 1045 3886 in
1059 3831 1145 3888 oculis
1165 3831 1277 3888 Domini
1299 3830 1392 3901 fuerit,
1411 3831 1543 3889 continuo
1557 3848 1673 3906 sequens
1689 3833 1769 3906 ultio,

117 3933 217 3977 eorum
230 3916 351 3975 nefanda
375 3918 497 3986 consilia,
515 3935 599 3993 quam
621 3919 782 3993 insipientes
803 3929 830 3978 et
842 3921 917 3979 stulti
970 3922 993 3981 si
1009 3925 1202 3996 perpendatur,
1217 3924 1371 3982 innotescit.
1383 3927 1454 3982 Nam
1476 3926 1611 3983 Paschalis
1631 3926 1684 3984 diei
1697 3943 1769 4001 gau-

14 3992 20 4027 ⁵
39 4012 41 4016 '
118 4012 185 4083 sint,
201 4012 247 4086 qui
264 4020 370 4084 petram
385 4027 401 4069 a
416 4011 525 4069 cbristo
544 4012 686 4072 fundatam
700 4023 822 4073 evertere
837 4026 866 4073 et
877 4016 917 4074 di·
970 4017 1016 4075 dio
1029 4018 1152 4076 nondum
1176 4019 1267 4087 finito,
1283 4019 1375 4077 subito
1390 4020 1491 4077 coelum
1512 4019 1619 4094 fragore
1634 4021 1766 4090 intonuit,

115 4106 179 4164 vina
194 4106 332 4180 privilegia
355 4105 457 4163 violare
470 4116 615 4177 conantur,
628 4109 765 4166 ostendat.
790 4111 914 4181 Qualiter
943 4098 950 4108 ’
969 4111 998 4168 ia
1012 4128 1068 4186 quo
1078 4111 1318 4186 ignisdescendcre
1330 4113 1437 4170 coelitus
1447 4112 1521 4169 visus
1534 4115 1644 4188 est;qui
1654 4130 1768 4183 omnem

6 4232 9 4237 ·
30 4264 34 4272 ¹
115 4208 218 4268 autem,
234 4208 281 4256 aut
295 4215 345 4273 pro
363 4200 462 4273 quibus
475 4201 566 4258 causis
579 4204 611 4258 B.
626 4203 914 4262 Petrusauatbcmatis
969 4205 1045 4262 illam
1067 4207 1221 4276 ecclesiam,
1244 4223 1394 4281 omnesque
1419 4206 1519 4265 domus
1546 4208 1627 4281 regali
1646 4208 1768 4282 receptui

116 4293 223 4350 vinculo
236 4296 343 4368 Regem
357 4293 517 4367 alligaverit,
537 4295 565 4351 iu
576 4299 630 4367 (68)
641 4296 914 4372 chartula,quaebuic
967 4309 1142 4372 praeparatas,
1162 4310 1274 4373 repente
1293 4301 1475 4374 consumpsit,
1490 4311 1517 4358 et
1537 4302 1659 4359 laetitiam
1678 4302 1768 4375 profa·

116 4387 223 4445 inclusa
238 4397 292 4455 est,
305 4388 384 4461 plene
398 4387 512 4460 potestis
526 4405 701 4463 cognoscere.
719 4414 732 4441 ι
966 4409 1069 4451 norum
1083 4394 1111 4451 in
1126 4409 1277 4452 moerorem
1292 4396 1475 4453 commutavit
1493 4414 1500 4451 ι
1521 4384 1686 4469 Episcopum
1702 4411 1767 4453 sero

150 4489 264 4541 about
279 4482 429 4554 Gregorius
436 4482 589 4557 Episcopus
597 4499 692 4541 servus
699 4501 844 4543 serrorum
854 4487 915 4557 Dei,
930 4488 956 4554 Ι)
972 4488 1052 4545 illum
1066 4487 1269 4562 blasphemum,
1291 4488 1381 4546 subito
1404 4493 1460 4559 (72)
1489 4505 1661 4562 percussum,
1675 4488 1766 4546 divina

115 4576 244 4633 omnibus
251 4575 915 4652 Episcopis,Ducibus,comitibuscaeterisqueli·
971 4581 1039 4639 ultio
1054 4580 1204 4639 interemit.
1218 4583 1271 4641 Sed
1289 4592 1440 4656 antequam
1457 4583 1539 4640 vitam
1557 4583 1667 4656 penitus
1686 4583 1766 4640 eaba·

114 4667 222 4727 delibus
233 4669 261 4725 in
273 4672 369 4742 Regno
391 4669 609 4728 Teutonicorum
628 4671 810 4730 Christianam
832 4672 914 4731 fldem
969 4676 1048 4746 latet,
1063 4676 1203 4734 ministros
1217 4693 1268 4735 suo
1282 4676 1366 4734 exitio
1374 4687 1549 4750 praeparatos,
1558 4677 1653 4751 quales
1664 4684 1764 4747 emant,

114 4761 338 4831 defendentibus,
353 4763 470 4821 salutem
490 4773 518 4820 et
541 4766 731 4837 apostoticam
749 4767 916 4826 benedictio·
968 4771 1127 4843 compulsus
1143 4780 1184 4828 est
1198 4770 1305 4828 dicere:
1321 4769 1471 4838 Videorne,
1486 4771 1584 4843 inquit,
1600 4770 1686 4843 igneis
1698 4770 1766 4827 loris

115 4871 191 4914 nem.
206 4856 343 4914 Audimus
366 4859 502 4931 quosdam
518 4858 589 4916 inter
608 4876 658 4918 ros
676 4861 710 4919 de
724 4861 915 4919 excommnni·
968 4863 1124 4938 astrictum,
1135 4864 1213 4921 tetris
1224 4865 1395 4922 trahentibus
1414 4864 1580 4938 imaginibus
1595 4880 1629 4921 ex
1643 4863 1765 4923 haesita

153 5012 210 5086 (66)
226 5012 306 5071 Hanc
315 5007 472 5071 chartulam
488 5010 573 5071 luisse
588 5014 682 5087 credo,
704 5015 744 5074 rel
760 5015 848 5090 ipsum
865 5033 915 5075 ex·
964 5021 1088 5092 partium
1105 5022 1184 5092 flcpis
1196 5020 1283 5079 molto
1297 5026 1327 5079 ira
1341 5022 1473 5094 injuriam
1486 5024 1601 5082 ftomam·
1614 5020 1763 5098 familiola,

116 5084 376 5143 communicationis
414 5088 582 5142 sententiam
614 5105 695 5160 supra
717 5090 843 5160 positam.
872 5090 914 5146 sel
967 5094 1088 5150 omuibus
1100 5111 1169 5165 perte
1187 5095 1281 5150 diebos
1293 5097 1459 5165 salmacidas,
1475 5099 1546 5152 iuter
1560 5099 1704 5153 Moesorum
1717 5114 1764 5153 so-

117 5170 213 5213 eorum
226 5169 287 5226 quae
299 5157 326 5211 in
340 5158 465 5227 sequenti
485 5154 605 5229 Epistola
619 5160 744 5232 leguntur
763 5160 913 5230 exemplar.
968 5165 1068 5233 laetaris,
1080 5166 1175 5221 rabido
1185 5181 1229 5221 ore
1245 5167 1422 5234 declamabat,
1435 5168 1579 5239 perjurem
1591 5185 1659 5231 mem,
1680 5167 1762 5223 odul-

156 5232 211 5295 (69)
229 5228 403 5298 Epitt'mium,
417 5229 514 5285 Graece
536 5224 670 5302 ἐπιτίμιον,
683 5233 795 5301 mulcta,
821 5248 912 5304 parta,
967 5240 1098 5300 ferum,ef
1110 5238 1382 5307 pseudo-Apostolum
1397 5240 1546 5310 appellans,
1562 5249 1606 5294 etc
1625 5242 1665 5295 lla
1676 5242 1764 5296 Lam

61 5320 73 5353 s
116 5301 259 5369 castigatio
279 5297 350 5355 :sed
364 5298 487 5356 fortassis
500 5302 817 5375 Epitbemiumarilapt,
831 5319 913 5376 putto,
967 5304 1328 5378 bertusScainaburgensis,
1357 5320 1384 5366 et
1403 5321 1467 5366 ante
1482 5311 1581 5366 citatus
1610 5313 1703 5367 Bruuo
1726 5315 1762 5368 Α.

116 5372 313 5441 impositioaerrt
328 5370 531 5441 bicslgnificat.
965 5378 1087 5450 Langlus
1112 5379 1139 5434 in
1162 5379 1299 5436 Chronico
1328 5382 1464 5437 Citicensi.
1493 5383 1557 5439 Cum
1582 5384 1650 5449 Rea,
1675 5381 1764 5453 inquit

151 5447 208 5509 (76)
228 5442 412 5499 Paraboanao
430 5446 498 5497 1076
511 5439 679 5499 celebratum
693 5440 745 5501 fult
760 5448 793 5501 11
808 5447 912 5516 Martii,
967 5453 1036 5505 essct
1052 5451 1179 5520 Dejecti
1202 5456 1228 5506 et
1244 5456 1479 5508 excommunicatio
1502 5455 1590 5522 Degis,
1607 5471 1624 5508 a
1641 5457 1763 5510 Romano

113 5521 142 5568 ct
152 5513 264 5585 quidem
277 5511 312 5568 ab
322 5512 440 5595 ilenrico
454 5516 496 5569 iic
515 5528 529 5567 e
543 5513 697 5586 UltraJecti,
707 5532 801 5587 quem,
812 5520 913 5576 exactis
966 5523 1093 5589 Pmttifice
1105 5522 1191 5588 facta,
1200 5527 1473 5593 praesmttotttfuisset
1476 5565 1529 5578 .....
1536 5528 1684 5595 Episcopus
1691 5527 1763 5580 inter

114 5582 290 5641 Paschalibus
308 5581 384 5640 feriis
402 5583 464 5641 unde
506 5584 652 5655 iscessisse,
675 5587 758 5645 tradit
779 5592 873 5646 Bruno
885 5589 913 5648 in
965 5595 1215 5649 Missassormoncm
1225 5596 1330 5660 sacimas
1342 5596 1525 5665 adpapulum,
1537 5597 1674 5660 domama,
1688 5597 1762 5666 qaod

118 5656 256 5713 Chronico
271 5671 330 5726 pag.
344 5661 407 5713 795.
963 5667 1022 5722 flea
1035 5668 1278 5721 eacommurtc'cotus
1289 5672 1365 5733 esset,
1384 5666 1525 5724 indicavit.

153 5730 210 5799 (tl)
226 5727 387 5786 wettelmus
407 5729 612 5795 Ultra'ectious,
634 5745 743 5787 causam
760 5734 912 5804 Reposcere
1000 5742 1053 5803 (72)
1079 5737 1146 5792 Haec
1168 5737 1234 5794 dicti
1252 5738 1417 5792 ianrbertus
1431 5747 1459 5792 et
1474 5739 1627 5796 ilionacbus
1648 5738 1762 5796 Heracl-

114 5801 321 5879 tragboaumet
335 5815 442 5874 equum
465 5746 598 5860 ambusto
615 5803 753 5875 tuebatur,
781 5811 807 5865 et
820 5807 910 5866 studio
963 5805 1056 5868 densis
1072 5807 1108 5866 ita
1130 5806 1259 5867 referunt.
1280 5810 1396 5879 liepmtc
1416 5812 1588 5881 praedurae
1597 5812 1763 5883 commum
