3870 6164
581 59 592 95 q
650 82 653 86 .

146 246 211 300 1331
598 248 741 302 anenno.
763 248 806 302 ιιι.
826 275 862 287 -
879 206 1088 306 3333113311
1106 234 1336 305 onneouriru.
1419 218 1422 223 ’
1725 255 1794 310 1333
1878 276 1882 280 -

142 368 221 442 eujus
235 366 313 424 obitu
328 369 481 425 maximum
495 369 595 426 scisma
615 369 741 426 futurum
755 387 813 427 non
826 370 937 428 dubita·
951 377 977 439 Α
993 372 1113 429 tentibus
1132 373 1306 430 securitatem
1327 372 1484 445 juramento
1517 375 1681 445 promiserit.
1712 377 1820 435 Uode'

141 470 184 519 ret
196 460 245 530 313,
258 462 308 518 nisi
321 462 479 535 hujusmodi
493 464 591 521 scisma
610 464 760 536 anticipare
775 474 935 522 maturaret.
991 474 1019 523 et
1032 468 1153 524 Romani
1174 468 1292 523 multum
1314 475 1410 523 contra
1433 467 1594 523 Heinricum
1617 485 1793 529 murmurare

140 559 200 612 1133
215 556 299 627 igitur
311 555 481 625 necessitate,
497 558 648 629 postposita
658 558 840 630 expeditione,
854 561 938 615 Saxo
992 569 1132 631 ceperunt.
1149 563 1235 616 Erant
1248 569 1348 616 urrtem.
1363 560 1561 634 religiosissimi
1578 560 1614 610 323
1628 564 1753 620 monachi
1767 571 1794 622 et

141 651 216 706 uiam
230 648 391 706 [estinanter
401 651 490 707 redire
504 651 686 722 compellitur.
703 654 808 708 lterum
825 653 937 708 Heinri-
993 653 1091 719 elerici,
1112 670 1182 726 quos
1196 656 1223 710 in
1238 654 1362 726 captione
1376 653 1442 711 iecit
1464 654 1597 722 cruciari;
1614 657 1794 729 cumquibus
1856 646 1859 651 ¹

140 760 189 800 cus
202 759 265 799 oum
280 743 459 800 multitudine
473 745 690 802 scismaticorum
705 746 762 801 sive
775 760 938 802 exeommu·
993 754 1020 802 et
1044 748 1172 802 Ottonern
1190 747 1373 804 venerandum
1395 748 1554 804 Ostiensem
1572 750 1734 821 episcopum
1748 767 1793 807 33-

140 838 940 911 nicatorumantepentecostenRomamimpugnaturus³⁸⁰
992 840 1227 912 31133111(1322),
1240 840 1366 897 videlicet
1377 840 1412 897 ad
1424 841 1512 913 ipsum
1524 842 1558 898 ab
1568 843 1716 915 apostoliea
1728 844 1794 902 sede

139 932 304 1005 aggreditur,
318 940 345 988 et
360 932 475 988 domum
496 932 588 989 Sancti
600 933 673 989 Petri
688 934 716 989 in
730 932 845 990 sabbato
868 933 938 991 inira
992 934 1192 990 transmissum.
1208 932 1286 989 Multi
1302 942 1394 991 tannen
1414 950 1447 991 ex
1473 937 1646 1008 Froneigenis
1664 937 1698 994 ad
1718 937 1794 995 illam

139 1025 322 1097 epdomadam
346 1035 516 1097 pentecostes
538 1035 643 1083 armata
660 1043 745 1084 manu
767 1027 937 1101 aggreditur.
993 1027 1123 1084 sinodum
1144 1035 1201 1083 tam
1216 1027 1335 1100 episcopi
1356 1044 1440 1099 quam
1463 1028 1578 1086 abbates
1601 1039 1791 1101 pervenerunt.
1889 1022 1892 1026 ’

140 1121 240 1191 Sieque
253 1119 290 1159 ³⁸¹
300 1120 465 1176 Guibertum
478 1123 682 1189 Ravennatem,
695 1120 844 1194 perjurum,
856 1121 940 1192 depo·
994 1122 1121 1177 Meliores
1134 1130 1225 1178 autem
1240 1121 1360 1194 episcopi
1376 1129 1405 1178 et
1419 1121 1525 1179 domno
1540 1124 1692 1195 apostolico
1705 1124 1793 1198 magis

139 1215 223 1271 situm
243 1223 270 1269 et
285 1213 554 1282 anathematizatum,
576 1213 649 1286 apud
673 1217 805 1271 Sanctum
826 1217 938 1272 Petrum
992 1216 1147 1283 necessarii,
1173 1216 1258 1272 idest
1276 1218 1339 1288 Ugo
1361 1215 1564 1287 Lugdunensis,
1587 1219 1735 1275 Auselmus
1757 1217 1793 1270 33·

138 1308 324 1378 intronizavit,
340 1323 395 1363 non
416 1323 464 1380 per
477 1308 644 1376 Ostiensem,
659 1318 686 1365 et
700 1309 896 1377 libanensem,
912 1317 940 1366 et
994 1310 1138 1378 Lucensis,
1161 1310 1353 1382 lieginnaldus
1373 1308 1413 1360 333
1436 1311 1587 1377 Cumanus,
1609 1312 1794 1383 specialitera

139 1404 320 1458 Portuensem
335 1402 489 1473 episcopos,
504 1402 550 1473 qui
565 1401 619 1458 hoo
637 1402 810 1474 privilegium
826 1402 937 1471 babent,
994 1404 1124 1460 Heinrioo
1139 1401 1174 1459 ad
1196 1403 1328 1460 sinodum
1348 1403 1490 1475 pervenire
1510 1403 1548 1454 333
1563 1403 1696 1477 prohibiti
1716 1414 1791 1463 sunt.

139 1504 172 1550 ut
189 1510 289 1567 papam
309 1504 486 1565 oomecrent3
501 1496 550 1553 sed
570 1511 618 1568 per
632 1497 820 1552 Mutinensem
837 1495 939 1553 etAri-
994 1498 1122 1553 Domuus
1135 1504 1229 1552 tamen
1243 1513 1311 1569 papa
1323 1496 1453 1554 sinodum
1468 1497 1556 1553 tribus
1570 1496 1667 1554 diebus
1683 1499 1793 1555 sollem·
1857 1519 1864 1531 ι

138 1588 256 1645 tiensem
278 1588 317 1628 ³⁸⁸
331 1589 518 1662 exepiscopos,
541 1597 636 1662 utpote
656 1590 717 1663 jam
746 1590 840 1646 multis
862 1589 940 1647 annis
995 1590 1066 1646 niter
1080 1590 1235 1659 celebravit,
1249 1599 1277 1647 ct
1290 1606 1325 1647 ne
1346 1590 1512 1647 Heinricum
1524 1592 1679 1663 specialiter
1693 1593 1794 1650 iterum

138 1681 280 1754 depositos
302 1691 330 1740 et
352 1683 607 1741 anathematizatos.
633 1685 735 1742 Statim
757 1685 839 1754 igitur
860 1684 938 1756 juxta
994 1683 1250 1751 anathematizaret,
1265 1684 1308 1740 vir
1332 1700 1347 1739 a
1368 1683 1465 1741 sinodo
1480 1694 1621 1754 exoratus,
1636 1702 1733 1743 omnes
1750 1670 1795 1742 ta-

138 1778 272 1834 Saootum
283 1779 395 1834 Petrum
405 1778 543 1850 quendam
557 1778 751 1849 monticulum,
765 1778 880 1834 nomine
889 1781 938 1835 Pa·
954 1751 979 1815 Β
993 1793 1058 1833 men
1079 1778 1337 1846 excommunicavit,
1352 1779 1519 1850 quicumque
1539 1780 1660 1852 aliquem
1674 1780 1709 1836 ad
1724 1782 1794 1836 San-

139 1871 274 1928 laceolum
284 1876 294 1938 (
304 1875 399 1939 1323),
414 1871 604 1940 incastellavit,
618 1873 698 1944 eique
712 1871 816 1928 milites
826 1872 937 1940 multos,
991 1880 1068 1930 ctum
1091 1874 1201 1929 Petrum
1217 1872 1257 1929 vel
1272 1873 1306 1930 ad
1327 1889 1428 1946 papam
1441 1873 1593 1930 venientem
1608 1890 1719 1947 quoquo
1732 1891 1793 1931 mo·

139 1973 171 2021 ut
188 1965 380 2037 impugnarent
401 1967 555 2031 Romanos,
580 1967 726 2037 imposuit,
747 1966 793 2039 qui
816 1966 854 2004 333
874 1981 939 2022 eum
991 1965 1029 2023 do
1048 1967 1221 2039 impedirent.
1238 1968 1290 2025 Sed
1301 1967 1358 2039 jam
1372 1967 1484 2024 advenit
1496 1969 1642 2037 terminus,
1659 1968 1693 2025 ad
1711 1984 1795 2042 quem
1834 2013 1841 2020 .

139 2059 362 2116 Transtiberinae
387 2058 513 2131 regiones
536 2059 612 2116 urbis
635 2060 711 2116 nullo
738 2067 817 2131 pacto
838 2060 939 2115 intrare
991 2060 1122 2127 Romani,
1135 2061 1362 2133 nescientepapa,
1376 2061 1795 2134 Heinricoseellecturosjura·

140 2153 345 2225 permittebant.
356 2152 435 2207 Multi
446 2160 543 2209 tamen
549 2153 608 2225 jam
619 2169 651 2208 ex
662 2153 798 2209 Romanis
808 2152 938 2208 Heinrico
992 2161 1098 2221 verant,
1112 2162 1143 2208 ut
1161 2163 1210 2209 aut
1223 2154 1374 2226 Gregorius
1388 2170 1456 2226 papa
1471 2170 1537 2211 eum
1552 2155 1734 2223 incoronaret,
1748 2164 1806 2221 aut,

138 2253 345 2312 consenserant,
357 2245 457 2318 partim
467 2245 561 2317 precio
574 2245 680 2302 inducti
695 2245 744 2315 ³⁸⁴,
755 2246 856 2318 partim
866 2247 938 2302 mul·
992 2246 1061 2302 alius
1083 2262 1167 2319 quem
1184 2247 1233 2316 ipsi
1249 2246 1297 2301 illo
1319 2248 1433 2318 expulso
1449 2247 1590 2319 eligerent.
1615 2240 1794 2320 Quod'jura·

138 2341 177 2396 tis
191 2338 421 2411 promissionibus
442 2340 560 2407 seducti,
575 2355 673 2395 omnes
687 2348 780 2395 autem
795 2340 938 2412 aequaiiter
991 2348 1116 2396 mentum
1132 2340 1193 2395 licet
1207 2338 1236 2394 in
1250 2340 1389 2412 praeterita
1403 2348 1499 2396 aestate
1513 2339 1617 2396 lactum
1632 2341 1796 2408 133113331-

136 2431 366 2507 (311113131131335
383 2433 590 2505 impugnatione
603 2433 720 2488 nimium
733 2429 851 2504 fatigati.
867 2432 939 2502 Quid
992 2449 1041 2490 nes
1062 2443 1155 2490 tamen
1168 2433 1280 2489 intimos
1301 2443 1378 2506 papae
1397 2448 1483 2505 usque
1504 2433 1540 2490 ad
1563 2424 1713 2490 terminum
1729 2449 1796 2506 pene

139 2528 241 2599 plura?
255 2528 360 2583 Omnes
371 2543 440 2600 pene
455 2526 587 2591 Romani,
602 2534 704 2599 praeter
718 2525 873 2597 principem
888 2529 938 2582 Sa·
994 2526 1079 2582 latuit.
1097 2525 1270 2606 adveniente
1285 2526 1368 2598 igitur
1381 2527 1514 2593 termino,
1529 2527 1648 2584 Romani
1668 2543 1746 2600 papae
1761 2528 1795 2585 de

138 2620 316 2689 leruitanum,
332 2620 461 2677 boccum
475 2619 605 2676 Heinrieo
618 2619 809 2687 laudaverunt,
824 2626 855 2673 ut
868 2634 940 2692 papa
990 2621 1150 2693 juramento
1178 2617 1429 2686 manifestaverunt,
1451 2619 1583 2689 dicentes,
1608 2635 1637 2676 se
1660 2622 1794 2679 Heinrico
1899 2680 1905 2695 ,

139 2715 290 2788 Gregorius
310 2714 440 2771 sinodum
463 2714 490 2769 in
514 2713 605 2770 medio
628 2712 776 2769 Novembri
799 2711 941 2784 colligeret
989 2714 1108 2784 iurasse,
1120 2720 1221 2768 nonut
1233 2727 1302 2784 papa
1315 2711 1391 2766 illum
1403 2712 1577 2768 sollemniter
1589 2712 1674 2785 regali
1688 2713 1795 2770 unctio·

140 2810 248 2877 Romae,
260 2808 338 2881 cujus
351 2807 442 2865 sinodi
455 2815 555 2864 statuta
567 2807 602 2863 de
615 2822 697 2863 causa
707 2806 781 2878 regni
791 2821 843 2861 nec
858 2805 941 2861 113111-
995 2823 1028 2863 ue
1041 2807 1224 2874 incoronaret,
1248 2804 1295 2861 sed
1315 2813 1425 2861 tantum
1438 2804 1609 2876 simpliciter,
1627 2815 1657 2860 ut
1671 2807 1696 2862 ei
1714 2823 1795 2863 coro·

139 2902 208 2973 rico,
223 2918 274 2959 nec
286 2901 431 2969 Romanis,
448 2901 535 2957 immo
549 2901 616 2957 nulli
632 2900 740 2972 penitus
754 2899 849 2956 liceret
868 2914 939 2971 3133-
993 2916 1057 2957 nam
1069 2900 1155 2956 daret.
1170 2898 1275 2956 Annuit
1287 2899 1371 2971 igitur
1384 2914 1454 2970 papa
1465 2913 1562 2954 eorum
1577 2899 1656 2967 votis,
1671 2908 1702 2956 ut
1721 2915 1795 2957 eosa

138 2996 264 3053 varicari.
289 2996 432 3052 Heinricus
452 3010 559 3068 quoque
574 2995 654 3051 ituris
673 2994 709 3051 ed
724 2994 798 3050 illam
811 2993 940 3050 sinodum
991 2995 1149 3067 juramento
1163 2993 1323 3060 absolveret,
1337 2992 1464 3049 videlicet
1474 3000 1506 3049 ut
1517 2992 1649 3061 ilenrico,
1662 2993 1686 3049 si
1697 2994 1793 3062 vellet,

136 3098 168 3146 et
192 3088 320 3146 redituris
342 3089 520 3146 securitatem
550 3087 730 3162 iureiurando
755 3088 831 3145 iecit.
859 3088 941 3146 Unde
957 3119 979 3184 C
994 3104 1057 3144 cum
1070 3088 1191 3160 iusticia,
1205 3087 1247 3143 sin
1262 3095 1365 3155 autem,
1379 3103 1443 3143 curn
1454 3086 1647 3144 maledictione
1661 3103 1795 3144 eoronam

135 3191 168 3240 et
181 3199 250 3256 papa
264 3199 360 3240 omnes
379 3183 518 3256 religiosos
531 3184 671 3256 episcopos
691 3191 718 3239 et
729 3182 839 3239 abbates
854 3182 889 3239 ad
902 3181 939 3237 si·
994 3182 1078 3239 daret.
1093 3182 1175 3239 Unde
1192 3181 1311 3236 Romani
1327 3181 1524 3238 mandaverunt
1538 3180 1679 3247 Heinrico,
1703 3190 1734 3237 ut
1749 3197 1793 3238 ve·

136 3277 244 3335 nodum
265 3278 349 3334 literis
367 3277 424 3334 suis
439 3278 552 3334 vocavit.
568 3282 690 3334 Reverso
711 3277 795 3349 igitur
807 3276 938 3333 Heinrieo
994 3275 1066 3331 niret
1080 3263 1121 3331 ’311
1143 3273 1331 3345 accipiendam
1344 3290 1476 3330 coronam
1492 3290 1556 3331 oum
1568 3275 1686 3348 justicia,
1699 3275 1721 3331 si
1738 3275 1794 3331 vel·

135 3371 371 3444 Longoberdiam,
402 3371 505 3428 milites
532 3371 589 3442 ejus
612 3386 682 3442 quos
706 3370 734 3424 in
756 3370 868 3426 castello
891 3370 938 3425 illo
994 3369 1045 3436 let,
1059 3368 1101 3424 sin
1115 3375 1216 3433 autem,
1231 3367 1266 3424 de
1280 3367 1390 3424 castello
1404 3368 1492 3425 sancti
1510 3368 1605 3440 Angeii
1623 3384 1669 3440 per
1688 3369 1793 3440 virgam

137 3480 224 3538 prope
239 3467 370 3522 Sanctum
380 3468 494 3522 Petrum
506 3462 621 3531 dimisit,
632 3463 773 3535 repentina
783 3479 859 3519 mors
870 3478 938 3533 pene
993 3461 1044 3518 sibi
1056 3460 1199 3517 dimissam
1212 3476 1308 3534 apapa
1323 3461 1465 3533 reciperet.
1477 3461 1531 3519 Sed
1545 3461 1673 3519 Heinrioo
1686 3472 1794 3519 utrum-

136 3575 236 3617 omnes
249 3559 359 3625 invasit,
380 3559 452 3614 inter
465 3572 536 3630 quos
550 3563 579 3612 et
592 3554 755 3612 oudalricus
767 3555 802 3612 de
816 3555 938 3612 Goscez-
993 3571 1045 3628 que
1060 3564 1212 3621 recusante,
1236 3555 1320 3613 alium
1342 3556 1464 3628 legatum
1478 3556 1518 3613 illi
1531 3556 1664 3626 direxere,
1680 3557 1725 3629 qui
1747 3572 1802 3613 eos·
1835 3628 1858 3641 f

136 3650 215 3708 heim
230 3650 267 3691 333
281 3652 383 3723 absquo
398 3649 573 3707 aeclesiastica
586 3648 782 3705 communione
798 3648 848 3718 ’(1,
869 3647 936 3704 11331
993 3649 1065 3705 bello
1077 3647 1247 3719 defenderet,
1262 3649 1286 3706 si
1300 3664 1412 3705 necesse
1427 3658 1498 3705 esset
1513 3666 1520 3705 τ
1534 3664 1563 3705 se
1576 3638 1647 3706 beno
1660 3649 1793 3706 attendis·

136 3745 223 3803 miser
237 3746 349 3814 interiit,
365 3751 462 3801 auctor
476 3741 557 3817 hujus
576 3743 742 3800 scismatioae
756 3742 938 3815 conspiratio·
993 3759 1022 3800 se
1035 3743 1110 3817 quod
1123 3743 1161 3794 331
1170 3743 1331 3815 juraverint,
1344 3758 1394 3799 nee
1405 3759 1435 3799 se
1454 3742 1571 3815 amplius
1583 3758 1616 3799 eo
1632 3742 1793 3815 juramento

135 3839 183 3895 nis
196 3847 224 3896 et
238 3841 372 3895 incentor.
389 3840 495 3894 113200
518 3846 612 3894 autem
625 3837 772 3907 militibus,
789 3837 837 3910 qui
851 3836 879 3892 in
892 3836 938 3892 illo
992 3837 1109 3894 detineri
1123 3837 1267 3894 obnoxios.
1283 3837 1369 3910 lgitur
1380 3835 1486 3894 domno
1500 3852 1576 3909 papae
1589 3835 1627 3888 333
1642 3837 1731 3893 multo
1745 3836 1794 3892 lir-

136 3933 251 3990 eastello
275 3947 324 4003 pro
345 3930 469 3987 custodia
482 3930 589 3987 dimissi
611 3939 684 4000 sunt,
700 3933 744 3987 vix
767 3937 801 3988 3ο
819 3929 939 4003 gladium
992 3931 1067 3988 nrius
1080 3947 1162 4004 quam
1175 3931 1280 4003 pridem
1292 3930 1405 3988 consilio
1418 3929 1458 3981 323
1477 3939 1504 3987 et
1521 3930 1621 3987 auxilio
1642 3929 1791 3987 adhaesere.

135 4025 225 4082 sancti
247 4024 331 4092 Petri,
346 4031 378 4078 ut
391 4023 477 4094 aiunt,
497 4039 628 4081 concessa
641 4025 696 4080 vita
718 4031 870 4080 evaserunt.
896 4028 940 4096 ip·
992 4025 1135 4082 Heinricus
1149 4034 1242 4082 autem
1263 4025 1351 4081 multo
1373 4023 1520 4082 instantius
1534 4040 1583 4097 pro
1597 4025 1635 4080 eis
1649 4039 1707 4080 suae
1721 4023 1796 4096 parti

135 4132 203 4175 sum
225 4124 321 4173 autem
343 4117 485 4173 castellum
502 4133 518 4173 a
539 4117 673 4173 Romanis
687 4117 797 4189 penitus
816 4116 875 4174 solo
889 4116 939 4173 ad·
992 4118 1173 4191 applicandis,
1186 4134 1262 4175 nunc
1273 4118 1416 4187 minando,
1431 4134 1505 4175 nunc
1518 4115 1705 4189 promittendo
1718 4115 1793 4171 labo·

136 4220 279 4282 aequatum
287 4219 337 4267 est.
348 4210 495 4267 Heinricus
504 4210 586 4282 igitur
594 4213 755 4266 Rauennate
765 4226 816 4265 suo
826 4209 939 4267 interim
992 4212 1080 4279 ravit,
1105 4213 1279 4282 multumque
1308 4220 1418 4281 tempus
1449 4211 1521 4267 circa
1548 4212 1671 4266 Romam
1697 4223 1791 4265 mora-

135 4307 298 4362 Ravennam
308 4304 480 4371 transmisso,
491 4304 526 4361 ad
538 4303 699 4376 praedictam
709 4302 747 4342 333
757 4302 885 4361 sinodum
898 4303 937 4343 ³⁸⁸
992 4312 1037 4361 tus
1065 4303 1130 4360 huie
1157 4302 1272 4375 negocio
1292 4302 1452 4375 invigilavit.
1473 4303 1524 4360 ilis
1547 4301 1718 4374 temporibus
1739 4301 1792 4373 piae

136 4396 277 4472 proiectus
289 4407 341 4466 est,
353 4415 407 4470 quo
422 4406 450 4455 et
462 4398 542 4472 legati
554 4398 769 4455 Teutonicorum
782 4397 938 4470 principum
992 4396 1135 4454 memorie
1168 4395 1322 4469 Stephanus
1351 4394 1493 4468 quondam
1525 4410 1573 4451 rex
1602 4397 1789 4467 Ungerorum,

134 4491 180 4549 ire
193 4491 360 4559 debuerunt;
376 4500 420 4549 sct
440 4508 457 4549 3
478 4492 608 4550 Heinrico
631 4492 660 4548 in
687 4492 729 4548 via
744 4491 816 4564 apud
838 4490 979 4555 Foruml)
994 4491 1040 4565 qui
1059 4491 1193 4565 seipsum
1212 4506 1277 4547 cum
1297 4505 1345 4547 sua
1359 4488 1485 4563 gentead
1505 4488 1590 4545 iidem
1611 4487 1791 4545 Christicon·
1889 4482 1893 4490 ⁴

135 4584 225 4641 cassii
238 4590 338 4653 (1321)
352 4585 424 4657 capti
437 4594 465 4642 et
479 4586 592 4658 praedati
602 4594 666 4642 sunt
677 4586 750 4642 circa
763 4584 935 4642 festivitatem
991 4585 1081 4653 vertit,
1091 4593 1153 4658 post
1164 4584 1405 4658 quadragesimum
1414 4582 1506 4640 obitus
1514 4580 1558 4638 sui
1570 4587 1695 4649 annum(
1707 4586 1791 4651 1323)

134 4678 227 4736 sancti
245 4679 356 4737 Martini
370 4679 419 4748 ³⁸⁹,
436 4679 500 4737 iicet
512 4679 641 4737 omnibus
655 4679 785 4737 sinodum
797 4679 873 4736 iilam
886 4696 935 4752 pe·
990 4680 1129 4736 miraculis
1142 4679 1251 4736 claruit.
1262 4678 1394 4735 Salomon
1403 4693 1453 4735 rex
1464 4678 1652 4749 Umerorum,
1664 4684 1708 4735 set
1717 4677 1794 4751 regia

782 4833 907 4888 VARIAE
925 4833 1135 4891 tectiorem.

174 4982 214 5035 ³⁷9
226 4984 287 5039 diue
298 4984 390 5040 littere
403 4985 496 5055 paullo
506 4986 604 5049 3311133,
620 4983 666 5040 sed
677 5001 740 5040 aroc
752 4985 851 5039 iterum
865 4986 958 5040 crescit
972 4992 997 5041 1.
1036 4984 1074 5021 333
1089 4990 1258 5067 pugnaturus
1271 4989 1298 5039 2.
1337 4981 1531 5056 3338133113-
1544 4982 1794 5040 anathematizatos
1884 4982 1891 4993 ’

136 5058 234 5113 littero
254 5059 403 5111 minorita
418 5059 542 5127 ntarpioe
564 5057 662 5113 addito
682 5063 706 5111 1.
743 5055 781 5094 333
802 5055 978 5112 aritinensenr
993 5061 1017 5110 2.
1041 5056 1237 5114 ariminensem
1260 5060 1287 5110 8.
1325 5052 1362 5091 333
1404 5054 1433 5111 31
1447 5082 1484 5096 -
1497 5054 1558 5127 iam
1582 5057 1676 5111 littere
1689 5055 1793 5108 minori

135 5127 253 5195 odditm
265 5128 325 5199 jam
345 5130 375 5182 itt
395 5128 448 5184 loco
471 5135 578 5184 rusci.
617 5126 654 5171 333
668 5125 799 5184 conducti
813 5134 839 5183 2.
878 5126 915 5166 ³⁸¹
936 5127 1045 5184 triennii
1065 5136 1091 5184 2.
1129 5124 1170 5164 333
1186 5123 1359 5199 gozcezlteim
1380 5132 1421 5180 1.
1459 5124 1494 5176 331
1509 5124 1792 5198 euprattneamaddt·

136 5204 200 5254 tum
216 5202 240 5252 1.
280 5197 316 5236 333
336 5203 365 5254 tn
387 5201 442 5255 loeo
455 5201 581 5255 rosolitt.
596 5202 652 5255 mio
668 5205 692 5255 1.
731 5198 767 5250 333
783 5201 852 5255 ione
867 5203 919 5256 tres
934 5199 1010 5255 littere
1024 5215 1107 5270 usque
1120 5196 1310 5256 iecitcruciari
1324 5201 1352 5253 ln
1366 5199 1420 5254 loco
1441 5213 1514 5262 roso,
1530 5203 1627 5268 etque
1640 5202 1792 5265 sequuntur

137 5270 197 5325 olio
209 5274 359 5326 atramento
372 5273 475 5341 scriptu
498 5275 562 5326 sunt
577 5276 602 5325 1.
641 5269 679 5321 333
693 5270 813 5344 religiosi
831 5276 857 5325 2.
898 5269 935 5320 33·
951 5272 1113 5327 auslrelmus
1127 5275 1153 5325 2.
1193 5267 1232 5319 ³⁹²
1258 5268 1415 5341 reginaldus
1428 5273 1455 5324 2.
1472 5272 1511 5324 ito
1525 5273 1550 5324 et
1563 5271 1650 5334 intro.
1688 5262 1791 5323 33313-

136 5340 241 5397 niret.
277 5341 315 5393 333
329 5360 358 5414 q.
377 5350 401 5398 1.
424 5344 462 5414 qd
476 5349 504 5399 2.
522 5341 587 5413 quid
605 5348 630 5398 3.
667 5340 705 5392 ⁸⁹⁵
721 5358 791 5416 papa
804 5349 831 5400 2.
855 5340 1007 5414 apostolico
1021 5350 1047 5399 3.
1062 5334 1105 5400 13.
1141 5339 1179 5393 333
1199 5335 1794 5408 3131133333.11131331111311311333333-
1892 5412 1895 5417 ¹

138 5416 214 5469 ctum
227 5418 275 5470 est.
1030 5492 1038 5505 .

910 5511 1031 5570 NOTAE.

180 5671 280 5734 (1320)
297 5668 339 5725 Ad
352 5664 474 5724 Tiberim
489 5680 575 5738 prope
591 5664 734 5722 castellum
749 5665 777 5722 S.
792 5664 902 5740 Angeli.
1031 5665 1132 5732 (1322)
1146 5662 1187 5722 Cf.
1202 5665 1292 5721 blansi
1307 5664 1376 5730 XX,
1396 5663 1462 5715 5117.
1620 5731 1626 5743 .
1878 5708 1886 5741 ,Ι

179 5743 284 5809 (1321)
304 5739 393 5796 Hodie
406 5740 505 5794 Sancta
518 5737 605 5794 Maria
628 5736 657 5793 di
673 5739 804 5805 Percussi,
822 5754 839 5795 a
855 5737 940 5794 meri·
1031 5735 1135 5806 (1323)
1156 5736 1224 5808 Ejus
1239 5737 1346 5793 obitum
1359 5744 1431 5787 auno
1447 5734 1517 5788 1038
1531 5733 1792 5804 repcnrtflermen·
1881 5772 1886 5775 -

141 5809 188 5868 die
204 5811 320 5868 viterbii
336 5825 420 5883 prope
434 5809 592 5868 vetrallam.
996 5823 1059 5865 nus.
1075 5809 1156 5880 Used
