3870 6164
135 215 206 268 erra
590 184 734 269 cernuo.
754 216 799 271 ιιι.
819 244 854 255 -
871 215 1081 273 ιιοιιιιιιιιιιιι
1098 200 1327 293 oncoonrsrir.
1713 200 1782 285 riso

133 345 163 392 et
177 335 322 409 presbyter
335 335 501 393 etdiaconus
517 351 573 393 uon
584 346 647 393 sunt
660 338 825 395 meritorum
839 341 932 396 nomi·
946 345 974 409 Α
987 342 1121 400 dicatione
1143 360 1158 400 a
1172 342 1201 402 S.
1224 320 1353 402 llomana
1374 345 1493 403 Ecclesia
1511 347 1671 419 deviarunt,
1685 350 1732 409 sed
1752 352 1783 409 in
1835 340 1841 351 ¹

132 449 182 502 na,
192 431 243 489 sed
255 431 421 489 ciliciorum.
432 434 488 489 Nec
502 431 615 490 dicitur:
629 433 657 490 Si
670 435 932 507 quisepiscopatum
964 454 968 465 ·
985 436 1045 510 ejus
1058 438 1412 512 communicationemque
1430 440 1464 496 ad
1477 441 1561 498 linem
1574 443 1637 501 ritae
1650 445 1781 518 perdura·

133 526 283 596 desiderat,
313 526 418 582 bonum
442 525 585 584 desiderat
598 526 735 601 gradum,
762 528 809 585 sed
828 526 932 586 bonum
986 538 1060 587 runt.
1082 531 1114 587 In
1130 538 1240 587 tantum
1254 548 1374 606 nomque
1390 534 1664 594 beatusGelasiusin
1679 538 1816 613 praedig
1886 600 1891 606 ,

134 636 207 695 opus
233 617 375 678 desiderat
390 622 415 692 (Ι
429 623 499 676 Tim.
515 629 565 690 ιιι)
585 620 670 694 quod,
686 622 712 678 in
726 621 824 695 majori
839 625 934 682 ordine
985 623 1036 679 ctis
1049 623 1165 680 decretis
1176 626 1367 684 auctoritatem
1379 627 1411 682 S.
1431 627 1594 702 Hieronymi
1607 628 1689 686 nobis
1702 647 1783 688 com-

133 715 311 782 constiturus,
326 714 423 788 possit,
444 715 466 771 si
477 714 550 785 velit,
578 715 753 772 occasionem
768 717 932 775 exercenda·
985 717 1099 773 mendat
1113 726 1144 774 ut
1153 726 1180 774 et
1194 718 1311 775 aliorum
1320 721 1461 792 opuscula,
1473 720 1551 793 juxta
1565 722 1624 794 ejus
1633 720 1783 794 judicium,

134 825 199 867 rum
219 808 319 866 habere
335 809 478 866 rirtmum.
986 810 1141 882 recipienda
1154 812 1194 868 rel
1209 811 1363 885 respuenda
1382 829 1440 870 esse
1453 813 1556 872 ibidem
1568 813 1704 872 decernat.
1715 816 1784 886 Qui·

174 926 186 954 ι
202 906 320 976 oportet
335 918 402 976 ergo
416 903 576 977 episcopum
591 904 862 977 irreprehensibilem
873 919 934 962 esse
985 918 1095 978 cunque
1111 904 1193 978 igitur
1207 905 1329 963 debitam
1351 905 1534 964 obedientiam
1553 909 1711 981 apostolicae
1725 909 1783 967 sedi

137 1001 164 1069 (l
180 1001 248 1056 Tim.
265 1004 312 1064 ιιι)
322 1007 353 1055 ut
363 997 429 1055 nulli
443 998 512 1055 ritio
525 999 697 1072 mancipatus
709 999 756 1068 sit,
772 1000 855 1056 unius
867 1014 934 1056 uxo·
986 997 1279 1070 impendereroluerit,
1288 999 1493 1057 nullatenusvel
1506 1001 1663 1074 hujusmodi
1674 1003 1722 1059 SS.
1733 1007 1786 1060 Pa·
1858 1017 1868 1029 ’

134 1093 175 1151 ris
193 1094 294 1160 virum,
307 1094 354 1167 qui
368 1107 454 1151 unam
468 1108 583 1150 uxorem
592 1091 730 1163 habuerit,
746 1109 803 1150 non
823 1092 932 1149 habeat.
986 1099 1061 1148 trum
1088 1091 1270 1165 singularibus
1289 1093 1431 1150 sententiis
1444 1095 1616 1167 repugnabit.
1632 1097 1785 1169 Hucusque

135 1187 278 1255 Sobrium‚
291 1186 358 1257 sire,
374 1195 405 1245 ut
416 1186 514 1243 melius
528 1188 557 1244 in
571 1188 671 1244 Gracc
691 1187 800 1257 dieitur,
816 1187 934 1260 vigilan·
986 1182 1104 1241 sufficiat
1122 1185 1222 1243 dixisse
1235 1186 1281 1257 qui
1308 1185 1459 1259 Apostolus
1479 1189 1569 1261 exigat
1592 1204 1607 1244 a
1637 1187 1786 1247 sacerdoti-

134 1289 205 1350 tem,
223 1280 313 1350 idest,
325 1279 460 1351 νηφάλιον,
473 1280 616 1351 Pudicam,
631 1280 684 1339 hoc
696 1282 770 1338 enim
784 1279 933 1352 signifieat,
988 1277 1049 1334 bus.
1072 1277 1160 1348 Quod,
1179 1279 1336 1353 quicunque
1349 1280 1466 1338 fideliter
1480 1282 1655 1354 perspexerit,
1679 1297 1784 1355 nequa·

135 1376 252 1446 σώφρονι
264 1376 303 1444 [G.
315 1377 361 1440 lt,
371 1373 646 1447 &leporiornatnm
657 1383 685 1431 et
696 1375 822 1434 castitate
834 1382 863 1431 et
877 1388 935 1429 mo-
988 1384 1071 1443 quam
1097 1378 1199 1428 statuta
1216 1372 1304 1429 nostri
1327 1373 1470 1446 apostolici
1484 1374 1655 1432 obliteranda
1677 1374 1785 1448 judica·

135 1467 415 1540 ribusilospitulem,
430 1477 461 1523 ut
476 1466 601 1524 imitetur
613 1465 765 1537 Abraham,
776 1475 873 1524 etcum
888 1482 936 1539 pe·
990 1461 1039 1519 bit.
1054 1464 1132 1533 Quae,
1159 1479 1212 1522 nec
1237 1465 1333 1538 aliquis
1348 1473 1524 1525 contemnere
1544 1469 1657 1540 poterit,
1678 1468 1729 1525 nisi
1754 1476 1784 1526 et

135 1562 264 1635 segnius,
279 1561 337 1617 imo
352 1562 379 1617 in
392 1560 543 1633 peregrinis
554 1561 696 1617 Christum
713 1560 842 1634 suscipiat
855 1560 933 1626 (Gerr.
990 1555 1112 1628 ipsorum
1135 1558 1324 1630 apostolorum
1355 1562 1499 1618 sententiis
1523 1576 1674 1635 repugnare
1705 1562 1784 1631 relit;

136 1653 492 1722 xr111).Doctorcm,nihil
503 1654 577 1710 enim
588 1652 701 1726 prodest
712 1653 937 1711 conscientiarin
990 1649 1089 1722 quibus
1113 1650 1171 1723 ipsa
1186 1651 1294 1710 Veritas
1317 1654 1345 1710 in
1366 1656 1516 1729 Evangelio
1535 1654 1695 1713 fidelissime
1717 1670 1785 1728 pro·

136 1757 231 1806 tutum
251 1747 321 1814 lrui,
343 1748 396 1804 nisi
416 1755 445 1804 et
466 1747 604 1805 creditum
618 1747 671 1805 sibi
698 1747 832 1820 populum
852 1746 937 1819 possit
953 1717 1091 1799 Bmittit:
1109 1747 1786 1817 cVerumtamendieovohis,terraeSodomorum

137 1842 288 1912 instruere,
304 1849 336 1898 ut
348 1841 437 1898 valeat
449 1841 588 1898 exhortari
602 1840 631 1896 in
646 1839 772 1898 doctrina
786 1851 815 1898 et
826 1855 874 1897 eos
886 1839 936 1912 qui
991 1836 1135 1894 remissius
1151 1839 1204 1896 erit
1215 1839 1244 1895 in
1256 1839 1301 1897 die
1311 1840 1405 1913 judicii
1423 1864 1436 1891 r
1446 1858 1529 1914 quam
1547 1842 1661 1915 illisqui
1677 1857 1786 1900 sermo·
1885 1830 1890 1841 ⁸

136 1934 333 1994 contradicunt
346 1935 519 2008 redarguere.
534 1936 598 1991 Non
611 1934 791 2003 vinolentum,
807 1935 868 2006 quia
888 1933 936 2006 qui
991 1945 1040 1987 nes
1052 1939 1156 1988 vestros
1165 1948 1220 1988 non
1232 1944 1394 2007 receperunt
1403 1937 1513 2003 (Motth.
1522 1951 1568 2000 xx,
1583 1939 1648 1995 Luc.
1659 1938 1703 2006 x).

136 2044 250 2102 semper
264 2029 400 2087 insanctis
408 2037 626 2096 sanctorumest,
642 2026 808 2100 etquiollert
820 2026 936 2094 hostias,
1027 2024 1100 2081 Cre.
1116 2026 1205 2081 xvll.
1222 2026 1356 2096 Quartum
1371 2029 1561 2085 autemnostri
1576 2029 1718 2102 apostolici
1735 2028 1787 2087 ds·

137 2131 166 2180 et
181 2123 276 2178 vinnm
289 2130 317 2179 ct
331 2123 451 2179 siceram
460 2137 517 2178 non
524 2120 594 2177 bibit
609 2124 682 2188 (leo.
698 2126 740 2188 x),
753 2121 816 2192 quia
827 2121 857 2176 in
872 2119 936 2175 vino
993 2124 1101 2173 cretum
1128 2118 1252 2192 praeeipit
1264 2127 1296 2176 ut
1306 2119 1423 2192 populos
1435 2120 1598 2179 clericorum
1626 2120 1717 2180 officia
1729 2137 1789 2179 non

137 2217 246 2274 luxuria
264 2225 316 2275 est.
330 2216 374 2274 sic
396 2217 472 2273 bibat
492 2216 638 2288 episcopus
652 2224 684 2271 ut
695 2230 730 2271 an
743 2213 843 2271 biberit
856 2213 938 2287 igno·
992 2211 1116 2283 recipiat,
1138 2227 1209 2284 quos
1221 2214 1307 2271 sacris
1320 2215 1483 2284 canonibus,
1509 2215 1567 2273 imo
1580 2217 1741 2289 evangelicis
1761 2225 1790 2276 et
1873 2252 1877 2258 ·

137 2318 226 2367 retur.
241 2312 304 2367 Non
314 2325 517 2382 percussorem,
533 2308 560 2366 id
570 2309 679 2380 estqui
691 2306 938 2365 conscientiasnon
992 2305 1152 2378 apostolicis
1165 2306 1387 2365 institutionibus
1407 2308 1545 2366 adversari
1558 2309 1699 2383 percipiat,
1714 2309 1790 2370 vide·

139 2403 276 2476 percutiat
288 2405 479 2478 singulorum3
503 2401 678 2475 nequeenim
692 2402 812 2475 pugilem
837 2401 941 2458 descri-
993 2397 1060 2456 lieet
1074 2414 1144 2472 quos
1154 2401 1234 2472 juxta
1248 2416 1393 2459 censuram
1408 2403 1456 2459 bl.
1473 2405 1584 2460 Patrum
1599 2400 1789 2463 damnatoria

139 2496 184 2555 bit
204 2513 297 2555 sermo
311 2498 488 2570 apostolicus,
502 2495 550 2553 sed
566 2495 723 2568 pontificem
747 2494 863 2552 instituit
873 2493 940 2567 quid
994 2493 1136 2563 propriam
1153 2508 1253 2550 eorum
1267 2496 1417 2566 perniciem
1427 2491 1506 2552 altari
1515 2496 1673 2555 ministrare
1684 2499 1789 2557 rideat.

139 2589 231 2649 iacere
244 2607 301 2648 non
325 2591 435 2649 debeat.
450 2593 539 2647 Docet
563 2606 638 2647 nune
652 2605 668 2646 a
681 2590 792 2662 regione
806 2586 871 2661 quid
897 2586 940 2644 la·
995 2588 1102 2656 Nempe
1130 2585 1333 2643 Antiochenum
1363 2586 1521 2657 concilium,
1557 2605 1573 2645 a
1603 2592 1790 2651 saeratissimo

139 2685 206 2743 ciat.
220 2685 274 2743 Sed
287 2683 456 2754 modestum,
480 2700 536 2741 non
549 2683 715 2756 litigiosum,
729 2697 785 2739 uon
797 2681 939 2753 cupidum,
995 2678 1209 2736 chalcedonensi
1224 2679 1352 2747 concilio,
1363 2688 1393 2736 nt
1405 2680 1591 2752 prediximus,
1602 2683 1792 2743 indubitanter

139 2778 256 2836 domm
270 2794 349 2835 suam
363 2777 432 2835 bene
448 2785 601 2849 regentem,
613 2776 685 2832 lilios
694 2773 842 2831 habentem
851 2773 940 2830 subdi·
994 2771 1168 2841 roboratum,
1186 2770 1276 2828 officia
1290 2771 1484 2829 damnatorum
1495 2775 1660 2832 clericorum
1679 2791 1793 2850 apopu-

140 2878 185 2929 tos
198 2886 264 2928 curn
278 2871 356 2929 omni
368 2870 504 2927 castitate.
520 2868 591 2927 Vide
611 2876 715 2941 quanta
730 2866 863 2940 pudicitia
878 2867 938 2923 exi·
994 2865 1028 2922 lis
1042 2866 1124 2936 recipi
1138 2865 1341 2923 districtissime
1355 2866 1493 2938 prohibet,
1508 2867 1610 2925 scilieet
1620 2877 1652 2926 ut
1660 2870 1742 2927 etiam
1757 2871 1792 2928 ab

140 2965 264 3039 gatnrin
283 2964 423 3037 episcopo,
438 2971 479 3034 ut,
497 2963 521 3019 si
536 2963 583 3018 lilii
607 2963 666 3036 ejus
680 2961 811 3034 impudici
825 2960 938 3029 luerint,
994 2959 1108 3016 eeclesia
1140 2958 1309 3032 abjiciendos
1336 2974 1395 3016 esse
1419 2960 1522 3032 judicet
1543 2960 1589 3034 qui
1610 2961 1665 3020 illis
1685 2963 1791 3021 clericis

141 3058 201 3132 ipso
226 3059 371 3131 episcopus
390 3071 520 3114 essenon
538 3056 640 3129 possit3
667 3062 705 3126 et,
731 3053 829 3111 eodem
845 3053 938 3110 ollicio
956 3055 1089 3124 cealtem
1103 3056 1366 3113 communicaverint
1375 3070 1446 3128 quos
1453 3056 1630 3114 interdictum
1642 3059 1696 3116 sibi
1710 3060 1792 3116 mini·

141 3149 265 3209 oiieodat
277 3153 445 3222 Deumque
457 3147 578 3205 oflendit
589 3149 651 3205 Heli
664 3146 786 3221 pontilex
799 3147 872 3219 :qui
882 3161 942 3204 cor·
996 3150 1110 3206 sterium
1136 3164 1269 3222 usurpare
1283 3150 1469 3222 cognoverint.
1496 3151 1543 3209 Sic
1556 3152 1633 3208 enim
1663 3161 1794 3226 quartum

141 3245 265 3320 ripuerat
278 3242 392 3317 quidem
408 3243 492 3312 lilios,
507 3242 566 3306 sed,
581 3242 648 3314 quia
661 3259 717 3298 non
735 3240 871 3313 abiecerat
891 3239 944 3296 de·
998 3242 1631 3315 ejusdemconeiliicaputtestatur(Apoddrot.
1642 3251 1719 3317 ll,q.
1731 3251 1793 3316 tlt,

142 3338 309 3412 linquentes,
315 3346 467 3395 retrorsum
473 3335 570 3393 recidit
580 3335 942 3404 etmortuusestslllteng),
997 3354 1020 3393 c.
1035 3340 1062 3404 6)
1081 3357 1088 3393 :
1118 3360 1130 3384 .
1144 3337 1244 3409 Siquis
1257 3337 1400 3409 episcopus
1417 3336 1591 3395 damnatusa
1618 3339 1738 3412 synodo,
1752 3341 1795 3397 vel

143 3433 256 3490 lucerna
276 3431 330 3488 Dei
346 3439 495 3504 antequam
511 3430 728 3502 extingueretur.
741 3426 882 3493 Mulieres,
906 3425 942 3481 ei·
998 3429 1138 3502 presbyter
1150 3438 1200 3485 aut
1224 3429 1354 3487 diaeonus
1369 3445 1384 3485 a
1397 3444 1447 3486 suo
1460 3430 1599 3503 episcopo,
1614 3431 1673 3489 ausi
1692 3431 1796 3490 luerint

142 3525 246 3582 militer
264 3523 395 3598 vudifflh'
409 3523 566 3596 etreliqua·
582 3521 704 3578 ¹1¹0¹¹¹111
718 3518 806 3594 gradu
833 3529 861 3576 et
876 3533 942 3575 ⁸0¹⁰
996 3522 1098 3596 aliquid
1112 3522 1147 3580 de
1169 3522 1323 3580 ministerio
1350 3538 1430 3580 sacro
1455 3524 1623 3598 contingere,
1644 3526 1700 3583 sive
1721 3526 1794 3599 epis·

142 3625 221 3677 tonet
233 3616 366 3691 pudicitia
385 3616 577 3689 principatum.
590 3615 685 3672 Cernis
701 3614 785 3686 igitur
799 3611 874 3683 quod
886 3610 944 3682 epi·
996 3631 1082 3688 copus
1093 3616 1172 3689 juxta
1186 3615 1387 3689 praecedentem
1402 3616 1630 3674 consuetudinem
1650 3618 1706 3676 sive
1730 3634 1795 3692 pm.

143 3726 256 3786 scopus,
271 3709 563 3784 preshyter,dieeonus
575 3725 630 3766 non
640 3707 706 3765 ideo
719 3707 774 3764 sint
783 3705 866 3773 beati,
879 3705 944 3777 quia
996 3709 1099 3783 chyros,
1112 3718 1160 3767 aut
1173 3708 1316 3779 diaconus,
1330 3709 1500 3768 nullomodo
1512 3709 1594 3767 liceat
1605 3711 1632 3768 ei
1643 3711 1732 3768 necin
1743 3712 1796 3769 alia

142 3805 264 3880 episcopi
286 3805 329 3862 rel
351 3804 504 3878 presbyteri
527 3804 591 3872 sint,
623 3810 672 3858 aut
694 3800 803 3858 diaconi
810 3819 819 3871 ;
846 3797 894 3856 sed
921 3798 944 3855 si
997 3801 1103 3876 synodo
1114 3801 1296 3860 restitutionis
1314 3817 1392 3875 spem
1403 3810 1450 3860 aut
1462 3803 1554 3861 locum
1573 3803 1675 3863 habere
1688 3804 1797 3865 satiria-

142 3899 262 3957 rirtutes
273 3897 420 3956 habuerint
434 3897 580 3953 nominum
602 3910 718 3952 suorum
733 3903 761 3952 et
775 3891 944 3950 officiorum.
998 3895 1106 3953 otionis.
1131 3895 1186 3953 Sed
1204 3903 1232 3953 et
1252 3895 1488 3952 communicantes
1507 3896 1532 3953 ei
1556 3913 1652 3955 omnes
1669 3898 1749 3972 aby'ici
1762 3899 1797 3957 de

142 3989 294 4065 Alioquiri
314 3990 449 4049 diaconos
475 3989 599 4047 sanctior
622 3989 754 4061 episcopo
768 4002 819 4044 suo
846 3985 944 4052 luerit,
998 3989 1112 4048 ecelesia
1122 3997 1240 4063 oportet,
1254 3997 1282 4046 et
1294 3990 1425 4061 maxime,
1441 3990 1476 4061 si,
1492 4001 1638 4065 postquam
1648 3992 1798 4052 didicerint

143 4100 205 4144 non
227 4098 262 4142 es
275 4099 308 4142 eo
327 4084 402 4158 quod
416 4083 531 4140 interior
544 4081 633 4155 gradu
648 4089 690 4138 est
708 4081 783 4153 apud
803 4079 945 4136 Christum
999 4083 1143 4141 adversum
1166 4091 1336 4141 memoratos
1365 4084 1500 4156 prolatam
1513 4082 1598 4143 fuisse
1616 4086 1796 4156 sententiam,

143 4178 268 4237 densior
280 4178 343 4236 erit.
358 4177 438 4235 Absit
451 4184 483 4232 ut
495 4175 650 4249 Stephanus
668 4174 811 4242 diaconus,
829 4172 876 4245 qui
891 4173 946 4244 pri·
999 4176 1039 4233 eis
1059 4177 1264 4233 communicare
1277 4177 1451 4234 tentaverint.
1471 4201 1484 4228 ι

145 4286 210 4331 mus
229 4271 366 4345 martyrio
385 4279 426 4328 est
442 4277 601 4338 coronatus,
616 4269 708 4326 minor
728 4266 837 4323 iuturus
858 4265 894 4321 sit
916 4265 945 4320 in
1034 4269 1206 4341 Juxtahuy‘us
1219 4268 1564 4341 capitistenorsm,sancti
1579 4275 1680 4342 Patres,
1703 4275 1749 4348 qui
1769 4274 1798 4334 in
1838 4260 1841 4265 ’

144 4381 235 4440 regno
257 4365 393 4423 coelorum
419 4364 512 4421 multis
536 4363 671 4436 episcopis
698 4369 725 4417 et
752 4359 898 4416 Timotheo
913 4372 945 4413 ac
999 4367 1106 4430 (ew-8)
1125 4361 1298 4419 Chalcedona
1316 4361 1517 4420 sacratissimos
1537 4380 1655 4423 canones
1674 4368 1798 4440 promul·

143 4460 210 4518 Tito
229 4473 310 4532 quos,
338 4466 370 4515 ut
387 4457 521 4531 subjicere
546 4472 604 4513 non
620 4455 723 4524 audeo,
748 4454 787 4509 ita
803 4468 854 4511 nec
868 4458 944 4508 ante·
958 4432 985 4498 Ῑ)
999 4463 1137 4529 gaserant,
1150 4470 1247 4513 omnes
1260 4454 1508 4513 communicatores
1517 4457 1661 4531 cujusdam
1674 4458 1798 4516 damnati
1902 4454 1904 4458 ’

143 4567 262 4628 ponere.
279 4574 293 4605 s
308 4552 459 4626 Hucusque
472 4551 672 4624 Hieronymus.
999 4548 1140 4607 Timothei
1175 4548 1300 4623 praesulis
1335 4547 1514 4606 Alexandrini
1544 4552 1798 4612 excommunicatos

182 4645 239 4717 Qoi
251 4653 362 4720 quantae
374 4644 544 4702 auctoritatis
558 4641 651 4710 luerit,
663 4641 744 4698 etiam
758 4640 831 4713 apud
844 4640 947 4712 episco·
1000 4658 1059 4700 esse
1077 4651 1234 4712 censerunt,
1258 4642 1306 4716 qui
1328 4643 1415 4699 Leoni
1429 4643 1496 4715 imp.
1521 4658 1571 4716 pro
1585 4644 1684 4702 eodem
1697 4646 1795 4705 Timo·

144 4736 371 4814 ponpostolicae
384 4736 468 4805 sedis,
487 4736 595 4793 decreta
609 4733 795 4792 beatiGelasii
810 4746 888 4805 papae
901 4746 946 4787 sa·
1001 4737 1067 4795 theo
1088 4735 1244 4794 consulenti
1270 4735 1324 4793 boo
1346 4734 1430 4793 modo
1454 4736 1649 4810 rescripserunt
1672 4755 1712 4795 a«
1738 4743 1796 4800 Eos

144 4832 184 4890 tis
198 4829 341 4889 insinuant
355 4834 406 4899 (lle
421 4831 567 4901 apocryph.
584 4826 753 4898 Scriptus-is),
765 4824 828 4898 quia
852 4820 945 4896 [quae],
1001 4830 1085 4886 otiam
1111 4829 1168 4901 qui,
1195 4842 1259 4884 cunr
1272 4827 1376 4885 scirent
1388 4826 1566 4886 Timotheum
1583 4828 1665 4888 luisse
1679 4831 1797 4890 damna·

144 4925 220 4984 inter
238 4923 408 4982 authenticas
432 4922 617 4980 etcanonicas
643 4919 797 4977 sanctiones
816 4915 947 4990 opuscula
1002 4931 1078 4988 tum,
1098 4921 1302 4979 communicare
1324 4920 1362 4977 illi
1383 4921 1442 4978 sine
1465 4923 1584 4994 periculo
1608 4924 1795 4996 erediderunt,

145 5017 237 5093 ipsius
259 5016 413 5090 recipienda
438 5015 605 5083 decemnut,
621 5015 693 5071 sicut
706 5022 734 5071 et
757 5013 785 5069 S·
811 5008 947 5084 Cypriani,
1001 5022 1149 5074 extraneos
1170 5013 1318 5072 esseaDei
1332 5014 1451 5072 Ecclesia
1461 5015 1631 5089 judicamus,
1645 5019 1797 5076 secundum
1880 5008 1886 5013 ’

145 5110 304 5180 Ambrosii,
317 5109 465 5184 Augustini
490 5108 630 5182 opuscula,
645 5108 704 5165 sive
716 5112 859 5172 tractatus,
871 5110 949 5159 etro·
1002 5108 1229 5183 consequentiam
1242 5107 1397 5182 regularem
1419 5108 1492 5167 nulla
1511 5111 1551 5166 eis
1564 5111 1655 5180 venia,
1680 5126 1732 5167 nec
1750 5127 1799 5184 spe

145 5206 293 5280 liquorum
301 5204 351 5263 SS.
365 5206 489 5274 l’atrum,
509 5203 559 5275 qui
577 5217 629 5259 neo
642 5201 673 5258 in
686 5199 752 5268 dds,
765 5213 817 5255 nec
835 5195 864 5253 in
877 5210 948 5269 βιω-
1002 5200 1184 5261 restitutionls
1210 5201 1266 5259 ullo
1289 5200 1373 5260 modo
1394 5212 1562 5274 remanente,
1586 5203 1658 5260 sieut
1677 5203 1759 5259 tertia
1771 5211 1800 5260 et

187 5481 889 5556 ‹emelbertmotheosluroregenatonlumtom
898 5477 948 5542 Vl.
1003 5477 1140 5540 cumatile
1163 5475 1288 5551 epistolis
1308 5475 1344 5534 ab
1359 5476 1507 5535 illustribus
1539 5475 1711 5606 erroniero
1727 5492 1799 5536 oon·

145 5571 229 5616 enno
243 5554 343 5614 Christ.
357 5561 424 5623 ⁴57,
439 5572 518 5613 num.
536 5560 608 5612 idel
621 5569 710 5636 seqq,
725 5563 753 5610 et
764 5568 837 5611 anno
846 5560 909 5611 490.
922 5564 951 5613 ct
1003 5552 1080 5634 cilio·
1103 5547 1316 5607 Chalcedonensi
1348 5548 1456 5619 scriptis
1487 5547 1521 5603 ha
1559 5554 1604 5630 tur
1621 5564 1650 5604 .a
1771 5621 1777 5632 ·
1892 5604 1900 5629 d

145 5633 218 5697 stt,
246 5630 312 5694 llil,
325 5632 389 5684 477.
404 5627 482 5692 naec,
537 5641 561 5682 ae
580 5625 625 5682 hic
641 5632 707 5682 crtat
729 5627 871 5698 nonnula,
892 5642 950 5685 non
1003 5618 1800 5688 concil.Chalcedonsns.,tom.HConcrl.,norared1t.
1891 5636 1900 5675 ιε

145 5705 219 5760 sunt
233 5696 346 5756 Petrum
359 5698 467 5781 concilii
480 5643 724 5767 calcedonensis,
740 5696 790 5755 sed
803 5699 950 5771 episcopo·
1003 5694 1100 5754 colon.
1117 5690 1167 5749 lol.
1187 5698 1249 5760 lsi,
1262 5690 1388 5747 columna
1402 5694 1429 5742 2.

144 5786 218 5832 rum
232 5768 421 5844 quorumdam
437 5785 465 5826 rn
478 5769 592 5842 epistola
608 5767 644 5826 ad
657 5769 783 5827 Leonem
800 5769 867 5844 imp.
887 5783 950 5843 quea

299 5859 416 5916 Panos.
435 5858 563 5917 exiliit
1596 5847 1631 5902 2⁸

1697 5549 1799 5607 calcem
1894 5592 1897 5597 .
