3870 6164
469 274 614 334 APPEND.
633 278 679 336 tlt.
699 308 733 320 -
752 280 961 339 nonensem
979 284 1215 343 GREGORIANA.
1614 294 1666 349 stt

116 412 138 453 rr
155 398 292 471 moribus,
306 400 400 471 qrules
413 400 487 458 idem
501 402 602 460 docere
617 403 724 460 videtur
739 408 854 476 Apo-A
872 410 1060 467 pataviensem
1081 410 1177 467 amem
1200 410 1346 483 episcopus
1375 412 1541 486 gubernabo.
1557 416 1666 472 -vatici

128 507 192 548 cum
203 494 262 549 sive
280 493 456 552 Timotheum
479 496 533 563 sire
544 496 638 554 Titum
649 497 815 554 instruitdi·
869 504 948 560 urium
970 503 1023 561 troc
1038 520 1131 561 rerum
1147 504 1416 577 probaritaventus;
1431 507 1666 582 angelicamque

136 588 247 657 Oportet
266 596 359 645 cutem
381 593 533 661 episcopum
555 592 816 663 irreprebensibilem
870 599 898 652 in
913 598 1044 666 ecclesiis,
1058 612 1128 671 quas
1145 597 1197 654 sibi
1211 599 1379 670 delegerant,
1402 600 1553 670 sublimati,
1569 617 1604 660 nc
1621 603 1666 660 in·

116 681 224 750 abnam,
237 683 408 753 prudentem,
424 686 565 755 pud-icum,
584 687 754 757 iesuralem,
771 688 816 742 be-
869 690 1019 749 irnctnosu
1039 691 1153 748 arbores
1172 691 1207 748 alr
1229 693 1290 765 ipso
1309 694 1356 765 qni
1379 693 1550 765 plantaverat
1573 710 1620 753 ees
1640 696 1667 751 in

116 792 141 838 n,
150 777 309 845 modestum,
325 784 350 834 et
362 781 563 850 amplectentem
574 796 644 849 eum,
661 784 817 852 putrecun-
869 783 954 841 domo
976 800 1024 842 sna
1045 785 1243 855 invenirentur,
1267 785 1445 843 reddiderunt
1457 787 1579 845 fructum
1598 797 1669 846 tem

116 885 197 925 anem
206 871 358 927 doctrinam
370 879 417 941 ert,
429 875 533 943 fidetem
548 890 694 931 samonem
707 878 733 942 (l
746 879 815 931 Tim.
870 880 983 949 poribus
1009 880 1078 948 suis3
1104 880 1211 949 singula
1238 881 1339 953 quippe
1367 882 1530 938 monasteria
1553 880 1583 938 in
1610 882 1669 939 suis
1714 936 1717 941 ,

116 968 136 1020 t.
151 962 185 1035 ι),
201 967 529 1024 enumericensium
545 966 590 1043 tris
604 968 639 1025 ad
655 969 816 1041 exemptum
869 974 1074 1030 constituerunt
1095 973 1248 1046 episcopiis,
1271 982 1299 1029 et
1324 974 1463 1046 sepultura
1484 988 1534 1030 sna
1547 975 1669 1032 illustra-

118 1096 128 1124 ,
147 1073 202 1112 non
217 1056 286 1114 vidit
304 1061 391 1116 sotem
405 1077 471 1118 cnm
483 1061 601 1134 fulgeret
616 1061 743 1133 desuper,
764 1077 817 1119 nec
870 1075 977 1123 rerunt.
994 1066 1159 1125 Gebhardus
1179 1082 1302 1140 namque
1315 1067 1343 1122 in
1361 1067 1551 1136 admuntensi,
1566 1067 1669 1125 albere

124 1150 298 1209 incedentem
310 1153 384 1209 ctare
392 1156 452 1221 (lob
464 1157 563 1228 usurp
575 1158 650 1228 quia,
665 1163 696 1211 ut
711 1159 740 1211 Β.
750 1158 816 1214 Gre-
870 1176 935 1216 vero
965 1160 994 1216 in
1020 1161 1212 1229 lambacensi,
1242 1161 1408 1217 altmannus
1433 1162 1463 1217 in
1496 1163 1668 1219 ltotwicensi

116 1245 191 1302 erbis
203 1255 274 1313 utar,
290 1263 350 1302 cum
371 1265 437 1319 optes
456 1266 534 1305 suum
552 1254 636 1305 etiem
648 1251 711 1306 otiis
725 1266 816 1305 esem·
869 1252 1038 1310 monasterio
1052 1254 1201 1327 requiescit
1218 1253 1245 1309 in
1261 1255 1395 1311 Domino.
1412 1255 1536 1326 Corpora
1553 1253 1667 1327 quidem

116 1356 123 1393 ι
145 1340 229 1395 lucem
245 1341 386 1406 tribueret,
402 1345 439 1398 od
458 1346 683 1414 presumptionis
701 1346 817 1413 plorum
868 1347 981 1405 illorum
995 1346 1051 1403 illic
1063 1348 1090 1403 in
1103 1363 1169 1419 pace
1183 1347 1287 1417 sepulta
1301 1356 1376 1418 sunt,
1389 1347 1437 1405 sed
1452 1349 1543 1404 tieem
1555 1348 1670 1404 nomina

116 1438 179 1491 tetus
192 1434 263 1489 illud
278 1451 332 1490 uon
344 1439 474 1499 attendit·
494 1439 551 1501 red,
572 1439 639 1492 diem
652 1454 705 1508 pro
724 1455 752 1493 ec
771 1454 817 1493 ee-
869 1456 968 1497 ecrom
977 1441 1008 1497 in
1021 1448 1167 1498 aeternum.
1179 1442 1270 1505 (dcelt
1284 1440 1543 1511 narniniensis
1556 1440 1668 1505 nonvi-

116 1529 200 1592 inuit
215 1529 249 1582 ob
274 1530 403 1585 intuendo
424 1546 452 1586 eo
474 1533 567 1586 anctos
590 1534 687 1587 mentis
711 1534 817 1587 euertit.
870 1542 974 1601 renent,
994 1549 1057 1607 quae
1075 1534 1103 1589 in
1128 1534 1198 1590 libro
1223 1535 1287 1591 ritae
1310 1535 1428 1606 ascripta
1447 1543 1585 1601 tenentum
1604 1549 1669 1590 enm

116 1623 180 1676 suut
192 1620 260 1676 lurra
274 1624 483 1679 iltrrstrettcuem
496 1641 513 1679 e
527 1626 607 1680 radic
626 1627 689 1681 solis
703 1627 818 1696 accipit,
873 1643 936 1683 rere
957 1643 991 1684 er
1004 1628 1057 1685 illis
1071 1627 1175 1685 tuerint
1193 1629 1295 1698 quibus
1318 1628 1453 1683 Dominus
1466 1627 1636 1699 repromittit
1658 1646 1666 1684 c

116 1730 149 1769 uo
162 1731 181 1769 u
196 1717 261 1770 berre
275 1721 431 1786 opereuires
445 1720 584 1785 ctsouorir
598 1723 726 1788 gruttam,
741 1721 820 1789 quest
873 1725 909 1777 Et
930 1738 983 1778 non
1003 1723 1103 1789 delebo,
1125 1721 1264 1794 inquiens,
1290 1720 1402 1776 namins
1421 1730 1519 1778 eorum
1542 1721 1577 1776 de
1599 1721 1669 1776 libro

116 1813 168 1863 tem
179 1810 290 1864 luminis
304 1814 433 1881 osperptt.
450 1813 566 1868 &natm
579 1828 645 1885 ergo
662 1813 715 1879 vir,
736 1828 818 1884 quem
835 1793 950 1871 ssuite?
970 1816 1066 1886 (Aper.
1081 1814 1138 1887 ιιι.)
1163 1815 1244 1881 Sunt,
1266 1815 1315 1885 qui
1329 1822 1426 1869 vocant
1439 1813 1555 1870 nomina
1572 1828 1624 1869 sna
1637 1814 1669 1869 in

116 1917 162 1973 rus
176 1903 356 1960 manilestum
377 1920 427 1961 nec
451 1904 528 1962 lama
543 1905 691 1962 laudabilis
709 1907 817 1975 extulit,
872 1910 951 1966 terris
971 1907 1265 1977 suislPsal.xnv1ui‚
1283 1923 1334 1963 nec
1347 1916 1441 1964 tannen
1464 1915 1670 1969 cognoscuntur

116 1996 171 2053 lem
183 1996 334 2071 fulgentem
350 1998 468 2071 desuper
479 2001 520 2056 vet
532 2001 628 2057 lunam
642 2000 818 2057 incedentem
873 2019 904 2059 es
916 2003 1031 2059 nomine
1049 2003 1148 2068 (Encd.
1164 2000 1292 2073 saxnat
1307 2000 1370 2073 qrria
1382 1999 1463 2056 deleti
1475 2009 1541 2057 sunt
1551 1999 1587 2056 de
1597 1999 1668 2057 libro

116 2090 189 2147 sidit.
872 2097 1032 2165 avendum,
1056 2104 1084 2153 et
1104 2112 1169 2152 erun
1192 2095 1274 2167 justis
1299 2108 1474 2166 nequaquam
1494 2093 1672 2150 conscribun-

116 2200 212 2241 ucnm
224 2200 305 2241 nemo
320 2186 607 2244 accendatlucernam
622 2195 650 2244 et
662 2195 818 2259 ponateam
873 2199 928 2246 tnr.
954 2186 1037 2248 Unde
1059 2197 1087 2245 et
1106 2188 1249 2246 districtus
1262 2188 1350 2243 ludex
1373 2187 1498 2243 dictnrns
1519 2194 1561 2243 est
1584 2186 1626 2244 eis
1642 2186 1669 2243 iu

116 2276 191 2344 odio,
205 2278 252 2335 sed
268 2295 348 2351 super
359 2280 567 2348 candelabrum,
581 2289 611 2337 ut
627 2281 716 2337 luceat
726 2281 818 2337 omui·
874 2285 918 2340 itta
938 2282 1077 2340 tremenda
1101 2282 1277 2354 separatione
1300 2281 1437 2337 bonorum
1458 2281 1637 2337 etmalorum
1661 2298 1669 2335 a

116 2371 141 2427 ni
157 2372 183 2427 in
202 2372 287 2429 domo
301 2382 365 2430 sunt
387 2375 496 2439 (norst.
512 2376 553 2444 v),
570 2374 674 2447 placuit
693 2374 820 2429 invisibili
874 2362 1008 2434 benedito
1041 2392 1059 2432 c
1084 2392 1136 2442 me,
1172 2377 1320 2442 meudun,
1356 2377 1387 2429 in
1425 2376 1513 2444 ignea
1543 2379 1671 2431 meum

124 2467 195 2533 Deo,
209 2466 256 2538 qni
270 2467 361 2522 lncem
374 2467 477 2523 habitat
490 2468 716 2532 inaccessibilem,
732 2467 821 2523 lucer·
875 2473 982 2536 (liuttt.
998 2471 1158 2540 sartoris
1174 2485 1230 2525 uon
1245 2468 1309 2523 nori
1323 2483 1381 2524 ros.
1398 2470 1509 2524 tiorum
1517 2467 1672 2545 secundum

116 2574 181 2614 sanc
195 2575 280 2632 quam
302 2562 361 2631 ipsa
380 2563 461 2617 Pater
486 2563 625 2618 turstinum
649 2561 820 2625 accenderat,
875 2572 1003 2621 sanctum
1011 2561 1101 2619 David
1114 2563 1184 2633 perit
1196 2561 1605 2619 memoriacnmsouitutPsel.
1617 2565 1672 2632 rs);

116 2659 165 2708 rret
177 2667 272 2709 coram
286 2652 459 2719 hominibus,
471 2664 500 2710 et
514 2656 639 2711 riderent
656 2670 741 2726 opera
762 2654 822 2724 ejus
876 2662 933 2721 aut,
959 2656 982 2711 si
1003 2671 1056 2727 qrra
1080 2664 1131 2721 est,
1147 2654 1206 2710 trare
1226 2669 1284 2709 non
1309 2654 1336 2709 iu
1354 2653 1559 2719 benedictione,
1572 2653 1622 2711 sed
1642 2654 1673 2711 in

122 2754 152 2802 et
174 2748 362 2819 glorificarent
379 2753 467 2804 mum
484 2749 578 2820 (ibid.)
599 2763 649 2804 suo
663 2747 823 2803 testimonio
877 2748 1068 2806 maledictione
1092 2755 1143 2804 est.
1165 2746 1296 2818 Nunqnid
1318 2747 1393 2803 enim
1418 2762 1517 2819 perum
1537 2754 1597 2803 erat
1610 2747 1673 2815 illis,

116 2839 134 2895 ri
157 2848 268 2897 tantum
283 2842 374 2898 vident
388 2842 416 2897 in
437 2839 507 2897 facie
529 2851 558 2898 et
580 2858 630 2898 cor
656 2841 757 2897 intueri
771 2855 821 2897 ne·
876 2844 1009 2900 molestos
1022 2856 1082 2897 esse
1094 2839 1262 2906 hominibus3
1276 2839 1339 2911 quia
1356 2839 1462 2895 molesti
1477 2848 1554 2895 erant
1566 2842 1672 2911 etDeo,

116 2935 266 3005 temptius
275 2950 361 3008 quam
373 2939 532 2991 innotuerat
542 2937 713 2992 innotescere
725 2943 752 2990 et
761 2949 819 2990 ma·
873 2938 944 2993 sicut
967 2935 1002 2993 de
1023 2933 1160 2991 similibus
1182 2948 1279 2988 eorum
1299 2939 1414 2988 testatas
1432 2939 1475 2988 est
1496 2931 1596 2990 isaias?
1608 2933 1673 2999 (lta.

119 3042 159 3097 τις
175 3028 353 3086 manifestare
366 3038 460 3086 annm
482 3031 523 3086 sic
543 3049 550 3085 :
874 3035 940 3096 ιιι.)
954 3030 989 3086 nt
1007 3026 1071 3085 ideo
1086 3027 1222 3099 longeest
1237 3025 1273 3081 ab
1296 3026 1336 3082 eis
1358 3024 1433 3097 qoud
1447 3024 1483 3080 de
1498 3024 1598 3081 dilecto
1615 3028 1675 3083 Dea

116 3122 288 3179 tineiritate
302 3124 453 3180 pataviensi
466 3122 575 3181 femina
591 3123 821 3196 quadam,quus
852 3132 904 3193 ,et
925 3121 1084 3180 bominibus
1105 3120 1218 3188 dicitur,
1244 3118 1324 3191 cujus
1347 3119 1482 3175 memorie
1511 3118 1540 3173 in
1562 3118 1674 3175 benedi·
1715 3162 1728 3175 .

116 3218 184 3275 nrisa
207 3217 288 3290 plaga
309 3217 393 3289 leprae
415 3233 544 3290 percussa
565 3226 616 3275 est.
646 3219 697 3274 Cui
722 3218 823 3289 sapius
876 3218 968 3274 ctione
982 3216 1129 3281 esttlircti.
1144 3213 1228 3284 xer).

125 3310 285 3369 etsalntem
306 3311 370 3367 tiliae
386 3328 401 3366 a
416 3311 537 3369 Domino
556 3311 715 3384 suppliciter
730 3321 823 3384 postu·
913 3309 1070 3375 Attendite,
1096 3322 1201 3380 quana,
1217 3303 1360 3377 pontifices
1373 3302 1465 3362 soeenli
1487 3305 1587 3373 oostn,
1613 3318 1677 3378 qun

116 3404 259 3461 arelatum
275 3404 361 3461 estin
375 3405 492 3473 somnis,
514 3406 537 3461 si
552 3405 587 3462 de
604 3405 743 3462 ablutione
759 3420 822 3461 ma·
877 3404 954 3460 robis
968 3401 1101 3459 memoria
1115 3398 1259 3482 ‘succedam
1278 3413 1334 3454 non
1349 3396 1386 3453 de
1409 3399 1615 3455 constructione
1633 3412 1677 3455 ee·

126 3500 160 3555 n.
177 3498 322 3554 Attmanni
342 3507 406 3569 post
428 3507 599 3555 sacramenta
621 3499 768 3555 missarum
786 3498 823 3553 tt·
876 3499 1033 3562 etesiarum,
1049 3494 1097 3551 sed
1116 3492 1385 3564 castellorumque
1403 3491 1494 3547 resin
1512 3491 1627 3549 mcelsis
1648 3499 1677 3548 st

116 3600 277 3665 erengeret,
293 3591 416 3664 pristinae
429 3592 542 3648 sanimri
556 3590 727 3649 redderetur.
741 3591 822 3662 Quod
877 3591 1021 3664 praeruptis
1038 3588 1182 3645 montibus
1204 3601 1360 3658 pauperum
1378 3583 1479 3642 sudore
1489 3585 1676 3643 eteidturtnn

116 3688 145 3744 lla
159 3685 277 3745 fideliter
292 3684 410 3752 lecisset,
426 3694 521 3742 sanata
537 3694 579 3742 est
592 3686 648 3743 iilia
660 3685 719 3757 eins
732 3702 766 3742 es
777 3685 821 3742 illa
876 3684 992 3741 minutis
1006 3681 1177 3740 instauratis.
1195 3679 1240 3737 nd
1258 3678 1324 3752 quid
1335 3686 1441 3744 autem,
1461 3678 1513 3734 nisi
1533 3687 1566 3734 nt
1576 3678 1677 3736 atinde
1757 3704 1764 3720 =

123 3779 199 3853 Quid
222 3779 317 3835 minus
340 3779 440 3835 trabere
454 3780 560 3836 ridetur
582 3788 693 3837 sanctus
713 3779 766 3836 iste
788 3780 822 3835 ab
876 3780 1012 3851 pellantur
1032 3775 1172 3844 homines,
1189 3789 1246 3829 uon
1268 3771 1412 3829 daemones
1436 3771 1505 3828 inibi
1530 3771 1611 3828 uncti
1631 3787 1678 3845 ge·

116 3888 192 3946 agno
211 3873 345 3946 propbeta
374 3874 472 3941 titiseo,
493 3875 541 3944 qui
570 3875 674 3946 lepram
700 3876 822 3953 Naaman
878 3880 955 3929 mant
975 3871 1004 3927 in
1019 3868 1177 3943 ergastutis,
1202 3865 1331 3923 deliniant
1353 3865 1383 3920 in
1405 3864 1556 3937 suppliciis,
1581 3872 1614 3921 ut
1636 3864 1674 3921 ibi

116 3965 258 4024 arrandarn
276 3965 371 4022 docuit
396 3967 427 4022 in
451 3965 596 4024 iordane?
619 3968 672 4039 (lt'
689 3971 755 4037 Rep.
778 3969 822 4039 v.)
877 3973 1035 4040 peccateres
1057 3978 1115 4019 non
1137 3966 1345 4026 convertantur,
1370 3957 1419 4015 sed
1440 3958 1603 4030 panianum
1622 3972 1678 4030 pss-

116 4060 202 4133 epties
226 4060 382 4117 sanandum
412 4059 496 4133 jussit
521 4059 621 4127 lavari;
651 4059 711 4116 brec
738 4059 822 4116 semd
878 4061 990 4116 utantur
1006 4056 1112 4115 nonad
1131 4062 1305 4127 peccatorum
1325 4050 1442 4121 reniam,
1460 4052 1509 4109 sed
1527 4051 1564 4109 ad
1580 4058 1679 4109 semar

116 4152 225 4210 ecundo
238 4152 321 4209 lavari
338 4168 396 4209 non
416 4154 499 4226 egnit,
515 4152 580 4226 qtria
594 4153 740 4209 semmam
766 4153 821 4208 illi·
877 4153 985 4226 injuriae
998 4149 1160 4208 vindictam.
1172 4150 1229 4203 Vos
1242 4145 1328 4203 sancti
1342 4144 1466 4209 nomin,
1481 4145 1605 4202 ministri
1623 4144 1678 4202 liei

116 4247 157 4305 sit
168 4262 252 4319 quam
266 4247 382 4317 optarit.
878 4247 976 4315 nostri,
1000 4242 1149 4316 dequibus
1163 4240 1245 4296 nobis
1267 4254 1361 4295 sermo
1372 4246 1425 4307 est,
1439 4239 1550 4295 saniore
1561 4237 1678 4295 comite

129 4340 183 4398 boe
203 4340 263 4397 solo
282 4340 417 4397 mnacuto
427 4341 567 4397 Dominus
585 4340 734 4397 declararit
747 4340 824 4411 crrjns
878 4338 1046 4397 instrmistis
1058 4333 1226 4392 monasteria
1247 4331 1282 4388 de
1300 4330 1488 4389 oblationibus
1509 4331 1633 4389 iidelinm
1649 4337 1679 4389 st

116 4450 174 4492 nrm
184 4434 277 4491 meriti
292 4433 409 4491 dilectam
428 4431 551 4491 famulus
565 4450 633 4491 suus
647 4433 741 4500 inerit3
756 4433 823 4506 quin
878 4433 962 4491 rebus
974 4430 1162 4495 ecdesiarnm,
1175 4425 1248 4483 unde
1268 4424 1416 4495 abiguntur
1428 4423 1619 4493 daemonemt
1630 4423 1678 4482 ubi

118 4543 168 4602 per
180 4527 373 4585 antecedentes
387 4526 545 4598 prophetias
555 4529 616 4601 jam
630 4527 734 4585 dodum
750 4542 821 4600 prae·
836 4528 1049 4602 [precipiantur
1071 4536 1212 4597 pauperes,
1233 4524 1433 4576 convertuntur
1457 4525 1627 4589 peccatores,
1649 4525 1678 4575 et

116 4631 188 4692 erat,
207 4622 275 4695 quid
293 4622 462 4695 postplnres
475 4638 566 4679 annus
582 4622 693 4680 iuturus
706 4630 774 4679 erat.
791 4624 823 4677 lo
881 4630 984 4680 sanctae
1009 4613 1198 4689 simplicitatis
1221 4628 1253 4669 ac
1278 4612 1368 4668 beatae
1392 4609 1560 4682 paupertatis
1581 4608 1678 4685 religio

119 4718 196 4777 enim
210 4715 405 4774 adolescentiae
417 4717 582 4784 constituto,
600 4732 666 4773 eum
685 4716 768 4773 annul
785 4732 825 4772 cs-
880 4708 1071 4774 conservatur.
1087 4710 1144 4768 Ubi
1158 4707 1205 4765 die
1215 4722 1247 4763 ac
1256 4713 1339 4762 noete
1352 4719 1409 4761 non
1420 4703 1551 4761 tacebunt
1564 4702 1679 4764 laudare

116 4818 171 4887 ipse
188 4821 215 4870 et
235 4814 411 4884 Gebbardns,
426 4814 503 4885 cnjus
527 4829 610 4885 supra
633 4813 824 4882 meminimus,
879 4824 984 4866 nomen
1007 4803 1133 4871 Domini,
1160 4816 1232 4874 quos
1253 4815 1270 4857 a
1292 4798 1360 4855 solis
1378 4807 1441 4854 ortu
1465 4806 1493 4855 et
1506 4813 1617 4868 occasu
1642 4798 1679 4856 ab

116 4906 245 4975 spatiere
256 4906 600 4980 [adalberolpostmodum
612 4906 823 4979 wirseburgen·
879 4896 1139 4976 aquitoneetmari‚
1154 4892 1330 4952 0¹⁰m¹15b¹¹⁸
1348 4891 1457 4966 ll⁰lt¹¹¹i⁸
1471 4900 1500 4948 θῑ
1511 4891 1625 4966 liniti&
1644 4907 1679 4949 ⁰¹

116 5004 232 5073 iseopus,
246 4999 344 5058 accidit
362 5010 393 5057 nt
413 5017 496 5074 super
510 5001 664 5074 marginem
679 4999 763 5058 tonde
774 5000 823 5057 ali·
878 4996 956 5054 omni
976 5000 1057 5053 etate
1074 4999 1103 5049 et
1124 4987 1293 5055 conditione,
1306 5000 1372 5043 sesn
1387 4993 1417 5042 et
1429 4985 1541 5043 natione
1565 5000 1679 5058 congre

124 5110 228 5167 panem
242 5096 393 5151 comesturi
414 5095 611 5152 consedissent.
635 5097 713 5151 luter
726 5103 823 5151 mutua
877 5088 953 5165 gavit
965 5087 1001 5145 ad
1014 5082 1222 5160 glorificandum
1246 5096 1286 5146 ser
1309 5079 1355 5151 qni
1372 5079 1408 5136 de
1430 5078 1611 5137 servientibus
1622 5077 1677 5135 sibi

116 5191 171 5257 uia,
195 5189 297 5261 qrribns
321 5205 469 5262 pauperem
492 5204 617 5246 mensam
647 5187 822 5257 condiebant,
878 5179 1145 5242 omnibuslaciteor
1159 5190 1245 5233 unum
1258 5182 1285 5231 et
1301 5172 1423 5231 aninrsm
1437 5188 1522 5227 unam
1535 5172 1606 5243 (Act.
1622 5171 1678 5243 rr).

116 5298 145 5339 ra
158 5281 193 5339 de
206 5296 236 5338 se
248 5296 368 5354 sperare,
383 5290 411 5341 et
433 5283 553 5355 quadam
571 5283 678 5340 occulto
701 5298 734 5339 ac
752 5297 823 5355 prte-
877 5282 912 5336 Et
925 5292 977 5334 rus
999 5273 1064 5331 lieet
1091 5283 1192 5328 somno
1206 5276 1297 5324 resno
1310 5264 1496 5339 requiescatis,
1522 5272 1552 5321 ut
1571 5278 1680 5337 unipes

117 5374 202 5449 piritu
215 5374 363 5448 praedura
381 5374 472 5433 adorti
486 5386 561 5434 sunt.
576 5377 680 5450 Aitqne
693 5374 822 5433 Gebhar·
876 5372 1003 5446 optastis,
1023 5374 1053 5425 et
1076 5362 1258 5437 requiescatis
1278 5377 1295 5417 a
1310 5357 1449 5417 laboribus
1469 5357 1568 5415 ratris
1583 5357 1677 5429 (ripae.

125 5471 185 5543 liga
206 5469 236 5526 in
247 5469 440 5543 salzpurgensi
455 5470 576 5528 Ecclesia
590 5471 733 5544 episcopus
746 5469 821 5527 intu-
877 5471 953 5535 arr),
967 5461 1039 5520 baud
1050 5469 1146 5517 tamen
1164 5453 1330 5541 crediderim
1341 5451 1454 5524 spiritus
1468 5459 1574 5508 sesnes
1585 5449 1680 5509 deesse

116 5578 159 5621 m.
172 5563 275 5621 Albero
292 5579 356 5621 vero
372 5566 432 5620 :Et
448 5579 510 5638 ego,
524 5565 625 5638 inquit,
639 5565 667 5621 in
681 5566 822 5638 Wirzpnr-
876 5560 943 5619 loeis
957 5572 1022 5630 qnae
1036 5555 1159 5611 virentes
1180 5557 1258 5606 muta
1280 5546 1425 5605 devotione
1447 5543 1640 5604 construxistis
1651 5553 1680 5601 et

125 5656 257 5715 mttredra
270 5658 486 5731 prandebo-dt
506 5660 673 5719 ditmannus
694 5678 702 5715 r
724 5662 821 5732 Erego
875 5650 1022 5712 dilexistis.
1036 5645 1126 5706 Credo
1139 5643 1296 5702 vasadesse
1305 5641 1414 5697 cuncus
1432 5639 1487 5697 illie
1504 5636 1679 5713 monebu,
1785 5734 1790 5743 Ι

116 5850 140 5917 i)
162 5844 234 5905 vide
255 5846 349 5905 Vitam
361 5848 390 5905 S.
406 5847 560 5921 Gebhardi,
574 5856 647 5908 tom.
665 5847 690 5906 ll
715 5854 743 5905 et
766 5849 804 5907 vs
824 5844 1019 5919 Antiphrai·
1540 5860 1543 5871 ·

168 5936 432 5995 annonarium
1468 5916 1512 5971 i*
