3870 6164
58 258 113 312 289
631 254 731 312 LlBER
748 254 880 313 PRIMUS.
900 283 936 297 -
955 256 1060 313 salsa.
1080 256 1146 313 Vlll.
1660 268 1714 320 290

57 378 121 435 aliis
132 376 295 451 quibusdam
310 376 475 451 principibus
489 394 558 451 quos
569 378 598 435 in
612 379 738 437 eamdem
752 387 857 452 partem
871 382 897 445 Α
912 387 1000 437 strum
1012 380 1064 438 sibi
1078 379 1221 437 adhaerere
1233 380 1364 449 voluerit,
1378 380 1454 438 omni
1465 381 1603 440 charitatis
1612 384 1714 443 ellectu

56 487 184 529 seorsum
207 471 241 528 ab
269 471 356 528 Esulo
380 471 436 529 suis
455 472 540 545 copiis
565 471 652 530 ituros
676 473 858 531 intelleximus
910 474 1094 532 commonitus
1112 490 1176 548 erge
1192 473 1326 532 honorem
1352 475 1438 532 sancti
1459 475 1532 532 Petri
1548 477 1631 535 talem
1656 479 1716 536 aoi-

56 565 182 623 nondum
196 565 327 637 exquisite
341 574 391 635 est,
415 565 540 623 rolumus
554 573 585 623 ut
597 583 661 624 cum
684 576 773 625 restro
796 584 857 625 con
910 584 990 624 mum
1003 576 1093 642 gerat,
1113 576 1146 625 ut
1158 568 1193 624 ab
1204 583 1237 625 eo
1252 577 1280 625 et
1294 568 1456 626 munitionis
1470 570 1569 627 auxilia
1594 571 1621 628 in
1647 572 1716 646 peri-
1775 604 1776 608 =

56 659 118 717 siliu
143 667 171 715 ct
196 658 300 717 abbatis
332 661 413 733 Hugo
438 659 580 717 cardinalis
603 661 666 718 illuc
694 660 802 730 tendat,
829 669 858 719 et
912 661 978 718 culis
1001 662 1135 718 etmerita
1159 661 1300 719 fidelitatis
1324 662 1434 734 praemia
1459 679 1571 722 securus
1589 665 1712 739 accipiat.

55 769 168 827 mquam
182 752 217 809 ab
231 752 358 809 omnibus
373 769 406 810 ex
422 761 498 827 perte
510 754 599 812 Sancti
615 755 686 813 Petri
705 756 857 829 pactionem
911 754 938 810 Si
958 762 1051 812 autem
1066 755 1148 828 aliqui
1167 771 1200 811 ex
1219 756 1297 812 vebis
1319 771 1443 813 seorsum
1468 758 1502 814 ab
1530 756 1575 815 illo
1599 760 1716 832 propriis

55 856 85 903 et
97 847 221 904 debitum
241 846 339 919 exigat.
364 849 420 904 Vos
432 857 523 905 autem
547 864 579 905 ex
602 858 696 906 nostra
717 858 792 921 parte
812 864 855 906 ro·
911 849 994 921 copiis
1008 849 1133 906 eamdem
1150 858 1252 906 terram
1266 850 1355 923 aliqua
1370 850 1397 908 in
1416 858 1496 923 parte
1512 851 1615 910 intrare
1638 869 1716 927 para·

55 949 119 1014 gate
133 941 261 997 abbatem
286 948 316 997 ut
337 941 406 997 tales
417 940 467 997 sibi
490 941 621 1015 adjungat
632 943 678 1014 qui
692 958 756 1000 eum
770 942 856 999 comi·
911 943 1016 1008 verim,
1029 940 1108 999 decet
1131 949 1163 999 nt
1181 942 1286 999 militiae
1300 959 1411 1000 causam
1428 960 1460 1000 cx
1475 945 1560 1001 animi
1573 945 1716 1006 devotione

54 1042 161 1101 tantur,
177 1049 296 1106 quorum
310 1033 423 1091 consilio
436 1042 464 1091 et
480 1033 615 1107 adjutorio
630 1037 681 1092 iter
694 1044 723 1093 et
735 1037 856 1093 laborem
911 1050 995 1108 quam
1011 1035 1196 1109 justissimam
1215 1037 1267 1094 sibi
1295 1046 1460 1110 proponant,
1472 1038 1532 1111 iam
1548 1056 1621 1097 nunc
1636 1042 1711 1098 omni

53 1128 134 1184 illurn
152 1127 314 1185 fiducialiter
327 1127 435 1201 aggredi
453 1129 555 1200 possit,
572 1128 706 1201 legatione
719 1139 811 1186 tamen
829 1131 856 1186 in
911 1138 976 1186 voto
988 1130 1173 1203 concipientes
1193 1139 1222 1187 et
1240 1147 1273 1188 ex
1295 1130 1379 1188 corde
1398 1138 1549 1190 statuentes
1567 1146 1619 1207 ne,
1636 1143 1714 1208 capte

53 1237 89 1279 eo
103 1220 286 1294 principaliter
310 1221 408 1294 posita.
430 1224 514 1278 Extra
535 1222 692 1295 Hispaniam
714 1239 780 1279 vero
795 1224 855 1279 nul·
911 1232 996 1294 terra,
1020 1223 1128 1281 easdem
1148 1239 1216 1296 quas
1236 1224 1274 1280 illi
1297 1224 1344 1298 qui
1359 1240 1432 1282 nune
1445 1228 1536 1283 Deum
1559 1226 1716 1300 ignorantes

52 1315 107 1372 lists
120 1329 243 1387 unquam
267 1314 367 1387 publici
385 1330 479 1372 rerum
496 1316 740 1373 ecclesiasticarum
755 1317 856 1391 negotii
911 1332 972 1374 cam
994 1327 1129 1390 occupant
1150 1316 1262 1390 injurias
1288 1326 1383 1375 sancto
1404 1322 1485 1375 Petro
1520 1318 1634 1379 iaciant.
1653 1323 1714 1378 Hoc

54 1409 114 1466 sine
132 1416 224 1466 restro
235 1408 575 1481 consensu,quaudiuvos
589 1409 616 1465 in
632 1410 717 1467 Gellia
734 1409 855 1477 lueritis,
911 1410 984 1466 enim
1021 1410 1160 1468 neminem
1185 1420 1305 1468 vestrum
1336 1412 1463 1485 ignorare
1485 1412 1622 1471 volumus.
1641 1429 1712 1487 quo-

53 1502 193 1560 licentiam
212 1502 262 1559 sibi
290 1501 417 1560 dedimus
433 1500 559 1560 faciendi.
577 1505 712 1562 Caeterum
727 1502 761 1560 de
779 1519 856 1561 mera
911 1503 998 1570 niam,
1018 1503 1068 1560 nisi
1090 1519 1171 1576 aequa
1194 1504 1316 1577 pactione
1339 1503 1508 1577 persolvendi
1530 1504 1599 1577 juris
1622 1506 1717 1564 Sancti

54 1604 155 1653 vestrae
179 1595 341 1652 reversionis
363 1595 442 1654 ralde
466 1596 599 1653 miramur
618 1598 769 1670 pracsertim
792 1614 856 1655 cum
911 1597 983 1654 Petri
997 1599 1025 1653 iu
1045 1613 1162 1670 regnum
1176 1597 1243 1655 illud
1254 1597 1470 1655 animadvertere
1483 1598 1651 1668 statumitis,
1663 1615 1714 1673 po·

53 1691 114 1763 jam
130 1689 221 1746 redire
244 1690 421 1759 commoniti,
437 1689 465 1745 in
484 1697 559 1746 tenta
580 1691 663 1747 vestri
684 1689 786 1748 reditus
808 1707 858 1748 ex·
913 1689 967 1746 tius
989 1690 1067 1747 vobis
1088 1691 1236 1763 apostolica
1251 1691 1434 1760 auctoritate,
1461 1706 1496 1747 ne
1512 1691 1576 1748 illue
1597 1691 1715 1751 tendetis
1785 1682 1789 1689 ⁵

55 1783 224 1856 spectatione
247 1799 282 1841 ne
298 1799 439 1841 morarum
454 1783 563 1857 quidem
576 1784 657 1842 nobis
677 1801 773 1842 causas
792 1785 862 1843 indi·
878 1772 902 1835 B
916 1782 1117 1853 interdicendo,
1133 1784 1350 1842 contraferemur
1374 1800 1457 1856 qnam
1478 1793 1573 1842 sancta
1601 1792 1630 1842 et
1651 1787 1716 1843 uni-

56 1878 148 1935 castis.
172 1876 256 1935 Unde
279 1876 454 1935 dilectionem
478 1887 597 1935 vestram
627 1877 809 1936 admonemus
832 1888 861 1936 ut
914 1877 1025 1935 cerealis
1041 1886 1129 1935 mater
1155 1877 1287 1946 Ecclesia,
1313 1879 1415 1935 idema
1433 1878 1564 1935 liliissuis
1584 1879 1657 1951 quod
1684 1880 1719 1937 ab

56 1971 217 2046 quantocius
232 1970 338 2044 possitis
358 1970 391 2028 ad
405 1988 456 2029 nos
478 1971 670 2042 revertamini,
685 1961 820 2046 qu'atenus
834 1981 863 2030 et
914 1970 1037 2028 hostibus
1051 1970 1192 2044 patiendo,
1207 1987 1264 2028 uon
1273 1971 1333 2043 jam
1346 1971 1518 2045 proprietatis
1531 1987 1600 2042 suae,
1621 1971 1670 2030 sed
1682 1973 1714 2029 lr-

56 2064 121 2139 quid
135 2064 243 2140 egeritis
256 2080 468 2139 cognoscamus,
480 2075 508 2122 et
528 2067 675 2124 decaetero
698 2067 861 2137 consultius,
914 2063 1013 2122 liorvrm
1026 2064 1191 2123 detrimento
1213 2065 1359 2122 saucietur.
1377 2065 1566 2136 Quamobrem
1581 2064 1655 2123 hunc
1673 2065 1714 2122 di·

56 2158 204 2234 dionante
228 2162 289 2216 Deo
311 2168 428 2217 statuere
445 2160 591 2218 valeamus.
610 2163 713 2218 Praeter
726 2160 787 2218 haec
802 2160 861 2234 jam
915 2159 1018 2216 lectum
1045 2157 1131 2216 lilium
1154 2161 1299 2232 Hugonem
1313 2167 1341 2215 et
1355 2157 1519 2216 cardinalem
1539 2166 1642 2216 sanctu
1655 2159 1715 2217 iio·

56 2268 127 2327 sepe
147 2261 334 2311 memoratum
357 2253 486 2311 abbatem
508 2254 661 2326 specialiter
690 2253 863 2312 commoneri
914 2268 1005 2309 manae
1027 2252 1155 2310 Ecclesiae
1180 2252 1369 2325 presbyterum
1393 2251 1422 2308 in
1442 2259 1533 2323 partes
1553 2253 1614 2311 illas
1635 2253 1712 2311 misi-

58 2354 83 2403 et
104 2346 255 2419 plurimum
276 2361 293 2404 a
316 2347 393 2404 vobis
414 2347 471 2403 vice
492 2356 585 2405 nostra
610 2348 716 2404 exorari
738 2347 862 2420 cupimus
914 2364 987 2419 mus,
1000 2348 1028 2427 in
1046 2349 1124 2422 cujus
1138 2363 1187 2407 ore
1202 2358 1295 2406 nostra
1310 2348 1346 2406 ad
1360 2364 1407 2406 sos
1419 2349 1531 2406 consilia
1557 2357 1587 2406 et
1605 2348 1713 2407 decreta

57 2449 190 2512 qutenus
201 2439 362 2498 charitatem
379 2457 462 2514 quam
481 2440 617 2498 hactenus
640 2441 667 2498 iu
696 2457 747 2498 nos
767 2440 863 2499 habuit
914 2440 1021 2515 plenius
1039 2441 1211 2515 apertiusque
1234 2441 1390 2500 disserenda
1407 2458 1439 2499 ac
1460 2441 1518 2499 vice
1540 2451 1634 2500 nostru
1658 2442 1714 2499 dis·

58 2549 139 2603 nunc
152 2549 218 2591 cum
243 2534 361 2591 maxime
385 2549 454 2607 opus
467 2542 518 2603 est,
539 2533 674 2592 indelessa
697 2534 863 2593 exhibitione
915 2534 1040 2608 ponenda
1052 2536 1202 2608 posuimus.

59 2627 188 2693 conferat,
203 2636 233 2686 et
247 2627 433 2685 infirmitatem
452 2636 577 2686 nestram
598 2627 655 2686 suis
681 2637 708 2686 et
721 2628 861 2686 sanctissi·
950 2631 1159 2686 Dataltomaerr
1170 2627 1712 2699 KalendasMaii,indictioneundecimo.

60 2737 111 2781 mae
123 2721 342 2796 congregationis
354 2736 411 2779 suae
433 2721 602 2780 orationibus
623 2730 698 2781 tamo
721 2721 863 2780 subnixius
885 2724 888 2730 '
1165 2731 1342 2789 EptsTOLA
1351 2731 1428 2787 vul.

61 2815 184 2889 ‘dimise
196 2816 417 2888 ffldffllluffflw
435 2815 652 2873 ifflbfflfflstfflm
668 2824 791 2873 ¹¹⁰⁸i¹³m
810 2815 862 2872 θιὼ
952 2844 1713 2889 xnusnnruucunnrcuuarxusunruuurucormu.

63 2908 230 2967 amiculam
244 2908 364 2980 pondere
377 2909 579 2983 graviuspremi
589 2924 645 2966 non
656 2909 772 2982 ignorat.
1215 2928 1306 2990 (Anno
1321 2922 1410 2995 long)

95 3006 164 3060 Data
186 3005 289 3060 Romae
310 3002 430 3060 secundo
456 3001 597 3061 Kalendas
620 3002 699 3072 ldaii,
715 3002 862 3061 indictione
916 3023 1016 3076 aarum
1039 3019 1197 3089 emtionem
1217 3020 1366 3088 ammae,
1387 3016 1511 3071 portam,
1531 3021 1562 3072 ,η
1581 3019 1714 3073 ,ragom

1176 3105 1227 3160 pro
1236 3105 1264 3146 se
1274 3091 1335 3160 fieri
1349 3091 1454 3144 curent.
1766 3160 1776 3169 ἡ

951 3189 1128 3247 Gnaeonrus
1158 3186 1185 3243 iu
1220 3189 1380 3244 Romanum
1410 3183 1569 3258 pontilicem
1596 3183 1715 3252 electus,

912 3281 1187 3350 Uasaroelerieo,et
1198 3279 1474 3347 Anaurodiacono,
1487 3277 1638 3335 salutemin
1656 3280 1714 3334 Do-

913 3374 989 3432 mino
1008 3378 1074 3432 Jesu
1094 3374 1214 3432 Christo.

946 3468 1061 3525 Obitum
1073 3466 1179 3524 domini
1197 3464 1346 3524 Alexandri
1358 3480 1435 3538 papae
1445 3464 1505 3537 jam
1517 3479 1567 3520 vos
1579 3463 1716 3536 accepisse

913 3559 986 3617 lama
1001 3560 1142 3617 nuntiante
1158 3559 1306 3627 oredimus,
1321 3566 1349 3614 et
1366 3573 1451 3631 quant
1465 3564 1586 3629 repente,
1603 3565 1717 3630 quanta·

66 3095 213 3154 undecima.
875 3132 898 3196 C

347 3191 588 3248 serstoutvrr.

255 3308 297 3350 un
310 3307 478 3351 rarucraes
489 3307 661 3350 sessurus.

361 3394 452 3458 (Anno
467 3390 557 3463 1073.)

69 3491 199 3564 &omnem
212 3493 305 3548 comiti
327 3470 473 3552 ‹te'rtocev‘o
497 3494 546 3548 sub
570 3492 688 3564 quodam
710 3493 858 3549 conditione

96 3579 152 3619 tum
180 3566 318 3635 Hispaniae
338 3569 445 3635 portem
467 3568 761 3634 inconsequens
779 3567 859 3622 Soro-

97 3650 218 3692 eanorum
231 3636 357 3692 mosibus
366 3638 490 3706 eriperet.
504 3636 625 3692 Prohibet
639 3636 707 3691 ulios
721 3638 858 3707 principes

97 3707 251 3763 heemdcm
261 3709 394 3776 regionem
403 3723 463 3762 cam
478 3709 560 3777 copiis
574 3707 694 3777 ingredi,
700 3712 860 3778 portamque

98 3778 182 3834 ullum
194 3779 273 3834 illius
283 3779 432 3849 procincte
447 3779 501 3833 sibe·
508 3778 661 3842 maduere,
677 3779 733 3833 nisi
743 3780 859 3834 estmoe·

98 3851 155 3906 aiut
171 3865 254 3920 mque
268 3851 359 3920 pactio
371 3850 540 3920 persolvendi
561 3849 629 3919 juro
652 3851 744 3907 Sancti
770 3851 858 3917 Petri3

99 3936 150 3992 quo
162 3921 198 3978 de
209 3936 240 3977 re
252 3921 353 3991 legates
367 3922 461 3976 mittit.

99 4029 265 4089 Gesacum
276 4029 304 4085 in
316 4032 473 4087 Romanum
484 4029 642 4102 pontillcem
651 4029 763 4099 electus,
771 4029 859 4087 omni-

71 4117 112 4179 hus
121 4123 289 4197 prindpibus
305 4124 334 4182 in
356 4132 459 4181 terram
473 4123 611 4196 Hispaniae
625 4123 758 4197 proficisci
770 4124 860 4181 velen·

73 4214 143 4285 hbes,
157 4225 318 4291 perpetuam
333 4217 451 4275 mlutem
470 4217 498 4275 in
523 4216 646 4275 Domino
661 4218 727 4274 lesu
741 4215 858 4274 Christo.

912 3670 965 3727 que
990 3653 1084 3727 pepuli
1099 3653 1225 3710 violentis
1245 3669 1297 3710 nos
1317 3651 1418 3726 indigni
1441 3660 1469 3709 et
1491 3652 1660 3707 reluctantes
1680 3649 1715 3705 ud

911 3747 1038 3821 regimen
1051 3746 1206 3819 apostolicae
1216 3745 1290 3804 sedis
1305 3745 1352 3801 lati
1366 3743 1446 3818 [torte
1460 3743 1546 3813 elati,
1572 3743 1674 3799 Hane.
1689 3747 1716 3798 et

912 3842 1026 3899 Murrus.
1040 3839 1148 3914 sublati]
1167 3855 1273 3897 sumus.
1293 3838 1346 3896 Sed
1367 3853 1403 3895 ne
1422 3844 1536 3894 eventus
1559 3834 1659 3893 harum
1673 3851 1716 3891 re·

912 3952 974 3992 runa
997 3935 1105 3993 animos
1122 3942 1229 3991 vestros
1243 3933 1270 3989 iu
1290 3930 1462 4005 exsequenda
1474 3929 1553 3987 vebis
1568 3928 1715 3992 commissa

913 4027 1047 4102 legatione
1061 4035 1107 4085 aut
1120 4028 1219 4084 umore
1238 4041 1287 4083 seu
1301 4025 1393 4097 aliqua
1413 4021 1592 4098 ambiguitate
1607 4028 1715 4094 perten-

915 4130 964 4193 tet,
984 4121 1020 4180 ad
1037 4119 1247 4179 confortandam
1259 4118 1423 4177 charitatem
1436 4126 1555 4174 vestram
1569 4115 1630 4173 hese
1651 4130 1715 4172 suc·

913 4215 1002 4273 cincte
1012 4215 1089 4274 robis
1101 4215 1271 4287 scripsimus,
1284 4220 1315 4269 nt
1329 4226 1446 4269 omnem
1460 4210 1489 4268 in
1504 4213 1604 4266 Decet
1621 4216 1716 4266 sancto

98 4310 157 4368 hon
176 4311 264 4369 latere
288 4326 338 4369 vos
361 4310 500 4369 credimm
528 4326 644 4384 regnum
666 4310 803 4384 Hispania
825 4310 860 4368 ab
913 4307 1102 4381 Petro,quus
1121 4308 1169 4364 lilii
1184 4317 1213 4366 et
1234 4305 1405 4380 legatiestis,
1420 4303 1550 4360 llduciam
1565 4302 1714 4370 habentes,

74 4405 170 4478 utque
188 4403 291 4478 proprii
302 4404 373 4478 juris
391 4403 482 4463 Sancti
505 4405 578 4462 Petri
605 4403 705 4475 husee,
728 4411 757 4461 et
772 4402 861 4461 adhuc
914 4401 949 4459 ed
962 4416 1025 4475 qum
1043 4401 1120 4458 missi
1136 4401 1213 4470 estis,
1227 4398 1340 4455 viriliter
1354 4405 1383 4455 et
1397 4397 1590 4452 incunctanter
1607 4402 1716 4467 aposto·

75 4494 131 4560 (icet
144 4498 192 4556 diu
205 4514 222 4555 a
236 4498 347 4572 paganis
362 4498 400 4556 sit
421 4501 599 4571 occupatum)
624 4498 682 4572 legs
708 4483 900 4571 tamenin-1)
914 4495 964 4553 lica
989 4494 1047 4553 vice
1071 4493 1233 4563 lulciamini,
1259 4500 1289 4550 et
1315 4491 1345 4547 in
1367 4487 1491 4546 iacienda
1513 4486 1619 4562 justitia
1643 4484 1717 4542 ildeli

74 4589 141 4650 titia
157 4607 218 4649 uon
232 4600 375 4662 evacuata,
396 4591 463 4649 nulli
473 4591 648 4660 mortalium,
662 4591 712 4651 sed
725 4592 775 4649 soli
790 4607 857 4664 apo·
912 4589 1064 4647 mustantia
1095 4585 1284 4661 accingamini.
1306 4585 1379 4640 llam
1404 4590 1433 4638 et
1451 4597 1484 4638 ea
1506 4595 1598 4654 quea
1627 4579 1716 4636 beatae

74 4685 165 4744 seben
176 4685 237 4743 sedi
250 4700 285 4742 es
298 4700 379 4759 aquo
393 4684 537 4759 pertinere.
553 4685 635 4758 Quod
648 4686 722 4743 eninr
745 4693 859 4742 auctore
912 4681 1053 4741 memoriae
1075 4680 1200 4753 domin02
1210 4687 1308 4737 nostro
1331 4674 1487 4733 Alexandro
1501 4689 1570 4747 papa
1593 4672 1716 4746 injuncta

76 4776 124 4836 lieo
145 4777 231 4837 senei
250 4777 280 4835 in
296 4778 470 4853 proprietatis
483 4778 656 4837 ecclesiarum
675 4778 752 4851 iuste
763 4793 858 4852 perve-
912 4776 989 4833 vebis
1010 4784 1039 4833 et
1061 4773 1210 4832 commissa
1224 4778 1306 4839 suut,
1322 4784 1374 4827 nos
1389 4784 1500 4843 quoque
1525 4765 1653 4840 praesenti
1669 4781 1718 4823 au·

75 4873 146 4941 terit,
170 4880 299 4930 manente
318 4888 368 4942 eo,
380 4874 413 4930 ab
428 4888 480 4930 usu
497 4871 625 4945 quidem,
648 4871 697 4929 sed
709 4872 744 4930 ab
764 4886 860 4928 earum
912 4870 1039 4929 ctoritate
1053 4866 1240 4941 injungimus,
1264 4863 1435 4936 firmiterque
1449 4860 1666 4930 committimus,
1687 4858 1717 4916 iu

73 4960 138 5037 ills,
152 4965 297 5024 occauene
314 4966 478 5024 transmntis
497 4964 646 5038 temporis,
667 4965 726 5023 sine
739 4964 860 5039 legitima
913 4963 1012 5038 quibus
1024 4959 1186 5034 peragendis
1200 4968 1231 5016 ut
1252 4958 1357 5016 monita
1382 4955 1500 5025 munus,
1520 4956 1558 5012 ita
1569 4954 1717 5013 auxiliante

73 5060 237 5118 wucoesiom
256 5058 348 5116 divelli
361 5075 420 5117 non
440 5059 548 5132 poterit.
565 5061 661 5133 ltaque
676 5075 770 5117 cemes
790 5060 862 5114 Evu·
914 5061 990 5126 Deo,
1002 5054 1160 5128 apostolicae
1173 5051 1370 5111 consolationis
1390 5059 1419 5109 et
1433 5048 1606 5107 auctoritatis
1630 5045 1718 5104 subsi-

73 5145 107 5208 Ιιι
116 5151 238 5227 [lisoius]
251 5152 288 5211 de
302 5152 417 5222 buceio,
435 5153 512 5224 cajus
525 5152 626 5210 lautam
641 5152 714 5224 apud
727 5169 775 5209 ves
787 5150 861 5208 baud
913 5150 959 5209 dia
974 5148 1092 5224 vigilanti
1109 5147 1201 5205 studio
1221 5146 1347 5204 conterre
1370 5142 1589 5217 procurabimus.
1604 5141 1646 5197 De
1663 5153 1717 5196 cae·

74 5241 210 5304 Mnus
232 5261 293 5305 esse
316 5254 576 5319 putamus,terram
589 5246 662 5303 illam
676 5245 711 5305 ad
725 5245 861 5303 honorem
914 5251 974 5303 tero
1001 5259 1050 5301 vos
1071 5255 1218 5299 monemus
1239 5249 1270 5298 ut
1299 5239 1328 5296 iu
1347 5238 1416 5295 locis
1438 5232 1651 5300 venerabilibus,
1682 5229 1717 5289 ad

72 5340 148 5397 tuteli
168 5338 242 5397 Petri
259 5338 363 5414 ingredi
384 5345 412 5396 et
428 5354 594 5412 paganomm
609 5339 734 5397 manibus
756 5339 861 5412 eripere
914 5352 983 5411 quos
1005 5334 1157 5404 veneritis,
1176 5332 1318 5391 orationes
1342 5346 1392 5404 pro
1409 5344 1456 5386 me
1477 5327 1536 5385 fleri
1550 5324 1717 5393 obsecretis,

70 5433 190 5505 enpism,
203 5432 275 5491 hane
292 5432 500 5491 concessionem
519 5434 553 5490 ab
565 5432 713 5505 apostolica
727 5432 789 5490 sede
808 5431 858 5489 ols-
913 5441 1048 5505 quatenus
1065 5429 1240 5501 omnipotens
1259 5430 1343 5493 Deus,
1375 5423 1421 5495 qui
1442 5420 1610 5478 desiderium
1624 5433 1717 5474 meum

69 5523 145 5583 inuit
157 5535 189 5584 ut
201 5534 308 5600 partem
326 5526 403 5583 illam
415 5525 488 5583 unde
509 5541 628 5600 paganos
648 5541 699 5584 suo
722 5525 814 5585 studio
833 5533 861 5584 et
913 5540 1054 5597 nunquam
1074 5521 1111 5580 ad
1128 5521 1261 5579 honorem
1280 5519 1366 5576 istum
1390 5514 1534 5574 anhelasse
1555 5511 1717 5586 cognoscit,

66 5616 192 5693 adhmmo
218 5619 270 5679 sihi
281 5619 397 5677 aliorum
409 5619 509 5676 anxilio
534 5619 668 5693 expellere
679 5627 785 5693 posset,
809 5621 860 5678 sub
914 5618 951 5677 ad
966 5616 1112 5675 ferendum
1128 5624 1187 5672 mm
1203 5628 1286 5687 grave
1299 5627 1384 5682 onus,
1400 5606 1643 5682 quodimpositum
1657 5603 1718 5674 ejns

65 5711 219 5772 witam
235 5712 370 5772 intmaos
383 5711 462 5771 tacta
481 5713 615 5788 pactionis
626 5728 659 5770 ex
672 5721 746 5786 parte
768 5714 860 5771 Sancti
913 5714 1013 5770 timere
1031 5724 1157 5769 recusare
1169 5723 1228 5766 nou
1245 5703 1384 5763 audebam
1400 5713 1497 5759 omnes
1513 5696 1659 5755 facultates
1673 5694 1717 5750 in-

67 5806 139 5866 turi
153 5805 321 5883 possidm.
338 5808 399 5881 Qua
414 5805 441 5864 in
454 5823 484 5866 re
495 5817 523 5868 et
544 5807 638 5866 labore
651 5806 803 5880 quicunque
817 5825 861 5867 ve-
916 5805 1039 5864 hrmitati
1069 5818 1139 5862 mee
1159 5800 1223 5875 pius
1242 5796 1391 5871 impendet·
