3870 6164
172 271 226 329 sid
307 296 310 303 ·
519 260 548 319 S.
567 259 729 318 suetonii
747 262 794 321 llll
810 263 910 320 PsPAE
929 262 1069 343 OPFleUM
1086 262 1174 321 PARS
1192 263 1214 319 1.
1232 290 1267 305 -·
1284 259 1488 323 REGlstlttJtl.
1770 256 1823 315 lto

174 397 236 450 Deo
256 390 413 464 adjurante,
429 386 563 460 possimus
583 386 780 444 examinatione
804 385 969 445 discernere.
986 393 1014 461 Α
1029 387 1077 445 tibi
1096 403 1146 460 pro
1159 387 1211 443 hac
1223 386 1301 459 culpa
1317 384 1463 457 iniungens
1478 381 1667 456 poenitentiam
1688 388 1716 439 te
1730 380 1824 439 absol·

176 485 258 560 Quod
269 483 379 557 quidem
397 498 459 538 cum
487 480 628 537 communi
652 479 765 538 consilio
786 488 814 536 et
828 480 973 553 conjuncta
1029 488 1084 548 vat,
1100 489 1131 536 ut
1144 478 1282 536 nobistuo
1303 493 1437 535 consensu
1456 476 1572 533 modum
1587 475 1825 549 poenitanuetoae

1 567 6 590 ¹
122 654 125 659 ⁴
177 578 303 639 omnium
317 584 469 633 vestrorum
489 572 653 630 discretione
673 589 705 628 ac
725 572 826 642 jndicio
839 573 896 630 lieri
911 590 975 647 per-
1029 590 1079 646 per
1092 574 1236 646 epistolam
1250 587 1330 629 suam
1345 570 1474 627 veraciter
1492 569 1618 626 intimare
1643 567 1757 625 audeat.
1779 571 1825 626 De

177 671 299 728 manime
318 668 452 741 cupimus,
475 666 498 722 si
521 666 562 723 vel
583 666 656 722 illius
678 665 808 724 Ecclesiae
830 683 905 737 cura,
934 668 974 724 vel
1029 676 1129 725 caetero
1138 666 1240 722 mirum
1252 664 1331 721 nobis
1345 662 1421 720 valde
1435 663 1543 719 videtur
1556 660 1631 736 quod
1645 661 1730 721 toties
1743 660 1824 721 nobis

177 772 315 835 respectus
332 759 489 833 apostolicae
502 757 670 826 reverentias,
692 767 740 815 aut
753 768 846 816 nostra
860 759 977 817 charitas
1017 769 1088 821 ‚tam
1108 759 1220 816 devotas
1233 758 1358 831 epistolas
1378 764 1407 813 ct
1426 763 1532 812 tantam
1555 754 1742 813 bumilitatem
1768 763 1826 813 nias

178 872 229 913 vos
239 855 274 912 ad
288 854 342 911 hoc
362 853 508 927 negotium
524 866 674 909 convocare
691 852 802 925 poterit.
817 851 915 909 Videte
927 853 978 927 igi·
1031 851 1199 910 celsitudinis
1209 867 1256 924 per
1264 851 1419 924 legatorum
1428 857 1542 906 tuorum
1551 849 1634 906 rerba
1644 848 1824 920 transmittis,

179 961 224 1008 tur
241 963 275 1005 ne
298 948 360 1020 quis
382 954 503 1002 vestrum
523 953 683 1016 contempto
704 944 756 1002 boc
779 946 923 1003 interdictu
943 946 978 1004 ad
1032 946 1117 1003 lilium
1132 955 1159 1002 te
1178 953 1282 1003 sanctae
1302 944 1400 1000 matris
1415 942 1543 1001 Ecclesia
1557 949 1586 998 et
1599 950 1726 999 nosturm
1746 957 1827 999 voces

181 1042 252 1100 illius
264 1042 364 1114 pariter
376 1048 405 1096 et
418 1039 459 1095 sui
469 1037 619 1111 periculum
632 1053 746 1094 manum
755 1037 894 1104 extendat,
909 1054 977 1112 quo·
1032 1038 1123 1097 iulide
1133 1039 1300 1111 subiectum,
1313 1037 1341 1093 in
1352 1035 1499 1093 dilectione
1510 1035 1633 1103 unicum,
1643 1034 1827 1093 indevotione

181 1137 259 1194 niam
278 1135 301 1192 si
320 1133 391 1206 quis,
413 1129 489 1205 quod
508 1147 566 1187 non
579 1129 725 1199 credimus,
737 1132 769 1187 in
789 1147 820 1189 ea
845 1147 978 1205 praesum·
1032 1133 1208 1205 praecipuum,
1223 1140 1364 1204 postremo
1382 1145 1447 1187 cum
1462 1129 1539 1186 omni
1550 1126 1654 1186 affeetu
1670 1128 1828 1187 'dulcedinis

181 1228 273 1301 ptione
286 1242 316 1285 se
329 1240 464 1298 occupare
484 1224 647 1298 proruperit,
662 1223 795 1281 continuo
816 1239 876 1281 sea
894 1226 979 1298 gratia
1032 1235 1060 1282 et
1082 1225 1239 1282 reverentiae
1263 1232 1289 1280 te
1313 1222 1504 1291 commendas,
1530 1237 1561 1278 re
1581 1230 1675 1279 tamen
1697 1229 1726 1278 et
1747 1219 1828 1279 lactis

182 1321 255 1378 boati
266 1319 340 1377 Petri
359 1326 491 1376 etnostra
504 1317 657 1386 dilectione,
671 1333 722 1373 nec
739 1333 827 1375 nona
850 1333 979 1376 commu·
1032 1319 1222 1391 asperrimum,
1235 1317 1374 1374 canonicis
1388 1324 1469 1389 atque
1486 1315 1646 1389 apostolicis
1668 1313 1787 1373 decretis
1801 1315 1829 1373 itt

183 1413 267 1470 ulons
293 1411 363 1470 sacri
388 1411 510 1484 corporis
537 1419 565 1467 et
589 1411 728 1484 sanguinis
741 1411 853 1469 Domini
879 1427 979 1486 seque-
1033 1411 1076 1468 his
1090 1427 1151 1484 quae
1162 1411 1342 1469 ecclesiastice
1360 1410 1454 1484 religio
1466 1408 1586 1467 maxime
1605 1408 1697 1482 poscit
1715 1416 1744 1466 te
1761 1424 1828 1466 con·

184 1514 301 1563 stratum
324 1521 384 1563 esso
398 1512 555 1579 cognoscat.
570 1508 673 1562 Verum
688 1503 716 1561 id
737 1505 819 1577 agite,
835 1504 872 1572 id,
886 1505 909 1561 si
922 1509 979 1562 Do-
1033 1503 1284 1562 trariumostendis.
1294 1501 1449 1560 Namutde
1458 1502 1569 1576 reliquis
1580 1510 1736 1571 mosomus,
1750 1500 1830 1575 quod

184 1600 292 1657 minum
301 1597 425 1672 diligitis,
434 1596 543 1655 efficere
551 1607 703 1669 procurate,
712 1606 744 1654 ut
752 1595 899 1667 iraterille,
911 1598 980 1657 dum
1034 1597 1068 1656 de
1090 1614 1170 1656 causa
1184 1596 1382 1655 Mediolanensi
1394 1611 1442 1669 per
1456 1604 1571 1652 matrem
1583 1603 1670 1660 tuam,
1690 1611 1741 1667 per
1759 1610 1830 1653 eon·

185 1700 285 1766 potest,
299 1691 367 1749 dum
380 1691 472 1751 locum
487 1691 582 1762 babet,
596 1691 646 1748 sibi
664 1698 692 1748 et
705 1691 833 1750 Ecclesia
844 1692 978 1761 coosulat,
1034 1692 1132 1749 iratres
1151 1699 1261 1748 nostros
1275 1691 1420 1764 episcopos
1434 1704 1505 1762 quos
1526 1688 1563 1746 ud
1582 1697 1610 1745 te
1626 1678 1766 1758 misimus,
1779 1704 1830 1747 no·

184 1785 243 1859 paci
268 1792 365 1842 restrte
378 1792 407 1841 et
427 1783 509 1841 saluti
528 1792 612 1842 tantae
633 1784 817 1841 multitudinis
836 1784 980 1842 hominum
995 1774 1021 1837 B
1035 1786 1075 1843 bis
1097 1784 1274 1858 promiseras,
1287 1783 1402 1857 qualiter
1414 1781 1571 1853 attenderis,
1597 1790 1645 1839 aut
1663 1797 1720 1854 quo
1734 1782 1829 1839 animo

186 1894 254 1951 pene
277 1876 490 1953 periclitantium
504 1877 652 1949 provideat,
669 1892 721 1933 uec
734 1887 842 1935 suamet
858 1880 982 1952 praecipi·
1035 1878 1205 1952 promiseris,
1215 1878 1274 1951 ipsa
1292 1892 1336 1934 res
1353 1875 1466 1946 indicat,
1480 1883 1509 1931 et
1516 1891 1590 1932 nunc
1603 1873 1716 1947 quidem
1727 1881 1759 1931 ut
1771 1875 1830 1931 vot-

187 1971 292 2029 tatione
319 1986 417 2027 casum
437 1979 531 2042 petens
553 1969 656 2028 multos
674 1985 767 2029 secum
780 1970 815 2027 ad
834 1987 983 2029 commune
1034 1987 1088 2028 nus
1101 1970 1208 2027 vomeri
1222 1969 1371 2043 infligeres,
1387 1977 1482 2026 contre
1498 1975 1606 2025 statuta
1618 1967 1776 2040 apostolicae
1790 1982 1832 2025 se-

129 2060 142 2088 *
188 2062 341 2134 periculum
362 2062 514 2117 trabat.1n
534 2078 590 2135 quo
610 2078 684 2119 nunc
703 2063 843 2135 apparebit
865 2065 928 2137 quis
949 2067 985 2122 sit
1036 2064 1080 2121 dis
1101 2063 1236 2121 tradidisti
1250 2063 1410 2133 Firmanam
1430 2071 1458 2118 et
1477 2063 1651 2134 Spoletauam
1667 2059 1829 2127 Ecclesiamt

188 2163 280 2226 pastor
304 2154 333 2209 in
352 2154 429 2210 vobis
449 2155 583 2225 iniquitati
606 2163 699 2226 aperte
714 2156 852 2224 resistens,
877 2158 937 2229 quis
950 2158 985 2214 sit
1037 2157 1160 2213 sitamcn
1179 2156 1214 2212 ab
1232 2155 1342 2212 bonnae
1361 2152 1432 2212 tradi
1453 2153 1574 2212 Ecclesia
1594 2161 1643 2211 aut
1659 2152 1758 2211 donari
1780 2169 1831 2226 po·

186 2247 235 2303 lur
255 2245 455 2302 simulationem
475 2244 588 2314 iaciens,
611 2248 673 2318 quis
692 2248 762 2304 latro
782 2248 925 2307 manifeste
943 2251 984 2323 ju·
1036 2257 1089 2306 test
1098 2247 1260 2322 quibusdam
1271 2248 1394 2321 personis
1406 2247 1487 2305 nobis
1502 2247 1585 2304 etiam
1604 2247 1715 2320 ignotis,
1731 2247 1835 2319 quibus

188 2338 270 2397 sutis
283 2339 481 2396 contradicens.
492 2338 669 2397 Considerate
677 2355 742 2413 ergo
752 2342 893 2413 quomodo
906 2351 985 2400 caute
1036 2358 1094 2399 uon
1106 2322 1171 2399 licet
1182 2341 1234 2398 nisi
1248 2342 1370 2415 probatis
1390 2348 1418 2397 et
1434 2348 1499 2398 ante
1510 2341 1580 2397 bene
1593 2325 1833 2413 cognitioregula·

189 2430 345 2500 ambuletis,
369 2431 432 2502 quia
453 2431 525 2487 sicut
542 2431 642 2488 durum
665 2440 708 2489 est
725 2440 819 2490 contra
842 2434 985 2493 stimulum
1038 2436 1103 2492 riter
1113 2451 1227 2492 manum
1241 2437 1393 2508 imponere.
1408 2437 1545 2491 Decuerat
1557 2434 1660 2506 regiam
1669 2433 1835 2506 dignitatem

190 2524 342 2592 calcitrare,
364 2524 402 2580 sic
422 2539 550 2596 asperum
563 2532 719 2583 estsanctae
741 2529 878 2585 Romanae
892 2530 985 2587 Eccle-
1037 2538 1198 2597 tuam,cum
1221 2538 1247 2585 te
1266 2528 1352 2585 filium
1366 2527 1497 2584 Ecclesiae
1510 2526 1662 2596 confiteris,
1680 2525 1834 2585 honorabi-

190 2616 239 2675 siae
259 2617 406 2686 contraire,
426 2615 470 2674 coi
482 2632 532 2674 vos
544 2625 675 2689 tanquam
689 2619 771 2677 matri
784 2635 892 2692 semper
905 2636 987 2694 opor-
1038 2621 1089 2678 lius
1102 2622 1263 2695 magistrum
1283 2621 1431 2688 Ecclesiae,
1456 2620 1508 2677 lroc
1526 2628 1568 2677 est
1586 2620 1699 2677 beatum
1719 2621 1836 2678 Petrum

189 2717 230 2767 tet
243 2709 363 2767 obedire.
1038 2716 1227 2789 apostolorum
1241 2715 1391 2788 principem
1404 2714 1515 2783 intueri,
1531 2714 1588 2781 cui,
1607 2713 1630 2770 si
1650 2712 1687 2770 de
1707 2713 1836 2771 Domini·

226 2807 296 2861 Data
320 2810 429 2879 Romae,
445 2815 522 2865 sexto
544 2806 611 2865 Idus
637 2808 765 2869 Octobris
793 2809 984 2888 [Decembris],
1038 2809 1187 2867 cisovibus
1200 2825 1239 2879 es,
1252 2808 1398 2866 Dominica
1413 2817 1517 2865 soceet
1531 2805 1836 2881 potestateadpssoen-

188 2896 336 2958 indictione
349 2898 456 2959 decima
468 2910 575 2973 quarta.
1040 2901 1107 2959 dum
1120 2900 1235 2960 traditus
1249 2918 1288 2971 es,
1302 2901 1412 2959 dicente
1429 2900 1482 2958 sibi
1500 2901 1609 2958 Christo
1625 2920 1632 2957 :
1647 2903 1736 2965 Patre,
1755 2916 1838 2973 posce

472 2999 647 3056 EPISTOLA
662 3000 701 3056 X.
1040 2997 1386 3069 coesmeos(loou.xv11),
1400 2996 1535 3053 etiterum
1551 3014 1559 3052 ι
1577 2997 1838 3053 libitroditosusl

313 3104 640 3149 snnsnurcmsnsosss
655 3107 861 3153 normensis.
1041 3091 1125 3145 clooes
1141 3092 1219 3159 recol
1237 3091 1374 3159 ciclorum,
1389 3094 1416 3144 ol
1426 3089 1602 3160 owdmococ
1614 3089 1742 3159 discocti
1754 3103 1840 3160 seper

493 3186 687 3252 (inuoluti.)
999 3161 1154 3251 sslcrrom,
1168 3185 1349 3254 eritlipotum
1367 3188 1393 3239 et
1410 3184 1535 3250 incolis
1555 3182 1839 3254 etquodcrsogtsstol-

192 3278 294 3346 Arcuit
315 3277 386 3348 qood
407 3293 466 3333 aem
479 3280 713 3336 eccommcos'cott's
734 3284 915 3338 mmmunicet.
931 3285 987 3342 iio·
1040 3280 1111 3334 vern
1128 3278 1529 3348 westmonasteriensem
1551 3281 1576 3331 et
1588 3278 1617 3331 s'a
1628 3277 1704 3332 coells
1725 3276 1838 3343 (Mond-

226 3348 485 3433 “2⁸¹1282'‚²'i⁰⁶³²»
505 3350 642 3433 winili)
665 3353 782 3435 φῑθθθιῗθ
796 3354 987 3436 ᾷῦδθῖῑῑῑῑθῃθηῑ
1042 3376 1117 3437 svs).
1139 3374 1173 3426 ln
1193 3370 1271 3445 cujus
1290 3370 1354 3427 sede
1379 3379 1408 3427 et
1430 3369 1577 3443 apostolica
1599 3369 1840 3428 administratione

224 3424 312 3489 petat.
325 3421 448 3475 discatur
460 3435 519 3474 eum
531 3421 664 3476 tolerasti
677 3423 856 3491 leputsoacbus
865 3426 988 3481 devotum

225 3505 253 3545 ,e
274 3506 340 3559 ⁰?ssss
362 3493 510 3546 mmonom
524 3493 669 3549 30,ka
689 3496 838 3562 omem
857 3512 886 3551 m
899 3501 988 3552 ,amm
1041 3464 1108 3521 dum
1129 3479 1180 3521 nos
1193 3464 1396 3537 qualescunque
1420 3471 1575 3536 peccatores
1588 3472 1617 3519 et
1630 3461 1733 3536 indigni
1749 3461 1842 3521 divina

227 3560 312 3616 eidem
327 3562 479 3623 odousors',
503 3566 529 3617 et
542 3563 649 3618 decreto
671 3580 688 3617 o
712 3581 740 3620 so
759 3568 788 3620 tn
801 3568 903 3637 synodo
916 3569 990 3624 edito
1042 3557 1217 3630 dispositione
1231 3557 1319 3613 ricem
1333 3571 1390 3615 sure
1403 3554 1546 3627 potestatis
1566 3555 1699 3628 gerimus,
1712 3554 1840 3627 profecto

226 3646 279 3685 coo
293 3631 437 3716 observatq-
450 3635 587 3687 H0ri⁰it⁴r
598 3634 638 3688 ad
649 3636 925 3692 ccccmobedicote‘om
935 3642 988 3696 Ro·
1042 3647 1173 3721 quidquid
1184 3648 1218 3705 ad
1232 3664 1281 3704 nos
1296 3648 1337 3703 vel
1355 3663 1403 3720 per
1413 3648 1526 3720 scripta,
1541 3656 1573 3703 ut
1583 3645 1665 3703 nudis
1676 3646 1771 3704 verbis
1785 3647 1841 3703 mi·

227 3715 316 3754 monte
329 3703 453 3756 Ecclesia
468 3704 664 3771 proslocdcm.
679 3708 790 3761 Domum
803 3714 892 3764 mcum
904 3725 937 3765 os
952 3724 990 3764 ec·

227 3771 383 3826 ,mmm
398 3772 520 3828 liberm„-
538 3775 601 3830 „em
614 3790 669 3830 esse
683 3777 880 3847 ,mmmm
1042 3742 1110 3797 seris
1122 3740 1180 3814 lpse
1199 3741 1308 3813 recipit,
1322 3749 1350 3797 et
1363 3740 1429 3797 dom
1442 3755 1493 3797 nos
1506 3746 1554 3796 aut
1577 3739 1713 3798 elementa
1726 3754 1842 3812 peretu-

228 3863 819 3937 Gssoousosepiscopus,servusservorum
831 3871 892 3938 Dei,
904 3874 989 3929 liss-
1024 3833 1141 3913 ’'im''
1160 3842 1208 3890 ’ω
1225 3833 1395 3906 ¹⁰q⁰⁹¹¹t⁵⁰m
1415 3848 1496 3939 W,
1511 3832 1710 3938 ⁸¹¹⁵⁰¹¹¹¹ff¹¹¹,¹⁸’
1728 3832 1789 3938 ¹¹³⁸?
1806 3847 1843 3891 ⁸¹

194 3970 266 4013 nico
291 3956 361 4027 regi,
383 3957 499 4014 salutem
522 3967 551 4014 et
575 3961 752 4032 apostolicam
773 3962 991 4022 benedictionem
1043 3943 1098 3999 (¹⁰⁰
1119 3925 1202 3985 ΜΕ
1228 3925 1357 3986 mmm
1379 3927 1530 4001 pr⁰d¹⁰¹¹¹¹²
1552 3926 1646 3983 ⁸⁰b¹¹¹¹
1670 3934 1843 3999 ¹⁰⁸9⁰⁰t¹⁰¹¹⁰

80 4104 84 4115 .
194 4050 277 4120 (3⁸⁴lt
293 4050 316 4104 si
329 4057 424 4107 tamen
437 4052 595 4124 apostolieae
608 4052 677 4122 sedi,
691 4063 721 4110 ut
741 4055 925 4114 Christianum
940 4058 989 4117 de·
1043 4021 1184 4079 dsscemi‘·

193 4150 236 4198 cet
250 4157 354 4213 regem,
370 4141 505 4200 obedierit
519 4143 668 4220 [obediatl.
1080 4150 1254 4224 Quapropter
1267 4149 1467 4223 providendum
1479 4159 1551 4206 esset
1563 4158 1618 4207 tum
1629 4146 1794 4218 celsitudini,
1803 4163 1844 4207 ns

229 4234 440 4293 Considersntes
453 4252 485 4293 ac
498 4238 610 4295 sollicite
624 4251 768 4312 pensantes
787 4259 872 4316 quam
891 4246 988 4304 distri
1045 4260 1109 4318 erga
1134 4243 1228 4302 sedem
1250 4244 1429 4316 apostolicam
1450 4244 1479 4299 in
1504 4242 1592 4299 serbis
1611 4250 1639 4298 et
1661 4240 1845 4316 legetiomlsus

78 4386 88 4403 ,
194 4335 240 4385 cto
251 4327 335 4400 ludici
349 4328 384 4386 de
396 4329 599 4404 dispsatione
612 4334 708 4392 crediti
720 4336 800 4394 nobis
817 4354 865 4411 per
878 4339 988 4399 beatam
1045 4339 1100 4395 tuis
1123 4338 1211 4410 aliqua
1236 4337 1401 4393 inveniretur
1424 4336 1604 4408 discrepantia
1632 4335 1790 4403 voluntatis,
1812 4342 1845 4394 et

194 4423 308 4481 Petrum
326 4424 514 4496 apostolorum
528 4426 677 4500 principem
693 4430 835 4487 ministerii
855 4433 989 4491 radonem
1046 4432 1072 4488 in
1087 4430 1139 4500 bis,
1159 4447 1208 4503 per
1230 4445 1293 4503 qum
1312 4430 1463 4486 Christiana
1477 4429 1544 4487 lldes
1564 4437 1593 4486 et
1606 4437 1692 4487 status
1710 4428 1845 4487 Ecclesiae

195 4513 324 4573 reddituri
336 4532 443 4587 sumus,
469 4534 533 4575 cum
546 4520 715 4578 dubitatione
738 4525 917 4596 apostolicam
938 4527 988 4585 tibi
1003 4542 1031 4607 ῃ
1045 4525 1079 4582 ad
1088 4532 1221 4581 aeternam
1233 4523 1352 4581 salutem
1360 4524 1478 4582 maxime
1492 4522 1608 4596 prolicit,
1619 4537 1677 4579 non
1691 4520 1782 4591 nobis,
1794 4521 1846 4580 md

194 4606 414 4667 benedictionem
436 4612 637 4685 mandavimus,
653 4615 783 4687 quoniam
801 4617 907 4690 judicio
921 4621 993 4681 sedis
1046 4622 1106 4676 Deo
1129 4618 1309 4690 omnipotenti
1329 4617 1448 4675 debltam
1462 4631 1518 4673 nou
1541 4615 1691 4688 denegares
1713 4629 1844 4672 reveren·

81 4756 83 4760 ,
196 4701 352 4772 apostolicae
383 4718 417 4759 ac
446 4705 568 4778 synodali
600 4722 715 4766 censura
749 4713 995 4774 excommunicatis
1047 4712 1125 4783 narn,
1147 4726 1302 4784 quanquam
1319 4710 1450 4784 apostolis
1469 4724 1619 4782 eorumque
1639 4708 1846 4767 successoribus

196 4793 419 4853 communionem
432 4804 509 4853 tuam
521 4799 638 4856 scienter
649 4801 777 4859 exhibere
790 4804 898 4863 diceris.
913 4808 993 4878 Quod
1047 4805 1183 4863 Dominus
1195 4804 1285 4861 dicere
1296 4803 1424 4877 dignatus
1437 4803 1474 4860 sit
1486 4822 1493 4858 τ
1507 4805 1560 4872 (lot
1573 4816 1617 4859 uos
1632 4802 1722 4866 cudit,
1733 4818 1777 4858 me
1789 4816 1846 4858 sss-

196 4884 218 4942 85
231 4900 326 4943 mum
338 4895 389 4956 “¹2
402 4896 433 4945 tu
447 4889 505 4961 ipse
518 4892 661 4963 cognoscis
672 4894 747 4966 quod
756 4912 808 4954 nec
826 4897 925 4959 divinae
942 4916 993 4959 nec
1045 4900 1097 4968 dit,
1113 4904 1139 4954 ct
1152 4902 1202 4970 pus·
1214 4913 1259 4954 oce
1276 4900 1379 4969 speruit
1394 4914 1435 4952 me
1455 4901 1558 4969 speruit
1574 4899 1655 4965 (luc.
1671 4896 1713 4964 x).
1734 4894 1848 4952 Scimus

198 4979 356 5049 apostolicae
373 4980 574 5041 benedictionis
587 4986 707 5057 gratiam
730 4990 870 5064 percipere
895 4994 993 5067 possis,
1046 4992 1120 5049 onim
1129 4991 1259 5064 quoniam
1268 4991 1316 5064 qui
1327 4989 1437 5046 fidelem
1448 4993 1508 5046 Deo
1518 4988 1702 5047 obedientiam
1712 4987 1847 5045 exhibere

197 5070 305 5128 nisibis
327 5072 375 5145 qui
394 5077 623 5135 excommunicati
642 5088 708 5137 suut
728 5097 744 5138 a
768 5091 797 5139 tc
817 5087 951 5157 separetis
963 5095 992 5144 es
1045 5099 1102 5141 non
1121 5084 1224 5152 renuit,
1236 5083 1262 5138 in
1284 5082 1328 5140 lris
1349 5097 1411 5154 quae
1430 5091 1591 5139 sanctorum
1603 5083 1717 5138 Patrum
1737 5088 1844 5137 ststnts

196 5163 343 5236 compulsis
354 5163 390 5222 ad
401 5166 589 5238 poenitenmm
597 5170 632 5228 de
642 5176 854 5247 transgressione
864 5184 912 5236 tua
925 5195 992 5236 con-
1045 5186 1189 5249 sequentes
1203 5175 1365 5243 dixerimus,
1386 5176 1470 5232 valoti
1484 5176 1508 5233 si
1519 5176 1553 5232 ab
1565 5190 1613 5231 ore
1627 5172 1713 5247 ipsius
1726 5171 1847 5246 apostoli

197 5253 278 5325 digna
300 5258 469 5328 poenitudine
483 5270 512 5318 et
533 5263 718 5324 satisfactione
741 5268 816 5340 prius
839 5271 991 5330 absolutio-
1044 5269 1205 5342 accepisset,
1217 5276 1312 5325 nostra
1323 5269 1426 5324 monita
1441 5284 1549 5325 serrare
1568 5282 1625 5325 non
1643 5265 1756 5340 spernit.
1771 5268 1848 5323 liaris

195 5363 263 5405 nem
276 5353 456 5424 consequaris
468 5363 496 5411 et
509 5355 716 5431 indulgentiam.
732 5361 814 5419 Dodo
825 5364 991 5425 excellentiss
1078 5371 1189 5436 propter
1197 5361 1373 5419 moerentiam
1382 5362 1519 5420 cathedra
1526 5356 1615 5434 noys
1625 5359 1766 5417 Dominus
1774 5370 1849 5431 pru·

195 5448 251 5497 nire
259 5445 426 5503 consulimus
441 5455 481 5516 ut,
495 5448 519 5506 sl
533 5449 562 5507 in
572 5449 625 5509 bac
638 5468 668 5510 re
682 5463 709 5510 te
720 5455 883 5528 culpabilem
893 5458 989 5530 sends,
1044 5456 1115 5529 cepit
1128 5456 1259 5529 apostolis
1271 5464 1303 5512 ut
1311 5471 1482 5531 quaecurmuc
1493 5455 1594 5513 scriba
1606 5462 1634 5512 st
1645 5452 1778 5511 Pharisaei
1795 5466 1850 5509 ns-

76 5594 79 5599 ,
194 5533 274 5591 celeri
299 5536 474 5598 confessione
496 5542 532 5599 ad
558 5546 704 5604 consilium
727 5548 847 5622 religiosi
875 5551 990 5625 elianus
1042 5540 1852 5623 pereamsedentesdicerentobservarennnon‹lobiensest¹

194 5627 312 5703 episcopi
333 5631 434 5702 venias,
449 5634 496 5707 qui
516 5650 582 5695 cum
602 5648 699 5697 nostra
713 5639 819 5700 licentia
838 5658 990 5718 congruam
1042 5644 1108 5718 quin
1120 5638 1269 5715 apostolica
1281 5643 1473 5718 etesangelica
1483 5643 1623 5710 doctrina,
1637 5636 1861 5713 enjussedesst·

71 5736 73 5741 Ι
214 5783 301 5883 Ι(884)
315 5780 391 5840 dccet
404 5756 651 5865 et'apostsbened.
