3870 6164
482 306 625 380 eramo.
646 324 690 380 ιιι.
709 352 745 368 -
761 324 972 386 ιιοιιιιιιιιιιιι
990 329 1221 388 ausculanus.
1608 335 1677 391 roro

116 451 344 502 nemeanctorum
355 444 482 517 Petrum,
492 448 648 522 apostolice
658 450 828 509 auctoritatis
842 456 869 523 Α
882 453 942 510 dem
958 455 1107 527 iudicabit.
1131 459 1221 529 Neque
1242 457 1313 513 enim
1333 456 1368 512 ab
1390 455 1523 528 Aupucto,
1544 475 1630 530 oeque
1642 460 1678 516 ab

116 537 333 597 cerniciosissime
345 539 477 598 efficiunt.
489 543 540 599 Sed
550 543 578 599 in
588 542 745 601 baccorum
761 560 828 616 prae·
879 551 954 604 omni
966 550 1045 616 clero,
1064 567 1149 624 neque
1172 568 1191 607 a
1213 552 1331 624 regibus,
1345 568 1430 623 usque
1443 567 1462 607 c
1476 553 1576 625 populo
1586 553 1676 624 sadec

116 632 189 689 tione
211 649 262 690 uec
297 634 349 706 ipsi
377 645 521 708 peccarent
544 653 595 695 nec
618 639 687 695 alios
715 654 827 712 peecare
874 642 1055 713 judicabitur.

116 734 162 795 int,
183 726 206 783 si
230 727 378 801 cujuslibet
404 730 507 802 praelati
526 731 556 789 in
573 732 694 790 Ecclesia
713 732 827 804 privile·
915 738 1016 794 Beatus
1032 746 1125 795 autem
1148 747 1244 796 noster
1266 737 1416 813 Gregorius
1439 754 1519 813 papa,
1545 740 1675 797 canonice

127 835 188 877 non
200 818 261 876 dico
276 821 398 879 Romani
409 823 555 896 pontilicis,
574 825 724 898 primatum
738 835 826 883 atten-
880 829 995 901 quidem
1009 831 1161 901 ordinatus,
1179 840 1210 890 ut
1223 841 1316 889 sancta
1330 833 1590 916 Ecclesiaxltomana
1608 833 1676 892 ilde·

116 921 134 970 t
161 916 212 971 Est
236 915 312 972 enim
333 918 459 988 generale
484 917 654 992 privilegium
671 918 831 994 bnjnsmodi
880 922 988 980 lissima
1006 931 1130 994 testatur,
1148 925 1183 982 ab
1199 925 1327 983 omnibus
1345 925 1487 984 catholicis
1506 927 1588 1000 juder
1611 926 1677 985 uni·

116 1015 216 1087 torum,
227 1009 305 1082 juxta
315 1009 520 1069 institutionem
529 1021 688 1071 unctorum
700 1016 826 1085 Petrum,
881 1016 993 1074 versalia
1010 1018 1136 1076 Ecclesiae
1163 1024 1191 1075 ct
1209 1035 1258 1092 pro
1278 1022 1406 1077 Romano
1420 1020 1547 1093 pontidce
1568 1037 1678 1094 semper

116 1101 195 1160 diros
212 1102 347 1177 judicent,
369 1120 421 1163 nec
441 1105 541 1164 subditi
557 1123 653 1164 eorum
664 1106 776 1180 judiciis
789 1116 828 1166 te
880 1109 1041 1179 hebebatur,
1056 1111 1132 1185 quod
1152 1120 1181 1169 et
1194 1112 1246 1187 ipsi
1263 1112 1323 1186 ejus
1341 1113 1573 1170 excommunicati
1593 1114 1627 1171 de
1644 1130 1678 1172 eo

124 1197 267 1264 resultent,
289 1198 390 1271 quibus
405 1199 506 1273 absque
520 1200 597 1257 omni
611 1201 827 1260 contradictione
876 1202 1079 1277 judicavcnmt,
1091 1221 1156 1263 cum
1168 1206 1203 1264 ad
1215 1206 1273 1280 ejus
1291 1205 1541 1264 reconciliationem
1554 1222 1679 1280 sepenu-

116 1289 183 1348 dum
206 1307 328 1348 canones
349 1293 461 1350 obedire
485 1294 595 1351 debent.
622 1295 758 1368 Scriptum
785 1305 827 1353 cst
880 1314 959 1357 mero
978 1301 1154 1372 recurrerint,
1178 1299 1241 1358 licet
1267 1300 1303 1358 ad
1317 1301 1452 1358 vomitum
1476 1316 1558 1358 auum
1584 1309 1678 1373 postea

121 1386 203 1444 :Non
218 1391 258 1442 est
273 1386 422 1458 discipulus
439 1403 523 1461 supra
536 1391 697 1459 moqistrum
716 1391 826 1459 (Mani.
880 1393 970 1449 redire
980 1409 1037 1451 non
1050 1392 1204 1451 timuerint.
1217 1396 1367 1468 Nunquam
1377 1410 1443 1452 sane
1455 1394 1567 1468 aliquod
1574 1392 1678 1451 crimen

116 1488 140 1535 t:
155 1481 209 1549 Qui
219 1481 322 1537 resistit
333 1484 472 1552 potestati,
484 1485 536 1539 lici
545 1484 709 1540 commas·
722 1487 827 1541 roseto
880 1486 907 1543 in
929 1487 1035 1545 illo⁸rcl
1049 1489 1084 1546 ab
1107 1487 1226 1546 inimicis
1239 1489 1381 1547 inventum
1401 1496 1443 1546 est
1456 1488 1498 1545 vel
1519 1487 1678 1560 probatum,

133 1578 179 1642 ιι).
195 1576 231 1630 Et
250 1577 273 1630 si
291 1573 345 1631 boc
359 1575 477 1648 apostoli
501 1576 535 1633 de
553 1578 678 1634 scemari
692 1586 826 1651 potestate
880 1580 956 1655 quod
968 1590 1125 1656 smmptum
1140 1581 1192 1639 sibi
1211 1582 1337 1640 illicitum
1357 1581 1460 1641 iaceret
1474 1580 1607 1639 officium.
1624 1580 1679 1639 Sed

116 1675 167 1736 snt,
182 1667 251 1740 quid
275 1683 326 1725 nos
345 1669 398 1726 sub
413 1669 598 1728 ecclesiastica
619 1680 754 1745 potestate
777 1672 826 1730 dc·
880 1675 902 1732 si
925 1674 1002 1748 quod
1025 1677 1079 1734 tale
1101 1677 1205 1734 crimen
1227 1675 1393 1744 admisisset,
1417 1676 1543 1750 nunquid
1564 1676 1677 1733 tandem

116 1775 217 1834 regere
230 1760 375 1833 debemus,
392 1762 439 1818 ubi
457 1762 641 1821 inobedientia
663 1781 712 1838 pro
726 1765 824 1823 ariola-
880 1769 1028 1842 inauditus,
1059 1787 1116 1828 non
1147 1770 1289 1829 conlassus
1307 1787 1357 1828 nec
1380 1771 1522 1828 convictus
1546 1770 1677 1828 canonica

126 1863 155 1912 ct
173 1853 331 1912 idololatria
345 1863 487 1930 reputatur
504 1861 529 1925 (Ι
541 1862 604 1930 Req.
620 1865 662 1928 ιι)
680 1864 693 1917 i
709 1860 738 1915 Si
760 1875 826 1932 ergo
843 1832 867 1895 Β
881 1863 1004 1921 damnari
1018 1873 1122 1938 posset,
1137 1865 1245 1924 etiamsi
1259 1864 1374 1923 ultimus
1385 1862 1558 1923 ecclesiastici
1573 1863 1678 1922 ordinis

116 1946 189 2007 liena
208 1948 397 2007 ecclesiastice
428 1952 566 2024 potestati,
597 1951 700 2010 scilicet
726 1952 827 2012 divinae
881 1957 1677 2033 exstitissetrrlunqutdytNonne]enimlegtumecfficium

116 2042 266 2115 itioni,pro
278 2044 421 2101 idololatra
431 2045 530 2102 merito
540 2046 699 2119 deputatur,
713 2047 780 2120 quid
790 2047 824 2104 de
877 2061 1209 2126 suumexcrceret,usque
1224 2053 1290 2110 dum
1296 2052 1608 2124 canonicejudiratusab
1619 2050 1679 2109 olli·
1786 2092 1793 2106 ,

116 2137 312 2197 ιιιιιιιάιιιιιιιι
325 2138 374 2213 qui
388 2139 515 2197 eamdem
533 2148 697 2213 potestatem
715 2141 825 2214 penitus
877 2144 920 2203 cio
933 2160 1039 2203 cessare
1049 2145 1209 2218 juberetur?
1221 2149 1257 2202 Et
1271 2147 1324 2203 boc
1335 2144 1430 2219 utique
1441 2145 1681 2202 Dominusnoster

116 2247 160 2290 ere
179 2236 311 2289 conaturi
329 2224 436 2292 Videat
450 2242 542 2292 autem
559 2235 674 2308 quilibet
695 2237 825 2308 praelatus
878 2239 1029 2312 Gregorius
1042 2255 1111 2313 papa
1133 2254 1305 2313 nequaquam
1330 2238 1438 2306 abnuit,
1453 2238 1518 2311 quin
1536 2252 1614 2294 more
1632 2254 1681 2294 cu-

126 2326 181 2385 sibi
195 2329 376 2386 reverentiam
401 2346 417 2387 a
431 2330 549 2388 subditis
564 2331 667 2405 exigat,
690 2347 741 2388 nec
762 2347 825 2389 eam
874 2333 987 2407 juslibct
1005 2333 1097 2390 clerici
1112 2332 1245 2389 duntaxat
1258 2332 1392 2389 canonice
1405 2331 1559 2389 audiretur.
1576 2335 1611 2388 Et
1624 2330 1680 2387 boc

116 2437 158 2479 uso
181 2422 304 2495 pontiflci
318 2424 454 2496 denegare
472 2424 546 2494 velit,
565 2441 581 2481 a
602 2441 658 2498 quo
672 2425 764 2482 omnis
779 2441 824 2483 ec·
878 2427 1018 2500 privilegio
1029 2425 1151 2484 Romani
1163 2426 1301 2500 pontidcis
1319 2425 1506 2499 incongmum
1524 2441 1585 2484 esse
1605 2424 1680 2484 ride·

116 2516 177 2573 rica
200 2524 321 2588 potestas
350 2518 484 2590 procedit.
504 2518 635 2592 Nunquid
658 2519 733 2576 enim
747 2535 825 2576 suam
878 2531 967 2589 retum
981 2518 1125 2576 adversarii
1139 2527 1232 2576 autem
1245 2518 1303 2591 ejus
1312 2535 1363 2577 nec
1377 2519 1430 2576 boc
1443 2533 1563 2592 unquam
1577 2534 1680 2577 couca-

116 2618 192 2667 atcm
204 2610 298 2667 statim
313 2610 417 2668 irritam
432 2609 491 2669 iore
500 2612 646 2686 judicabit,
662 2614 684 2669 si
701 2613 748 2685 qui
762 2621 823 2670 tan·
879 2612 945 2670 dere
962 2612 1115 2669 votuerunt.
1131 2613 1203 2668 llam
1223 2611 1251 2667 in
1270 2612 1321 2668 tali
1334 2613 1537 2670 examinatione
1553 2620 1581 2669 et
1601 2613 1680 2670 illum

116 2704 273 2778 {subjectis
286 2704 748 2780 ejusitajudicaverintillunquid
768 2714 825 2764 sta·
879 2704 1098 2778 expurgandum,
1122 2712 1150 2761 et
1176 2720 1207 2761 se
1229 2705 1425 2762 contumeliose
1450 2705 1680 2775 [contumeliosae]

116 2812 172 2855 ram
187 2799 375 2872 praelationem
389 2799 448 2872 ipse
462 2800 649 2874 denegabit‚si
664 2800 777 2873 quidam
792 2815 826 2857 ex
879 2799 1078 2858 criminationis
1098 2797 1280 2870 inculpandos
1299 2797 1367 2869 {iore
1390 2813 1448 2854 non
1475 2798 1678 2855 dubitaverunt.

116 2890 191 2948 ribus
205 2908 328 2965 cumpro
339 2896 451 2966 praelato
466 2894 566 2951 babere
579 2894 739 2952 noluerint?
750 2894 826 2950 Nun·
879 2897 953 2966 Ergo
973 2893 1138 2950 seutentiam
1153 2890 1309 2964 apostolicae
1329 2890 1500 2967 incantatis
1516 2892 1545 2946 in
1568 2893 1675 2962 apertis-

116 3001 189 3044 mam
203 2986 366 3044 canonicam
379 2988 697 3045 excommunicationem
716 2988 745 3045 in
759 2989 826 3045 sub·
880 2987 965 3044 simos
978 2994 1156 3043 contumaces
1175 2984 1210 3041 ab
1228 2999 1262 3041 eo
1284 2982 1478 3058 depromptam
1498 2985 1588 3041 nullus
1601 2984 1680 3041 Cbri-

116 3079 217 3136 lrritam
231 3079 420 3149 arbitrabitur,
435 3081 459 3137 si
471 3081 582 3155 quidam
595 3091 705 3140 tantum
718 3098 828 3141 eorum·
880 3081 987 3138 stianus
1001 3080 1109 3137 irritam
1119 3078 1263 3153 judicabit,
1278 3078 1323 3151 qui
1346 3078 1482 3135 canonicis
1494 3077 1682 3135 sanctionibus

116 3172 280 3232 ubditomm
295 3174 349 3232 hoc
358 3192 478 3233 asserere
492 3184 637 3242 conantur,
651 3176 697 3251 qui
714 3184 825 3235 tautum
840 3199 864 3264 c
879 3182 1036 3232 sanctorum
1050 3178 1162 3232 Patrnm
1175 3172 1361 3229 corruadicere
1378 3171 1505 3229 noluerit.
1531 3171 1585 3243 lpsi
1608 3172 1682 3228 enim

116 3271 143 3339 n]
159 3276 275 3326 eotenus
291 3269 326 3339 ei,
341 3278 373 3326 ut
387 3270 509 3344 legitimo
523 3272 637 3343 pastori,
651 3271 825 3342 obedierunt,
879 3278 908 3327 et
920 3267 1093 3326 temerariam
1118 3266 1266 3340 cujuslibet
1280 3264 1418 3323 interioris
1439 3266 1561 3339 episcopi
1582 3264 1683 3323 dunta-

116 3363 229 3419 stentias
241 3363 301 3436 ejus
323 3364 352 3419 in
378 3364 447 3421 alios
466 3373 541 3421 ratas
558 3380 617 3421 esse
637 3369 826 3424 censuerunt?
880 3371 926 3420 rat
943 3361 1069 3420 catholici
1092 3360 1420 3428 excommunicationem,
1439 3375 1526 3432 usque
1540 3355 1574 3415 ad
1597 3375 1682 3417 cano·

116 3453 159 3513 uid
167 3456 331 3514 sententiam
342 3473 424 3515 suam
435 3456 542 3532 judicio
555 3456 730 3517 subditorum
740 3469 827 3516 retra·
880 3459 972 3515 nicam
984 3454 1216 3513 examinationem
1234 3460 1323 3510 mtam
1336 3469 1395 3510 esse
1415 3460 1591 3523 censuerunt,
1604 3462 1637 3511 ut
1651 3454 1681 3511 in

128 3548 234 3607 ιιιᾱιιιιι
257 3550 364 3623 penitus
388 3551 520 3609 annullari
542 3567 666 3625 unquam
690 3552 827 3624 patietur?
880 3548 1031 3609 Sardicensi
1049 3547 1166 3605 concilio
1180 3564 1204 3604 c.
1221 3555 1253 3604 17
1267 3547 1374 3622 legitur.

116 3643 195 3700 elane.
210 3645 282 3719 Ergo
295 3646 487 3713 reverentiam,
508 3662 590 3719 quam
605 3645 664 3719 ipse
678 3634 827 3704 a'snbditis
916 3646 974 3702 Nec
988 3642 1061 3701 illam
1076 3641 1390 3699 excommunicationem
1403 3648 1499 3697 nomer
1511 3640 1680 3714 apostolicus

116 3735 355 3810 lbierigit,etiam
368 3739 418 3811 ipsi
434 3740 619 3811 praelatosuo,
630 3740 711 3814 juxta
724 3748 827 3797 statuta
881 3734 1270 3812 privatimdeprompsitmed,
1279 3733 1511 3808 generalisynodo
1521 3734 1679 3807 presidens,
1758 3722 1767 3739 '

116 3846 189 3888 erum
200 3833 321 3898 Petrum,
337 3832 483 3907 rependat,
501 3842 530 3891 et
548 3834 684 3907 praecipue
699 3833 827 3908 episcopo
881 3830 1027 3890 universali
1048 3826 1152 3901 judicio
1174 3829 1306 3887 sceleste
1323 3829 1370 3901 jus
1396 3826 1497 3902 ligandi
1520 3836 1605 3903 atque
1624 3830 1682 3886 sol-

116 3925 276 3998 apostolicai.
881 3924 971 3995 rendi,
984 3924 1013 3982 in
1025 3939 1140 3999 persona
1152 3924 1224 3981 Petri
1241 3928 1394 3996 acceptum,
1407 3937 1517 3995 semper
1531 3922 1681 3980 obtineres

116 4016 266 4093 ius'ntique
287 4021 453 4078 sententiam
471 4023 557 4079 macti
575 4024 672 4080 Patres
691 4038 828 4095 nusquam
880 4020 957 4078 nullo
976 4018 1050 4076 ddali
1063 4017 1216 4086 dubitatur,
1240 4025 1272 4074 ut
1292 4016 1455 4074 sanctissimi
1477 4025 1558 4091 atque
1580 4015 1680 4074 tidelis·

116 4112 183 4176 tari.
197 4112 300 4170 nedum
314 4114 463 4183 adnullari,
479 4116 513 4173 ab
528 4116 622 4188 aliquo
633 4116 825 4188 permiserunt.
881 4113 943 4172 simi
956 4115 1052 4170 Patres
1079 4110 1177 4182 nostri,
1200 4110 1359 4184 Cyprianus,
1387 4111 1568 4184 depredans,
1601 4118 1682 4184 atque

116 4207 209 4264 beatus
221 4208 351 4266 Nicotaus
365 4224 434 4282 papa
449 4210 565 4282 primus,
581 4208 711 4266 omnibus
725 4209 828 4282 episco
881 4211 937 4266 Leo
958 4208 1076 4280 Magnam
1092 4207 1119 4262 in
1141 4205 1250 4278 scriptis
1271 4205 1326 4262 suis
1341 4203 1502 4262 docuemnt.
1519 4203 1683 4276 Quicunque

116 4300 208 4358 ribens
222 4306 319 4372 (968);
339 4306 457 4369 Nemini,
478 4304 579 4378 inquit,
604 4305 710 4361 licitum
733 4309 773 4361 est
795 4304 828 4360 de
881 4316 946 4375 crgo
963 4301 1023 4374 elus
1034 4298 1134 4372 iudicio
1150 4299 1178 4354 in
1204 4306 1277 4354 terra
1293 4297 1368 4371 ligati
1386 4306 1461 4368 sunt,
1482 4297 1533 4369 ipsi
1547 4297 1684 4354 nibilomi-

116 4395 266 4467 npostolicc
279 4396 383 4468 judicio
401 4397 536 4469 judicare,
552 4403 601 4455 cut
614 4400 694 4455 illius
716 4404 826 4456 senten·
881 4410 933 4452 nus
949 4401 978 4451 et
990 4393 1019 4450 in
1043 4393 1115 4450 eoelo
1137 4391 1209 4465 ligati
1236 4390 1421 4448 indubitanter
1434 4390 1592 4447 creduntur.
1609 4390 1682 4461 Qua·

116 4492 828 4566 etractarepermassum,videlicetpropteritomanae
883 4496 1006 4563 propter,
1027 4487 1105 4545 omni
1124 4485 1275 4560 postposita
1290 4483 1517 4554 contradictione,
1538 4483 1600 4539 illos
1613 4498 1682 4555 quos

116 4581 159 4640 siae
169 4569 328 4654 primatum.
840 4562 867 4625 Ῑ)
882 4583 1017 4641 Dominus
1034 4588 1129 4639 noster
1148 4579 1297 4653 Gregorius
1312 4594 1382 4652 papa
1397 4576 1502 4650 judicic
1521 4575 1683 4634 universalis

116 4675 237 4734 nbeatus
248 4677 417 4736 Gelasiusad
426 4679 569 4753 episcopos
582 4680 729 4738 Dardania
737 4686 826 4749 (tumr
880 4675 981 4752 synodi
1005 4673 1263 4744 excommunicarit,
1291 4679 1320 4728 et
1348 4688 1401 4729 nos
1428 4670 1681 4729 excommunicatos

116 4787 140 4833 a,
152 4770 304 4844 inquit,per
311 4773 443 4829 mundum
451 4776 662 4839 aocitEcclesao,
674 4775 829 4844 (970)quod
882 4786 941 4828 esse
962 4769 1109 4838 oredimus,
1131 4784 1167 4824 ne
1183 4767 1251 4840 ipsis
1271 4767 1518 4824 excommunicatis
1535 4765 1680 4824 damnabi-

117 4869 199 4921 ιιοιι
215 4868 336 4923 marono
356 4868 474 4924 Ecclesia
492 4870 672 4940 quorumlibet
693 4870 826 4940 cpiscopo-
881 4865 962 4922 liores
974 4863 1073 4947 meritc
1082 4862 1246 4935 judicemur,
1268 4861 1326 4933 qui,
1343 4860 1393 4918 etsi
1405 4860 1527 4934 qualibet
1539 4861 1681 4918 occasione

116 4963 284 5032 [pmcpossit
298 4961 442 5031 absolvere,
457 4968 483 5019 et
496 4964 529 5019 de
558 4966 634 5019 omui
650 4963 768 5020 Eccbsie
782 4964 828 5031 tos
881 4956 1154 5016 excommunicationi
1179 4954 1347 5028 subjaceant,
1379 4969 1434 5011 non
1462 4963 1555 5012 umen
1576 4964 1681 5011 temera

116 5058 125 5109 t
133 5053 270 5126 judicare,
284 5072 368 5127 aeque
375 5058 501 5128 cuiquam
511 5057 545 5113 de
555 5058 613 5129 qus
624 5057 829 5129 liccoty'udicore
880 5051 1029 5129 ligamenta
1044 5049 1170 5108 emissae
1182 5049 1325 5124 denegant.
1341 5051 1414 5106 llam
1429 5050 1522 5122 procul
1536 5049 1621 5106 dubio
1635 5063 1682 5105 ne—

116 5163 140 5203 t·
881 5146 990 5205 sandius
1004 5161 1064 5204 csse
1081 5145 1230 5217 deputatur
1246 5143 1396 5216 quemlibet
1409 5143 1498 5216 ipsam
1518 5141 1681 5201 ecclesiasti·

116 5249 257 5299 nsanctus
271 5243 408 5317 sylvester
420 5257 490 5317 papa
505 5242 771 5319 universalissynodi
781 5244 828 5318 ju·
881 5258 945 5299 cam
961 5246 1122 5316 potestatem
1137 5237 1238 5312 ligandi
1251 5246 1334 5311 atque
1348 5236 1472 5295 solvendi
1489 5253 1545 5293 non
1558 5235 1679 5303 credere,

117 5338 189 5409 (cop.
204 5341 251 5407 tu)
263 5335 386 5396 decrevit
406 5357 413 5396 :
433 5338 525 5405 uene,
540 5337 639 5412 inquit,
655 5341 776 5412 primam
788 5354 829 5398 se·
881 5351 975 5410 quam,
988 5334 1063 5394 salva
1076 5332 1141 5403 ilde,
1157 5330 1345 5390 ecclesiasticis
1357 5330 1468 5391 statutis
1480 5344 1537 5388 non
1550 5328 1680 5398 obedire,

116 5539 372 5687 {inimiciciis
380 5549 528 5689 iiiiii·
549 5545 672 5690 llll·
686 5546 746 5676 nii
748 5566 756 5605 ¹
767 5545 828 5692 ἓξὲξ
883 5545 1145 5682 Riiiiaeo'uoaa
1163 5609 1490 5695 ammiracione
1506 5607 1593 5677 scau
1610 5623 1682 5679 aa·

116 5695 171 5743 tum
184 5694 237 5753 est,
253 5703 308 5743 uon
328 5688 553 5762 exstat31aliqnid
565 5700 658 5747 tamen
672 5691 763 5748 simile
782 5691 830 5747 lsa-
882 5689 994 5758 tticum.
1008 5684 1082 5741 redu
1092 5685 1123 5740 li.
1136 5684 1210 5739 iletre
1219 5682 1387 5765 apostolique
1402 5678 1503 5735 babeat
1516 5680 1684 5767 resoloendi,

120 5757 447 5831 eplmradllicbeelem
456 5761 523 5834 imp.
880 5764 972 5830 utpote
988 5755 1215 5839 quartusomne
1237 5751 1416 5834 detestas&
1430 5750 1689 5821 mitum*
1806 5784 1810 5803 ¹

116 5834 142 5894 ll
157 5833 188 5887 lt.
205 5829 331 5889 Galerius
347 5832 368 5888 b
384 5834 428 5890 De
443 5832 495 5890 boe
514 5832 574 5889 ride
593 5838 624 5901 s,
643 5849 670 5909 q.
686 5839 713 5904 t,
730 5851 755 5891 c.
778 5839 827 5892 toa
880 5838 1048 5903 accusate,
1060 5843 1100 5887 sic
1113 5833 1199 5885 bom.
1211 5825 1304 5885 educ.

116 5904 157 5970 tt,
178 5900 287 5960 (ἔνιαι.
321 5906 372 5961 Est
400 5902 521 5978 alioquin
551 5902 629 5977 epist
657 5920 677 5962 x
701 5904 829 5963 οᾱιιίοιιιι
