3884 6158
145 284 192 341 itt
763 276 791 330 S.
812 272 1004 330 concentus
1023 274 1067 329 l'll
1088 275 1187 329 Para.
1645 288 1648 311 ι
1743 277 1795 329 212

146 421 248 478 sirm
266 405 411 460 elocutionis
433 399 549 473 ppeietoi
563 399 696 471 accepisse
717 415 770 455 uon
793 399 945 462 dubitatur,
961 402 987 466 Α
1001 399 1238 471 mnscopisiapuli,
1249 399 1442 469 missisapapa
1453 398 1795 477 creporioepr'stolisgporr·

146 501 266 572 smiultus
288 498 394 554 Salerni
413 498 443 549 iii
466 492 575 549 ardena
593 494 689 550 Sancti
705 494 840 561 Matthaei,
862 508 944 564 quam
998 495 1098 548 moniti
1105 495 1269 561 sunt,etiam
1276 494 1461 563 obsecratipio
1471 492 1637 547 obsermnda
1646 495 1675 548 S.
1686 496 1762 548 Petro
1772 497 1797 546 et

148 599 205 666 ipse
219 593 308 648 eodem
319 605 389 645 anna
413 589 557 645 dedicavit.
573 588 625 646 Sed
646 589 789 645 Guibertus
808 588 945 642 heresium
997 587 1797 658 ejiisvicarioobodientia,iiibariniti'quoquestsubobtentu

148 686 338 752 cha2multum
363 682 396 737 aie
414 682 489 737 obitu
507 683 565 752 eiius
589 683 745 745 laetabatur,
767 683 828 737 licet
844 696 944 752 parurn
998 686 1042 738 sui
1051 683 1136 752 officii
1146 685 1210 738 sunt
1223 684 1329 736 astricti
1342 698 1374 736 rie
1389 683 1447 749 repi'
1459 682 1688 736 anathematicis
1700 685 1725 735 et
1739 680 1797 750 ejiis

145 780 335 850 prosperitatis
342 791 398 832 sua
405 778 483 847 parti
494 778 523 830 in
541 791 569 831 eo
589 776 748 831 lucraretur.
769 776 840 832 Nam
853 789 944 831 omnes
998 776 1798 842 consiliamisriomi'natiseamriruniaarent.Hacnorum,si'i·e

148 872 271 928 aithalici
280 877 342 942 post
361 874 473 926 mern
490 869 595 924 domini
616 870 759 940 apostolici
782 883 835 924 non
855 872 944 925 minus
999 872 1128 925 rarumin
1136 868 1489 939 regemnnuthema,iitrum
1499 884 1532 923 eae
1539 869 1692 924 venditione
1699 870 1798 939 episco-

146 964 411 1038 caementarium
425 963 609 1019 heresiarcha
625 965 793 1026 restiterunt,
805 965 945 1034 ipsumque
996 966 1138 1034 piorumet
1147 962 1333 1025 abbatiarum,
1343 977 1379 1017 aa
1388 978 1421 1017 eo
1431 963 1718 1030 aliaiutami'acausas
1727 976 1798 1017 siim·

146 1059 180 1115 do
191 1062 276 1116 Rama
284 1061 441 1115 Ravennam
450 1057 580 1128 repedare
599 1058 792 1127 compulerunt.
995 1058 1168 1130 pseritpenes
1175 1071 1266 1111 cariem
1274 1058 1387 1112 corneim
1394 1057 1439 1110 sui
1447 1060 1472 1110 et
1476 1056 1592 1126 judiees.
1603 1056 1686 1112 Nobis
1693 1059 1798 1110 suiten·

180 1153 265 1209 xlx.
275 1149 443 1216 Bernartius,
458 1150 580 1222 primum
592 1148 846 1215 constantiensium
865 1147 946 1205 selio-
999 1149 1800 1223 tiapastoristimendaest,sivejiisto,si'vei'aiusta.Prodi·

146 1246 236 1302 larum
259 1244 397 1316 maniter,
422 1251 515 1316 postea
542 1243 696 1300 monachus
717 1241 887 1300 corbeiensis
915 1241 945 1298 in
999 1251 1057 1301 atus
1070 1247 1207 1315 enimpioe
1224 1243 1714 1314 mentorimpapacreporius,ve1ut
1727 1244 1798 1297 ulter

146 1338 338 1410 Saxonia‚pro
351 1337 484 1410 Gregorio
510 1339 562 1394 vll
583 1335 738 1410 apologiam
765 1330 893 1408 scripsit,
908 1335 943 1393 de
998 1341 1085 1408 Elias,
1104 1340 1204 1411 spiritu
1217 1339 1383 1409 betolenus,
1399 1337 1618 1407 etzelojiistitia
1632 1341 1656 1391 et
1670 1339 1798 1392 ueritatis

146 1446 202 1505 quo
218 1430 366 1488 bertaldus
386 1431 606 1488 constantiensis
620 1430 650 1486 in
681 1429 816 1487 Chronico
839 1428 874 1487 ad
895 1445 944 1486 an·
997 1449 1133 1501 areerisrn,
1147 1432 1294 1488 sacerdotes
1317 1429 1403 1495 baal,
1426 1447 1481 1486 non
1499 1431 1729 1501 quadriennalis,
1750 1430 1798 1486 sed

145 1540 213 1581 num
232 1529 301 1580 1088
324 1544 331 1580 ι
356 1526 510 1581 uenimus
543 1526 787 1582 constantiensium
820 1526 946 1594 magiter
999 1530 1106 1599 infinita
1120 1527 1209 1582 miliia
1218 1525 1411 1592 trucidaverat,
1426 1525 1504 1594 quui,
1519 1524 1561 1579 vel
1574 1538 1618 1579 eos
1629 1525 1679 1594 qui
1687 1539 1737 1595 per
1749 1525 1797 1579 Si·

145 1618 314 1682 scholarum,
329 1620 372 1673 cir
385 1618 596 1683 eruditissimus,
613 1621 643 1675 in
662 1634 745 1674 caasa
766 1620 795 1676 S.
811 1617 947 1689 Parisii·-
999 1624 1115 1678 merirum
1138 1621 1315 1691 episcopatus,
1339 1619 1471 1681 riblrati'as,
1493 1620 1700 1689 proposituras,
1723 1633 1798 1689 pro-

143 1712 324 1784 vectissimus,
341 1715 371 1766 iri
396 1712 516 1769 Souania
536 1713 584 1768 sub
604 1715 755 1769 marostica
781 1714 948 1784 professione
1002 1716 1100 1771 betisias
1123 1716 1165 1769 rei
1188 1714 1310 1769 ecclesias
1328 1714 1514 1775 obtinuerant,
1537 1712 1587 1778 vet,
1603 1714 1654 1782 qui
1672 1713 1702 1766 in
1714 1724 1802 1767 sacen·

143 1807 273 1876 interavit
286 1806 323 1861 ad
333 1807 486 1862 [homnium.
956 1817 980 1880 Β
995 1810 1068 1865 datio
1081 1814 1130 1864 ant
1150 1809 1295 1863 diaconatu
1308 1823 1404 1862 imeres
1424 1807 1586 1875 habuerant,
1600 1805 1654 1874 vel,
1666 1808 1716 1876 qui
1727 1822 1744 1860 a
1757 1806 1799 1862 Si·

178 1898 944 1968 Decedem‚edennum1091‚idemBertoidus:lier··
998 1905 1125 1958 moniucis
1143 1903 1185 1956 vei
1206 1902 1383 1956 schismaticis
1408 1901 1531 1955 ordinati
1556 1902 1680 1967 fumant,
1706 1898 1797 1969 plodio

144 1994 247 2050 nardus
260 2009 365 2065 qnoque
383 1995 630 2051 constantiensium
641 1995 793 2050 scholaram
804 1997 944 2065 magister,
997 1999 1073 2054 Petri
1085 2013 1174 2052 omues
1188 1997 1271 2051 simul
1285 1999 1467 2050 trituraverat.
1488 1994 1603 2049 Proinde
1617 1995 1735 2049 istorum
1753 1995 1798 2047 iri-

144 2089 229 2143 multa
243 2088 319 2144 nabis
336 2090 383 2143 sui'
396 2090 501 2158 inpertit
514 2093 685 2144 monimenta
702 2089 825 2159 reliquit,
846 2088 946 2143 rniilta·
997 2093 1109 2158 stinctu,
1127 2091 1258 2144 Hernicus
1276 2091 1423 2158 impieretur
1437 2088 1598 2145 iiiiibertum
1619 2089 1798 2141 capacitatem

144 2197 256 2254 qiupro
269 2182 408 2238 catholicis
433 2187 526 2237 eontra
549 2184 729 2238 schismaticos
755 2185 800 2237 siit
819 2184 945 2253 ternporis
998 2184 1216 2246 heresiarchen,
1230 2181 1695 2252 eupulsoprasatopopaGregorio,
1708 2184 1798 2237 homa

143 2276 338 2345 elegantissime
350 2277 468 2347 scripsit,
479 2280 505 2333 et
513 2277 636 2347 primurn
646 2277 755 2346 quidem
769 2277 807 2331 od
816 2276 944 2347 quosdam
998 2277 1203 2332 inthronizavit.
1231 2275 1341 2331 Videres
1360 2288 1430 2329 nvnc
1448 2275 1605 2328 naviculam
1621 2273 1692 2327 beati
1712 2273 1796 2340 Petri,

142 2385 202 2425 suos
227 2370 335 2434 rimiaos,
360 2368 393 2425 de
410 2370 517 2441 judio-io
532 2371 658 2440 Gregorii
678 2386 759 2442 papie
784 2372 837 2426 Vll
864 2385 945 2440 super
997 2373 1081 2440 puisi
1099 2371 1246 2426 dormioite
1260 2368 1371 2423 interim
1392 2370 1453 2422 iesu
1471 2366 1662 2438 pnupcnodum
1676 2368 1763 2435 mergi
1773 2370 1799 2421 et

143 2463 333 2527 schismaticis,
349 2467 376 2519 et
384 2463 418 2518 de
426 2466 604 2519 sacramentis
619 2468 698 2519 entra
710 2464 944 2520 Festinantem·-
998 2469 1182 2534 tempestatum
1191 2463 1311 2534 procella
1324 2464 1430 2524 venari,
1448 2462 1512 2516 dum
1525 2476 1615 2516 ornnes
1623 2462 1762 2515 amantem
1772 2465 1798 2515 et

141 2560 227 2628 potis.
237 2560 331 2613 Postea
345 2559 431 2612 etiarn
442 2557 480 2612 ad
491 2558 667 2613 venerabilem
680 2560 855 2625 iiartiinpum
868 2560 945 2625 blap·
996 2559 1076 2629 hetam
1097 2559 1170 2612 beato
1196 2561 1276 2612 Pet-ro
1296 2559 1324 2611 et
1343 2556 1401 2625 ejus
1419 2557 1518 2609 uicaria
1537 2558 1684 2621 servantes,
1704 2557 1755 2608 aut
1768 2554 1798 2608 in

143 2650 331 2719 ilebnrpensem
363 2653 517 2721 mmcopim
541 2650 573 2706 de
592 2651 684 2706 eadem
707 2666 793 2706 causa
813 2666 941 2719 riiapuum
995 2653 1084 2707 aridas
1098 2654 1189 2706 viortr's
1205 2651 1297 2705 dirum
1310 2651 1427 2717 tremens
1443 2664 1473 2702 aa
1487 2651 1592 2716 truoeiis
1606 2649 1693 2702 salum
1712 2646 1799 2703 trahe·

143 2743 242 2797 libmiin
261 2741 506 2800 lucmentissimum
520 2747 674 2815 composuit,
701 2759 735 2800 ea
746 2758 860 2815 porsena
876 2758 942 2799 siin·
998 2747 1051 2810 bat,
1064 2749 1113 2801 aut
1122 2749 1152 2800 in
1162 2745 1271 2814 launum
1281 2744 1417 2811 cnsilium,
1427 2744 1534 2812 patria,
1547 2742 1705 2809 horroribus,
1717 2740 1797 2796 rebus

141 2842 190 2893 cto
204 2838 345 2905 &clusini
358 2840 389 2894 in
404 2854 456 2910 pua
475 2840 635 2894 testimoniis
651 2843 806 2893 tariotarum
831 2840 943 2893 Petrum
996 2844 1115 2895 eetorres
1122 2839 1258 2909 jactabat.
1275 2840 1402 2908 Tempora
1413 2839 1541 2891 riiruirum
1556 2839 1620 2890 tune
1634 2835 1712 2890 valde
1723 2837 1798 2905 peri·

142 2947 231 2987 omnes
252 2933 398 2988 insidiosas
416 2933 600 2988 ciirtiiiationes
615 2932 766 2987 commitem
794 2932 944 2986 schismati-
996 2934 1089 2988 melosa
1106 2933 1256 2994 instabant,
1278 2947 1347 2998 cum,
1371 2935 1472 3000 proter
1485 2928 1591 2986 Christi
1609 2929 1740 2984 athletam
1753 2944 1797 2985 na

142 3040 233 3080 aornim
246 3026 395 3096 praedaretur·
416 3023 563 3080 uiiiiuiasse
586 3024 703 3079 videtur.
714 3024 776 3081 'sid
801 3026 832 3078 in
845 3025 944 3079 eisdmn
997 3032 1083 3081 strum
1101 3026 1241 3080 dominum
1262 3025 1446 3080 Gebehardum
1463 3024 1696 3093 archiepiscopum
1716 3023 1795 3079 Sciz-

143 3120 348 3190 scriptisnimio
369 3120 423 3172 zelo
438 3119 544 3185 ductas,
566 3117 668 3172 alicubi
679 3117 788 3172 modum
801 3120 944 3173 excessisse
999 3120 1163 3189 beroensem,
1183 3119 1359 3174 altmannum
1379 3119 1569 3184 Pataoiensem,
1590 3115 1796 3171 adalberonem

142 3217 270 3280 natatur,
281 3211 403 3266 uidelicet
422 3213 472 3266 nbi
483 3214 544 3282 agit
562 3212 596 3267 de
609 3214 785 3267 moramentis
799 3212 945 3267 schismati-
960 3185 983 3249 C
1002 3213 1244 3283 Wirzbiirgeasem,
1267 3214 1446 3268 ilermannum
1461 3213 1611 3278 liniensem,
1634 3210 1797 3279 blepinivar·

88 3320 100 3333 ·
146 3320 246 3360 omnim.
264 3306 350 3374 Nepet
365 3307 436 3360 euim
452 3307 559 3360 omnino
573 3304 606 3359 ab
622 3307 660 3360 eis
672 3310 697 3359 et
709 3306 744 3359 ab
767 3319 859 3360 ramim
876 3320 944 3359 rom-
996 3308 1061 3361 dum
1075 3308 1283 3375 Prisiripenseni,
1293 3309 1391 3376 proter
1415 3306 1461 3360 hoc
1473 3304 1541 3359 solos
1554 3305 1682 3375 quinario,
1699 3305 1727 3357 iri
1741 3307 1797 3358 tota

141 3399 353 3456 machinatoribus
362 3403 533 3455 sacramenta
540 3415 618 3471 passe
630 3401 732 3469 confici
745 3402 785 3454 ita
794 3404 825 3454 ut
837 3398 872 3454 ab
886 3399 942 3454 ntis
996 3416 1080 3470 repna
1093 3402 1232 3455 Teutonico
1245 3400 1380 3470 epiiscmus
1396 3398 1543 3453 catholicus
1557 3398 1674 3452 inveniri
1684 3411 1738 3451 nou
1751 3412 1798 3466 pa

142 3493 304 3558 ordinatas,
319 3494 529 3565 siresipiscaiit,
540 3495 638 3549 iterum
652 3493 816 3548 ordinandos
827 3495 940 3548 toneat.
996 3498 1076 3550 terat.
1092 3497 1133 3550 Ea
1145 3495 1233 3563 ipitui·
1251 3496 1407 3564 ternpestato
1420 3493 1471 3546 iste
1490 3495 1581 3546 noster
1594 3489 1730 3554 domiuus,
1745 3504 1796 3544 sa·

142 3588 272 3643 cainum
289 3589 315 3641 si
336 3589 401 3656 puis
423 3587 477 3652 hac
494 3587 602 3656 pionius
617 3600 693 3641 nosse
707 3586 854 3655 desiderat,
877 3588 942 3642 scri·
992 3590 1105 3660 palatus
1121 3587 1336 3659 archiepiscopus
1356 3585 1444 3655 fidelis
1467 3588 1596 3641 Romanae
1618 3584 1751 3649 Facieslo,
1771 3588 1798 3640 et

28 3728 32 3733 .
139 3684 218 3750 ptum
238 3679 380 3750 cujusdam
400 3679 437 3734 ad
457 3680 578 3735 eumdem
597 3680 777 3743 Manedum,
798 3681 831 3735 de
847 3680 941 3736 cadem
994 3683 1116 3737 veritatis
1130 3681 1266 3735 catholico
1285 3683 1474 3750 propupnator
1487 3678 1627 3744 emiriebat,
1644 3679 1702 3748 qui,
1722 3676 1797 3732 vetut

141 3774 286 3842 questoria
303 3772 446 3839 directum,
469 3772 678 3841 diiipentissime
689 3774 827 3843 perlepatr
840 3775 871 3828 iri
889 3789 941 3844 quo
995 3775 1066 3830 aiter
1080 3775 1249 3830 biachaboens
1264 3775 1344 3827 terim
1354 3769 1422 3844 fidei
1432 3786 1460 3826 se
1471 3772 1650 3837 sauciarunt,
1665 3775 1690 3824 et
1704 3768 1796 3838 piadib

141 3867 299 3920 testimoniis
317 3869 469 3921 sanctorum
490 3868 604 3921 Petrum
619 3866 818 3922 evidentissime
835 3867 941 3922 docebi-
994 3868 1071 3922 verbi
1097 3870 1143 3922 sui
1165 3867 1405 3922 eastra·Eeelesiie
1427 3868 1457 3920 in
1477 3868 1532 3920 tato
1553 3877 1634 3933 renna
1657 3865 1795 3918 Teidoniao

142 3964 186 4013 tur
199 3959 268 4030 quid
280 3959 329 4015 SS.
344 3961 441 4014 Patres
452 3959 485 4013 de
496 3959 545 4013 ilia
554 3961 701 4029 quastione
714 3952 865 4014 censuerint
877 3976 942 4015 sen·
993 3961 1157 4034 protegebat.

141 4053 275 4110 tiendum.
289 4053 397 4115 Verum,
408 4052 480 4106 idem
496 4053 655 4107 animabitis
667 4053 822 4109 bernardus
835 4055 865 4108 iu
875 4055 939 4117 ista,
1030 4056 1127 4112 Xxll.
1145 4054 1323 4127 Miorolagus,
1344 4068 1393 4109 seu
1407 4050 1509 4117 cnido,
1527 4051 1658 4109 aretinus
1673 4068 1733 4125 cap.
1753 4057 1796 4123 ll,

141 4149 209 4201 siaa
222 4149 248 4202 et
271 4147 302 4201 B.
325 4146 482 4216 cyprianus
496 4145 535 4229 iri¹
547 4146 775 4216 rebaptizationis
800 4151 939 4211 sententia,
995 4149 1044 4205 lib.
1059 4152 1103 4205 Dc
1121 4147 1220 4205 ciliciis
1234 4143 1446 4203 ecclesiasticis:
1469 4146 1533 4202 sedi
1547 4149 1689 4216 heuman,
1704 4150 1796 4201 nostro

141 4254 197 4294 noa
214 4240 393 4311 pertinaciter
412 4237 667 4296 matra'iicclesiam
683 4243 807 4311 eperunt,
825 4240 872 4297 sed
894 4244 941 4296 ut·
996 4243 1201 4314 temporetalem
1213 4246 1285 4298 Deus
1300 4240 1517 4308 pitanciario,
1530 4240 1682 4295 reverendo
1695 4255 1796 4294 maino·

142 4348 255 4405 cunque,
281 4333 397 4389 nimiam
419 4336 511 4388 contra
532 4334 719 4390 schismaticos
737 4335 865 4404 zelantes,
890 4332 942 4389 ah·-
994 4339 1045 4391 ria
1059 4338 1215 4405 tmeporiiim
1235 4350 1341 4408 papam
1352 4336 1492 4405 imposuit,
1506 4336 1556 4404 qui
1572 4332 1622 4388 sub
1637 4333 1723 4389 mean
1738 4335 1797 4388 suis

141 4428 302 4498 quantulum
314 4428 435 4497 rapulam
456 4428 659 4483 emiesiasticam
672 4433 850 4484 emissorunt.
994 4430 1204 4485 antecessoribus
1228 4445 1245 4482 a
1265 4443 1351 4498 puero
1370 4431 1460 4484 Roma
1482 4428 1602 4482 nutritus
1621 4430 1647 4482 et
1660 4426 1795 4491 auduus,

175 4520 348 4578 bernardum
363 4519 437 4576 bunc
451 4520 489 4577 ita
509 4521 626 4578 sensisse
648 4521 712 4577 satis
732 4521 819 4594 liquet
833 4536 867 4578 cx
881 4522 940 4595 epi·
993 4534 1082 4579 amnes
1098 4522 1255 4593 apostolicas
1272 4519 1431 4577 traditiones
1458 4522 1667 4594 diligentissime
1685 4521 1796 4575 investi·

141 4613 211 4670 stola
225 4613 334 4687 eiusad
351 4614 519 4671 bernaldum
531 4615 780 4685 consmntiensem,
800 4630 884 4688 pram
899 4614 941 4671 in·
993 4620 1078 4688 pavit,
1093 4620 1117 4672 et
1132 4618 1311 4686 instestipatas
1326 4615 1524 4670 studiosissime
1537 4617 1567 4669 in
1587 4618 1677 4669 araim
1693 4617 1796 4682 referre

140 4706 181 4763 fra
196 4707 268 4763 inter
287 4700 415 4780 opuscula
437 4707 564 4765 Beroaldi
593 4708 723 4783 reperies,
745 4717 773 4766 et
792 4724 825 4765 ex
851 4708 940 4782 primo
990 4714 1272 4779 annuntiaremus
1290 4708 1618 4777 doctoremreiipioneet
1638 4709 1797 4763 auctoritate

141 4806 257 4857 tractatu
277 4800 404 4857 Bemaldi
424 4804 467 4858 De
487 4802 665 4859 sacramentis
688 4804 940 4860 excommunicate·
988 4807 1172 4876 precipuum,
1191 4806 1243 4858 i'rna
1258 4803 1435 4873 apostoticam
1447 4803 1621 4857 nonnionem
1633 4816 1686 4872 per
1703 4803 1796 4872 ipsum

141 4896 218 4961 rum‘,
233 4908 319 4967 quem
330 4892 579 4966 rogatuilernardi,
590 4895 760 4953 corbeiensis
774 4904 868 4970 postea
877 4912 940 4953 mo·
991 4902 1021 4954 in
1041 4897 1225 4953 consumendis
1243 4897 1379 4965 mysteriis
1396 4897 1565 4965 potissimum
1580 4896 1688 4950 imitari
1700 4894 1796 4950 decre-

141 4986 237 5056 naabi,
253 4987 443 5058 composuisse
462 4988 580 5056 videtur,
595 4987 632 5044 de
652 5004 707 5060 quo
725 4989 802 5060 plura
816 4989 939 5048 iniamus.
991 4994 1101 5057 vimus·
1116 4998 1171 5050 etc,
1199 4988 1357 5048 noemae
1387 4991 1522 5045 memorio
1550 4990 1694 5060 Gregorius
1718 5004 1796 5061 papa

175 5082 244 5138 XX.
271 5079 453 5139 cebebardus
471 5079 695 5153 archiepiscopus
718 5080 940 5154 salisburgensis,
992 5087 1074 5155 (ecit,
1100 5092 1154 5141 etc.

141 5172 566 5246 beqnoBertoldns,aoo01088
581 5190 587 5226 :
600 5174 941 5233 Gebehordasoerierando
1028 5179 1135 5235 xxlll.
1159 5177 1297 5233 Domnizo
1318 5174 1460 5250 presbyter
1481 5176 1527 5248 qui
1550 5175 1641 5232 Vitam
1655 5172 1796 5232 Malliildis

139 5269 276 5324 memoria
290 5267 459 5323 Juaaviensis
473 5267 697 5339 archiepiscopus,
713 5270 838 5326 incausa
854 5273 883 5327 S.
899 5274 942 5328 Pe·
992 5270 1114 5328 uersibus
1142 5269 1292 5342 desumpsit.
1324 5272 1355 5326 lu
1381 5286 1435 5343 qua
1464 5267 1652 5326 lucubratione
1687 5275 1796 5326 emtam

141 5364 179 5416 tri
187 5362 356 5432 praecipuus,
371 5361 420 5431 qui
432 5360 612 5418 schemareos
618 5363 726 5433 publice
740 5365 821 5420 dictis
838 5370 864 5420 et
880 5367 941 5421 seri·
991 5363 1065 5421 vana
1077 5362 1202 5436 Gregorii
1214 5364 1262 5418 Vll
1273 5370 1301 5419 et
1312 5364 1438 5422 Anselmi
1449 5363 1581 5419 Lucensis
1595 5361 1692 5435 elogia.
1704 5360 1793 5418 Multa
1825 5378 1834 5391 ·

137 5456 194 5527 ptis
210 5456 350 5523 cmslitare
363 5456 507 5518 cornrievit,
520 5455 553 5511 de
567 5454 619 5511 hae
630 5455 939 5517 iucesubtraetnsxvirr
992 5457 1100 5530 exejus
1120 5457 1190 5513 libro
1211 5455 1338 5514 describit
1357 5457 1503 5527 Batonius,
1524 5463 1601 5512 tomo
1622 5456 1677 5525 Xl,
1692 5455 1796 5528 passim

141 5548 266 5616 Kalend„
280 5577 315 5591 -
328 5562 455 5618 maanaim
473 5564 610 5606 moerorem
629 5552 763 5607 catholicis
786 5552 938 5623 dochiani.
994 5553 1021 5609 in
1039 5553 1117 5608 annis
1139 5550 1310 5624 pontificatus
1323 5549 1447 5624 Gregorii
1461 5550 1522 5605 vll.

177 5642 258 5698 XXI.
284 5645 399 5711 Auctor,
419 5641 464 5714 qui
482 5641 575 5698 Vitam
596 5643 625 5699 S.
646 5642 801 5700 Gebebardi
820 5644 939 5718 scripsit,
1029 5647 1136 5703 XXIV.
1169 5645 1227 5701 Leo
1255 5643 1389 5727 oniensis
1415 5644 1443 5698 in
1468 5643 1604 5700 Chronico
1637 5641 1795 5700 maioma

139 5745 218 5792 tomo
240 5736 278 5790 vl
302 5733 428 5809 Antiquae
448 5736 587 5792 Lacrimis
615 5739 703 5793 :Post
723 5738 831 5807 aliquot
857 5753 940 5795 minos
993 5740 1040 5796 lib.
1055 5755 1102 5807 ιιι,
1116 5744 1220 5810 capot
1236 5739 1331 5796 :Anio
1346 5737 1794 5805 Dominicalmainatiemsloib,

143 5832 448 5887 eacommienicatiirrea
459 5831 633 5886 Hatriensis
652 5831 753 5898 saiada
767 5818 940 5895 bonorumet
995 5832 1138 5887 iludi'cti'aae
1159 5837 1264 5899 octava,
1284 5848 1345 5887 cum
1367 5832 1526 5887 verurabih's
1546 5845 1701 5901 temperem
1719 5844 1792 5885 rere·
