3870 6164
492 244 663 303 aristolao
682 247 793 304 EXTRA
813 246 1005 305 nerrlsrttt'tt
1022 249 1212 306 ludentes.

1625 258 1678 313 tto

116 368 208 427 testis.
237 369 307 426 Sunt
336 367 408 427 enim
439 370 520 428 beato
544 373 624 429 Petro
649 372 819 443 fidelissimi,
834 354 1015 442 Antemnis
1031 358 1058 430 i'n
1080 375 1251 432 contrarium
1265 381 1395 433 verteret.
1416 375 1482 434 ldeo
1499 377 1526 432 in
1542 392 1603 448 nos,
1620 380 1678 436 imo

116 478 142 520 er
155 463 263 536 primos
282 462 382 521 domus
396 464 457 538 ejus
474 465 651 539 unusquique
663 468 691 523 in
703 483 753 525 suo
779 485 823 525 or·

116 558 289 625 >enumerati
304 559 350 631 qui
363 558 440 615 nullo
454 567 558 617 terrore
572 561 700 634 nnllaqne
716 571 824 635 tempe·

116 671 120 707 ι
139 667 233 710 rerum
260 652 441 725 promissione
459 663 607 727 potuerunt
622 655 651 712 in
675 657 766 729 aliquo
789 656 824 713 ab

116 744 238 803 ldelitate
252 753 280 802 et
305 746 465 805 defensione
486 749 575 819 avelli,
590 758 647 806 cta
670 750 777 823 gremio
794 752 822 807 S.

116 858 118 891 ι
136 840 267 898 Eeclesiae
292 842 420 914 separari.
438 842 490 900 Sed
509 843 582 916 quia,
599 843 669 900 sicot
686 845 762 902 rrooit
776 861 823 902 re-

116 935 258 1003 aternitas,
279 937 341 993 licet
357 934 479 1010 indigno,
498 944 526 992 et
545 939 680 1010 peccatori
693 938 825 997 divinitus

117 1027 245 1102 ophetam
256 1029 355 1087 dicitur
368 1051 374 1087 :
386 1032 474 1101 Super
486 1037 599 1087 merrtem
614 1035 745 1089 occclsttot
757 1035 822 1102 (iso.

116 1125 152 1193 t),
164 1130 192 1180 et
202 1123 319 1195 reliqua3
334 1123 473 1181 etiterum
486 1143 492 1180 :
508 1126 614 1191 diurno,
624 1143 746 1184 necesses
757 1129 822 1198 (lso.

129 1216 163 1288 t),
176 1215 267 1284 velim,
280 1218 377 1288 nolim,
392 1220 466 1276 omni
486 1223 635 1293 postposita
650 1222 822 1288 verecundia,

116 1327 126 1370 e
149 1327 262 1385 quoque
274 1313 315 1369 rel
330 1313 442 1387 alicujus
466 1324 576 1372 terreno
590 1332 696 1385 amore,
712 1332 823 1391 evange-

116 1406 202 1477 lamo,
217 1407 305 1463 clamo
316 1417 344 1463 et
356 1407 454 1463 iterum
466 1409 567 1477 clamo,
587 1417 614 1465 et
629 1411 763 1466 annuntio
778 1426 823 1467 oo·

116 1500 141 1557 in
151 1500 310 1557 Clrristiaoa
323 1501 418 1575 religio
431 1510 460 1559 et
469 1519 531 1560 sera
545 1502 624 1572 lides,
641 1520 725 1577 qoam
738 1505 824 1562 Filius

116 1611 126 1652 e
140 1594 211 1653 coelo
226 1595 338 1653 veniens
349 1612 397 1669 per
419 1605 510 1669 patres
530 1606 641 1655 nostros
654 1615 706 1655 nos
720 1598 823 1669 docuit,

116 1689 235 1746 celarem
263 1707 339 1748 versa
363 1707 474 1764 pravam
493 1692 731 1762 consuetudinem,
750 1694 821 1750 lieu!

878 469 907 524 in
927 467 1103 542 apostolicam
1125 467 1222 526 sedem
1240 477 1316 526 tanta
1336 469 1418 539 feeit,
1440 479 1545 544 quanta
1559 471 1677 529 iacerea

878 571 1003 634 tempore
1029 562 1202 620 Constantini
1223 564 1317 638 Magni
1348 563 1521 637 imperatoris
1544 567 1676 640 nequivit.

878 661 932 715 Nec
949 657 1026 715 valde
1040 656 1158 725 mirnm3
1175 658 1239 734 quia
1254 666 1358 731 quanto
1382 659 1443 733 plus
1455 668 1566 733 tempus
1579 676 1679 736 appro-

878 751 999 825 pinquat,
1022 760 1098 809 tanto
1117 752 1235 826 amplius
1254 752 1439 811 Clrristiannm
1453 754 1612 827 religionem
1632 772 1678 813 er·

876 845 1018 919 stinguere
1027 845 1160 906 decertat.
1175 848 1256 903 Nunc
1271 856 1374 915 autem,
1391 845 1492 905 fratres
1505 849 1560 906 mei
1575 848 1678 907 chaus·

878 940 952 1009 simi,
967 939 1187 1015 diligenterque
1207 940 1285 998 vobis
1296 941 1371 1013 dieo,
1386 943 1491 1000 audite.
1511 945 1677 1017 omnesqui

878 1034 906 1089 in
920 1042 980 1090 toto
999 1034 1066 1091 orbe
1080 1035 1240 1092 Christiano
1256 1043 1404 1092 censentur
1419 1038 1545 1109 nomine,
1560 1046 1588 1093 ot
1601 1037 1679 1095 Chri·

879 1127 996 1185 stianarn
1014 1128 1099 1186 tidem
1119 1144 1182 1187 rere
1198 1139 1380 1201 cognoscunt,
1393 1131 1485 1187 seiont
1502 1140 1528 1186 et
1548 1131 1663 1189 credunt

876 1220 1677 1296 beatumPetruor,apostoloramprincipemesseomnium

877 1315 1095 1375 Christianorum
1116 1321 1240 1387 l’atrem,
1256 1327 1283 1375 et
1308 1319 1431 1390 primum
1454 1326 1521 1390 post
1537 1318 1677 1377 Christum

877 1414 1379 1484 pastorem,sanctamqueltomnnam
1389 1412 1542 1469 Ecclesiam
1551 1413 1677 1471 omnium

876 1504 1062 1562 'Ecclesiarum
1089 1514 1207 1562 matrem
1231 1513 1259 1562 et
1281 1506 1452 1579 magistram.
1483 1505 1510 1564 Si
1533 1522 1598 1580 ergo
1623 1506 1678 1565 hoc

877 1597 1002 1666 creditis,
1019 1607 1047 1655 et
1067 1597 1258 1656 indubitanter
1272 1601 1379 1664 tenetis,
1398 1615 1466 1673 rogo
1488 1615 1536 1657 ros
1559 1608 1587 1656 et
1600 1616 1673 1671 prae·

877 1693 948 1763 cipio
964 1708 1025 1766 ego,
1041 1693 1240 1767 qualiscunque
1256 1692 1343 1750 irater
1356 1702 1386 1749 et
1404 1692 1532 1767 indignus
1546 1694 1677 1766 magister

116 1782 201 1842 lalort
223 1784 258 1840 ad
272 1784 390 1843 nihilum
407 1801 476 1859 pene
490 1785 611 1856 devenit,
634 1796 661 1844 et
675 1788 823 1847 immutato
838 1768 862 1831 Β
879 1794 980 1857 nester,
996 1803 1043 1860 per
1064 1788 1282 1860 omnipotentem
1308 1791 1400 1844 Deum
1424 1786 1591 1863 adjurasset
1613 1804 1676 1844 snc-

116 1878 240 1935 oeolore
257 1878 356 1936 cecidit
375 1896 431 1936 nen
445 1878 535 1937 solum
549 1879 576 1936 in
596 1880 709 1950 diaboli,
725 1898 821 1939 rerum

120 1972 150 2030 ia
163 1975 179 2028 J
182 1974 335 2043 ndaonrm,
351 1976 549 2032 Saracenorum
559 1983 638 2049 atque
652 1992 820 2050 paganorum

116 2083 198 2125 taem.
218 2068 259 2124 Illi
274 2068 348 2124 enirn
370 2070 443 2142 leges
457 2085 530 2138 sues,
557 2070 618 2128 lieet
631 2071 684 2126 lroc
698 2079 821 2143 tempore

116 2160 176 2218 llam
188 2161 342 2218 animarum
355 2163 471 2219 salntem
486 2163 576 2233 utiles,
590 2163 726 2238 nullisque
741 2166 820 2221 mira·

116 2244 241 2312 sicnt'lex
255 2264 349 2313 nostra
362 2257 456 2313 aeterni
474 2258 546 2330 regis
560 2254 694 2332 frequenti
708 2267 821 2316 atteste-

116 2349 267 2407 tlaridcatas
282 2360 308 2407 et
320 2352 522 2422 corroboratas,
535 2362 617 2424 prout
631 2352 756 2421 credunt,
770 2352 820 2411 ob·

116 2452 142 2501 tt.
157 2446 215 2502 Nos
236 2454 328 2501 etatem
342 2446 434 2503 saculi
447 2445 572 2502 inebriati
595 2463 701 2516 amore,
714 2456 741 2503 et
753 2464 820 2504 rana

116 2539 128 2596 i
144 2539 303 2607 ambitione,
320 2540 396 2596 omni
411 2540 542 2613 religione
552 2549 581 2597 et
591 2540 734 2599 lronestate
748 2542 819 2615 cupi·

126 2642 208 2706 atque
223 2634 361 2706 soperbiae
379 2634 549 2708 postpositis,
574 2637 683 2709 exleges
703 2646 731 2692 et
745 2637 820 2710 quasi

116 2727 248 2792 ridemur:
265 2729 326 2800 quia
341 2729 484 2801 praesentis
504 2730 565 2787 vitae
581 2738 609 2786 et
626 2728 726 2787 futurae
746 2731 821 2788 saln-

116 2831 126 2880 t
147 2821 284 2880 bonorem
298 2823 368 2879 sicot
382 2830 473 2900 potres
493 2824 580 2880 nostri
597 2840 652 2879 non
673 2823 820 2894 lrabenrns,

116 2917 169 2973 iam
186 2918 258 2974 sicut
270 2923 380 2989 oportet
392 2933 546 2989 speramns.
564 2917 632 2973 Etsi
648 2925 715 2973 suot
726 2918 820 2990 aliqui,

116 3010 246 3080 arissimi,
260 3012 307 3084 qni
320 3015 409 3068 Deum
425 3012 552 3081 timeant,
565 3028 614 3083 pro
628 3027 657 3068 se
670 3020 822 3084 uteunque,

116 3120 142 3162 το
152 3105 292 3162 communi
305 3104 424 3162 fratrum
435 3106 523 3161 salute
535 3105 676 3162 decertant
692 3115 818 3179 prompta

118 3206 172 3255 ate.
188 3199 252 3269 Qui,
267 3200 307 3255 rel
327 3199 404 3272 quoti
424 3208 499 3267 suot,
518 3200 564 3272 qni
579 3216 627 3272 pro
649 3201 761 3269 timore,
778 3201 818 3257 vel

116 3293 390 3367 tomntpotentisltei,
408 3296 435 3348 t'n
450 3311 501 3365 quo
511 3297 637 3363 oriantur,
647 3312 782 3350 attinentur
796 3301 820 3349 ot

116 3389 199 3455 unct.
211 3392 353 3457 aarum),
366 3387 629 3458 tantumdesudent,
642 3388 682 3444 vel
691 3388 820 3460 usquead

116 3497 143 3538 m
164 3482 299 3550 laborent,
323 3490 455 3555 quantum
480 3483 623 3538 saectrlares
649 3482 748 3538 milites
770 3499 819 3556 pro

119 3574 143 3633 is
158 3575 225 3644 suis,
238 3575 372 3632 ueletiam
385 3591 435 3648 pro
447 3575 544 3632 amicis
565 3584 592 3631 et
601 3574 736 3632 subditis?
751 3579 819 3633 Ecce

124 3669 210 3727 millia
224 3669 369 3727 bominum
383 3668 557 3727 saecularium
571 3685 620 3742 pro
634 3668 753 3726 dominis
764 3670 820 3727 suis

116 3764 148 3821 lie
160 3773 274 3821 currunt
292 3764 322 3820 in
336 3772 472 3833 mortem;
493 3781 542 3835 pro
555 3763 660 3821 coelesti
683 3779 748 3821 vero
760 3763 819 3821 Deo

116 3856 252 3931 demptore
265 3866 359 3916 nostro
384 3875 442 3914 non
464 3859 554 3915 solnm
572 3859 601 3916 in
624 3867 742 3916 mortem
763 3874 818 3915 non

116 3960 246 4023 rt,rerum
265 3952 348 4009 etiam
361 3953 548 4026 quorumdam
569 3951 716 4010 bominum
731 3953 821 4009 intimi·

116 4046 201 4105 tubiro
214 4056 403 4105 contemnunt.
415 4046 481 4103 Etsi
494 4056 560 4103 sunt.
569 4047 652 4120 aliqui
666 4048 732 4120 (imo
742 4088 750 4115 ‚
761 4052 819 4105 Deo

116 4151 188 4212 inte,
205 4141 278 4207 sunt,
294 4141 356 4199 licet
373 4140 602 4215 perpaucissimi,)
623 4140 669 4213 qui
686 4140 823 4199 infaciem

136 4237 268 4309 usquead
282 4244 402 4293 mertem
417 4234 542 4292 resistere
556 4250 605 4306 pro
627 4250 721 4291 amore
742 4236 822 4293 Cirri-

116 4344 120 4383 ι
135 4329 202 4403 legis
214 4329 403 4396 contendunt‚·
416 4344 474 4385 non
490 4328 579 4385 solunt
595 4326 768 4399 airatribus,
793 4337 823 4386 ut

116 4439 140 4479 m
153 4432 204 4493 est,
215 4440 271 4481 nou
283 4423 458 4498 adjurantur,
472 4422 521 4481 sed
534 4423 618 4479 etinm
632 4422 822 4496 imprudentes

876 1881 979 1937 currite
1001 1880 1133 1955 praedicto
1155 1880 1226 1954 patri
1240 1889 1330 1938 restro
1356 1891 1383 1937 et
1403 1880 1497 1950 matri,
1520 1881 1541 1937 si
1563 1897 1613 1953 per
1628 1897 1676 1939 eos

875 1974 1075 2033 absolutionem
1094 1976 1221 2058 omnium
1242 1984 1429 2049 peccatorum,
1450 1985 1478 2033 et
1503 1973 1673 2033 benedictio·

875 2085 940 2126 uem
959 2078 1041 2145 atque
1059 2071 1173 2144 gratiam
1198 2070 1226 2125 in
1241 2069 1294 2127 hoe
1308 2070 1408 2127 saeculo
1422 2078 1449 2126 et
1470 2070 1496 2126 in
1519 2068 1611 2126 laturo
1626 2070 1675 2127 ba·

875 2162 940 2220 bere
949 2163 1118 2222 desideratis.
1131 2164 1314 2236 Omnipotens
1329 2166 1416 2232 Deus,
1431 2180 1513 2237 aquo
1523 2162 1595 2222 bona
1611 2179 1676 2220 cnu-

874 2265 917 2314 cta
936 2258 1098 2331 procedunt,
1113 2266 1234 2314 meatem
1258 2266 1377 2315 vestram
1393 2272 1502 2330 semper
1526 2257 1674 2328 illuminet,

875 2368 991 2425 eamque
1005 2368 1054 2409 sua
1076 2351 1225 2410 dilectione
1239 2368 1271 2408 ac
1283 2351 1401 2424 proximi
1417 2350 1558 2415 fecundet,
1575 2360 1605 2408 ut
1617 2368 1674 2409 me·

875 2446 989 2503 reamini
1003 2445 1149 2520 praelatum
1164 2449 1276 2503 Patrem
1288 2455 1411 2503 restrum
1425 2453 1451 2502 et
1466 2447 1587 2503 blatrem
1600 2454 1673 2503 certa

875 2539 1018 2597 devotione
1042 2540 1179 2597 debitores
1194 2540 1271 2595 robis
1285 2540 1384 2608 lacere,
1402 2539 1481 2596 etad
1502 2555 1600 2598 eorum
1624 2556 1671 2597 so·

876 2632 1014 2703 rietatem,
1026 2633 1088 2703 sine
1103 2634 1266 2691 verecundia
1282 2634 1432 2705 pervenire.
1447 2636 1547 2691 Amen.

1232 2754 1318 2808 LXV.

877 2873 1002 2944 Gregorii
1018 2871 1068 2928 Vll
1078 2872 1256 2940 priuilegium
1271 2886 1323 2995 ptrro
1339 2869 1445 2924 rocleno
1462 2870 1491 2925 S.
1506 2870 1613 2940 Sopltt'te
1627 2873 1675 2927 lle-

1191 2957 1274 2997 neren
1287 2957 1353 2995 orto.

1174 3062 1266 3125 (Anno
1288 3062 1378 3123 rost.)

1042 3176 1193 3243 [doo'rlotu
1220 3175 1391 3244 t‘pltelliono,
1415 3172 1491 3247 too]

910 3294 1090 3350 Gneoonrns
1104 3292 1261 3364 episcopus,
1276 3305 1370 3347 sersus
1387 3304 1530 3347 servornm
1545 3288 1669 3360 Domini,

875 3390 1032 3443 linusano
1045 3386 1146 3443 dilecto
1167 3393 1263 3441 nostro
1278 3384 1305 3440 in
1320 3385 1429 3441 Christo
1445 3384 1517 3452 lilio,
1537 3392 1566 3441 et
1580 3381 1672 3442 abbati

875 3480 1034 3537 venerabilii
1047 3478 1165 3536 crettobii
1186 3478 1268 3535 almae
1283 3488 1312 3535 et
1329 3486 1475 3536 coaeternae
1493 3482 1578 3534 llom.
1599 3478 1673 3535 Patri

875 3574 996 3647 Sophiae,
1011 3575 1081 3630 intra
1096 3576 1285 3630 Beneventum
1302 3573 1330 3627 in
1345 3572 1404 3629 loco
1423 3579 1581 3645 nuncupato
1595 3572 1673 3629 Urbe

876 3678 967 3726 vetere
993 3667 1134 3736 exstructi,
1157 3665 1268 3739 suisque
1292 3664 1497 3723 successoribus
1515 3665 1676 3739 regulariter

875 3763 902 3819 in
916 3761 1015 3820 eodem
1030 3760 1156 3819 crcnobio
1170 3759 1367 3833 promovendis
1381 3759 1409 3815 in
1426 3767 1600 3833 perpetuum.

910 3858 980 3914 Cum
994 3854 1117 3925 officinm
1131 3854 1166 3911 sit
1186 3853 1377 3927 apostolicum,
1394 3852 1518 3911 omnium
1538 3854 1675 3911 Ecclesia-

875 3968 937 4008 rum
951 3949 1063 4007 Domini
1074 3948 1257 4017 utilitatibus,
1268 3948 1296 4004 ia
1307 3956 1440 4022 quantum
1449 3948 1614 4020 possibilitas
1623 3946 1674 4006 da-

876 4053 930 4116 tur,
945 4044 1090 4102 salubriter
1104 4041 1256 4117 providere,
1271 4040 1358 4099 cultui
1372 4050 1465 4099 tamen
1476 4041 1673 4100 venerabilium

879 4140 1016 4207 locorum,
1031 4146 1112 4210 atquo
1137 4137 1260 4194 Domino
1275 4134 1373 4193 devote
1395 4134 1581 4205 militantium,
1609 4152 1673 4209 pro·

877 4231 1031 4305 pensiorem
1052 4247 1146 4289 curam
1161 4232 1213 4303 piae
1234 4228 1426 4287 sollicitudinis
1448 4229 1614 4287 indeficienti
1633 4230 1673 4286 vi·

876 4327 986 4400 gilantia
1012 4324 1147 4382 debemus
1172 4322 1313 4380 adhibere.
1336 4323 1482 4397 Quocirca,
1507 4323 1673 4381 excellentis·

877 4420 946 4477 sime
972 4418 1020 4489 lili,
1037 4418 1100 4493 qnia
1125 4422 1226 4475 sanctae
1240 4414 1390 4474 devotionis
1412 4415 1515 4473 allecto
1539 4417 1672 4489 petiistia

116 4533 155 4574 nts
175 4516 285 4574 discreti
300 4527 330 4573 at
352 4516 494 4574 dementes
517 4516 663 4575 habentur.
685 4517 737 4574 Sed
759 4517 821 4591 qnia
836 4536 862 4599 D
876 4514 955 4572 nobis
978 4522 1008 4570 ιιι
1022 4511 1168 4587 praelatum
1183 4509 1381 4568 monasterium
1394 4518 1474 4565 tuum
1495 4509 1547 4565 sub
1561 4519 1673 4582 aposto-

116 4628 119 4666 :
133 4609 176 4667 bis
190 4610 290 4667 similia
301 4610 452 4684 specialiter
465 4610 613 4667 imminent
624 4610 714 4679 nobis,
730 4620 762 4667 ut
776 4627 821 4668 oo-

116 4704 238 4771 licemus,
254 4714 398 4778 qnatenus,
410 4708 470 4762 Deo
486 4705 629 4777 largiente,
640 4713 667 4761 et
678 4705 744 4762 sitia
759 4721 822 4779 pos·

121 4814 138 4856 a
156 4798 289 4856 cordibus
304 4797 422 4856 fratrum
434 4798 560 4870 avellere,
575 4807 602 4856 et
616 4799 728 4859 virtutes
742 4800 770 4857 in
783 4798 822 4856 eis

116 4908 146 4950 re
161 4911 168 4948 :
184 4908 315 4965 rogamus
326 4902 355 4950 et
370 4893 551 4951 obsecramus
567 4893 594 4948 in
611 4893 731 4950 Domino
743 4897 819 4963 lesu,

116 5001 195 5045 usna
205 4996 294 5044 morte
309 4986 435 5056 redemit,
450 4996 479 5044 ut
494 4987 685 5044 tribulationes
699 4996 726 5044 et
738 5004 823 5061 angu-

116 5097 170 5155 ,uas
182 5082 300 5154 patimur
313 5081 348 5138 ab
357 5081 477 5139 inimicis
491 5081 654 5138 Christianae
667 5081 821 5155 religionis,

124 5176 243 5251 qualiter
257 5175 404 5248 patiamur,
419 5175 563 5249 diligenter
578 5175 767 5248 investigando
779 5176 821 5233 in·

116 5269 162 5327 tis.
186 5271 226 5325 Ex
251 5284 307 5342 quo
327 5268 399 5326 enim
422 5268 599 5342 dispositione
622 5269 714 5326 divina
734 5278 823 5327 mater

116 5363 147 5421 ia
157 5362 187 5421 in
198 5363 298 5421 throno
313 5363 467 5437 apostolico
478 5379 523 5421 me
537 5363 614 5421 ralde
625 5363 782 5438 indignum,
795 5373 823 5422 et

116 5466 175 5515 este
194 5458 309 5515 inritum
325 5434 477 5521 eolloeadc
498 5473 675 5531 summopere
692 5472 822 5532 procura·

122 5560 215 5610 nnete
229 5551 349 5610 Ecclesia
361 5564 461 5626 sponsa
477 5552 529 5610 Dei
545 5553 676 5622 Domina,
692 5562 719 5609 et
734 5561 824 5609 metm

116 5663 136 5717 ι,
153 5646 190 5705 ad
201 5648 346 5721 proprium
358 5646 465 5704 rediens
475 5646 570 5716 decus,
587 5648 681 5717 libera,
694 5656 722 5705 et
736 5656 819 5716 casta,

116 5740 202 5801 odie
214 5747 394 5815 permaneret.
409 5742 464 5801 Sed
477 5742 538 5818 quia
552 5743 622 5800 lrosti
636 5743 750 5815 antiquo
764 5743 823 5799 baec

116 5851 141 5894 ro
155 5835 308 5910 displicent,
324 5836 442 5895 armarit
454 5848 550 5896 contra
562 5853 613 5895 nos
622 5837 748 5895 membra
762 5852 821 5905 sua,

875 4609 935 4666 licre
948 4606 1118 4665 defensionis
1137 4605 1223 4663 tutela
1247 4603 1456 4662 admitteremus
1479 4610 1561 4676 atque
1586 4602 1672 4661 susci·

875 4719 1015 4777 peremus,
1039 4710 1066 4758 et
1088 4701 1115 4757 in
1131 4700 1227 4758 eadem
1243 4699 1369 4769 ecelesia,
1384 4696 1518 4773 quidquid
1539 4697 1673 4756 moderno

875 4806 1001 4870 tempore
1011 4796 1085 4870 juste
1111 4795 1213 4852 habere
1234 4793 1341 4852 videtur
1365 4801 1413 4850 aut
1435 4791 1463 4849 in
1477 4792 1570 4851 lutura
1591 4792 1673 4851 etiem
1769 4836 1773 4843 .

874 4892 977 4967 poterit
989 4890 1130 4964 acquirere
1145 4898 1279 4961 ternpore,
1306 4904 1355 4961 per
1377 4886 1465 4945 nostri
1480 4887 1612 4963 privilegii
1626 4904 1674 4962 po-

874 4987 968 5060 ginam
993 4984 1236 5057 confirmaremus,
1271 4981 1448 5055 petitionibus
1472 4982 1528 5040 tuis
1557 4982 1675 5041 libenter

875 5080 1027 5138 admodum
1040 5079 1199 5147 annuimus,
1214 5076 1439 5152 quandoquidem
1457 5076 1540 5151 justis
1555 5075 1675 5150 postula³

876 5175 998 5233 tionibus
1018 5173 1103 5231 facilis
1129 5173 1244 5230 debetur
1265 5188 1394 5231 assensus
1421 5180 1449 5228 et
1463 5170 1513 5245 piis
1532 5169 1674 5228 desideriis

876 5278 1018 5344 promptus
1032 5285 1081 5343 pro
1094 5284 1174 5339 posse
1183 5265 1309 5325 asiduus.
1320 5267 1401 5323 Unde
1413 5278 1460 5336 per
1472 5264 1554 5338 hujus
1572 5273 1674 5323 nostrat

875 5363 1077 5423 constitutionis
1106 5362 1247 5419 decretum
1272 5370 1299 5419 et
1323 5360 1480 5435 apostolice
1504 5358 1675 5417 liberalitatis

875 5458 1006 5528 edictum,
1022 5456 1173 5515 secundum
1193 5455 1431 5531 praedecessorum
1445 5460 1605 5511 nostrorum
1618 5454 1674 5527 pri·
1745 5474 1750 5485 ·

876 5553 983 5627 vilegie,
998 5551 1200 5626 praenominato
1223 5548 1388 5606 monasterio
1409 5551 1440 5606 S.
1464 5546 1573 5621 Sophiae
1592 5547 1673 5623 rirgl·

876 5647 928 5715 nis,
961 5644 1063 5720 tibique
1092 5644 1308 5720 praenominato,
1337 5642 1456 5700 amande
1482 5640 1536 5708 lili,
1567 5641 1675 5716 tuisque

876 5740 1079 5800 successoribus
1115 5736 1275 5813 regulariter
1307 5736 1436 5808 justeque
1467 5734 1675 5809 promerendis,
1764 5760 1774 5821 '.

877 5833 1053 5896 concedimus
1080 5842 1109 5890 et
1133 5832 1331 5890 confirmamus
1354 5837 1437 5901 atque
1459 5830 1487 5886 in
1508 5834 1676 5898 perpetuum
