3884 6158
766 140 864 194 tilieti
882 140 1047 195 OCTAVUS.
1069 171 1101 179 -
1123 140 1224 197 Et’tsi‘.
1244 144 1322 199 Xl'll.

225 262 303 319 nibus
327 262 355 319 iu
368 264 526 336 episcopatu
548 262 674 321 valvensi
688 264 875 334 {valvanensi}
893 263 1018 353 habitan·
1032 270 1057 330 Α
1073 274 1149 336 parte
1164 265 1237 322 beuti
1261 268 1333 323 Petri
1354 270 1530 341 praecipimus
1543 270 1622 328 vobis
1639 279 1671 327 ut
1694 271 1801 329 Narbon

224 354 304 425 abus,
319 356 470 429 majoribus
498 365 580 425 atqrre
602 356 764 422 minoribus,
785 356 842 412 sire
856 364 1019 429 potestatem

224 449 248 505 ln
268 464 302 506 eo
324 448 498 518 habentibus,
514 448 560 522 qui
587 451 702 523 gratiam
719 450 789 505 beati
805 451 879 506 Petri
893 450 1018 522 cupiunt,

223 544 337 600 salutem
351 551 379 598 et
394 544 572 615 apostolicam
586 542 814 600 benedictionem.

256 636 470 693 Transmnudus
483 646 572 693 vester
591 636 678 693 dictus
697 638 839 711 episcopas
862 636 897 693 ad
911 654 963 693 nos
977 654 1019 692 ve

224 733 273 793 nit,
289 746 377 803 quem
402 731 532 786 nimirum
546 746 598 786 nos
624 730 701 787 darris
715 732 805 786 serbis
826 731 1017 802 increpuimus,

224 832 369 897 propterea
385 823 459 896 quod
474 824 662 896 episcopatum
677 825 736 881 sine
747 826 855 882 ratione
870 824 1019 881 dimiserat.

225 918 410 990 Praecepimus
421 918 505 975 etiam
519 918 568 985 illi,
584 928 695 991 propter
708 918 790 975 istam
816 919 974 986 stultitiam,
988 926 1020 973 ut

224 1012 255 1070 de
269 1012 429 1085 episcopatu
457 1028 486 1068 se
499 1011 598 1068 deiude
615 1029 671 1068 non
686 1012 890 1081 intromitteret,
907 1011 955 1068 sed
970 1012 1020 1067 iret

223 1106 255 1163 ad
264 1108 391 1162 blontem
399 1106 553 1174 Cassinum,
568 1106 764 1179 ibiquctandiu
778 1106 945 1162 essetdonec
956 1121 1020 1161 cunr

224 1200 279 1273 ipso
302 1197 409 1273 praelati
423 1200 477 1255 loci
492 1199 589 1256 abbate
611 1200 723 1271 aliisque
749 1200 883 1273 religiosis
903 1208 931 1254 et
954 1215 1018 1270 pirri·

223 1292 352 1352 dentibus
368 1293 433 1349 viris
446 1294 593 1350 eonsilium
614 1310 774 1367 caperemus
787 1295 853 1365 quid
871 1293 906 1350 de
921 1293 968 1348 illo
992 1301 1019 1348 et

226 1396 316 1446 restra
322 1387 445 1444 Ecclesia
454 1397 526 1445 esset
539 1387 703 1444 faciendum.
720 1387 800 1457 Quod
814 1395 939 1444 nostrum
955 1403 1021 1459 pra-

223 1490 332 1555 ceptnm
343 1480 426 1550 (sicut
439 1481 593 1538 audivimus
605 1486 614 1549 )
627 1490 816 1549 contemnens,
831 1491 858 1538 et
866 1498 913 1553 per
928 1481 1021 1537 iuohc·

1073 360 1209 429 Ecclesiae,
1222 362 1280 432 jam
1297 378 1328 417 ex
1349 362 1429 435 longo
1443 373 1568 437 tempore
1586 363 1749 421 amembris
1761 365 1808 424 dia

1073 468 1203 521 pervasae,
1228 464 1353 525 prompte
1379 456 1587 527 subvenientes,
1604 456 1719 515 halrem
1742 468 1816 516 nostr

1073 545 1246 602 Dalmatiam
1259 526 1507 621 arehiepiscopum,
1518 568 1601 624 quem
1612 552 1724 610 hindam
1734 568 1823 610 canon

1072 647 1099 693 et
1113 639 1266 696 secuudum
1285 644 1438 700 llouriaum
1452 645 1569 701 electum
1587 654 1615 701 et
1628 647 1790 704 ordinatum
1805 664 1831 703 m

1073 734 1127 788 ruit
1143 734 1278 805 accipere,
1306 736 1396 792 arrodis
1421 738 1548 794 omnihus
1562 739 1696 797 studeatis
1717 739 1838 813 adjuvari

1073 826 1110 881 illi
1127 842 1191 883 rcro
1216 830 1365 899 pervasori,
1387 831 1433 902 qui
1454 847 1509 886 uon
1523 848 1570 902 per
1588 834 1703 901 ostium,
1718 843 1749 890 ut
1763 845 1842 905 pasto

1072 918 1122 975 sed
1133 920 1255 991 aliunde,
1271 930 1301 976 ut
1323 921 1369 978 t‘ur
1386 932 1414 980 et
1427 923 1497 979 latro
1520 926 1671 998 ingressas,
1685 942 1751 983 ores
1763 927 1852 984 Christ

1074 1021 1210 1070 mactatet
1221 1016 1310 1086 perdit
1319 1021 1404 1083 (lours
1421 1021 1464 1087 x),
1478 1019 1534 1074 imo
1544 1018 1656 1075 diaholo
1671 1018 1860 1087 tradit,modi.

1074 1108 1173 1178 quibus
1189 1111 1303 1178 potestis
1326 1112 1454 1180 resistite,
1477 1113 1499 1168 si
1521 1114 1641 1185 gratiam
1670 1112 1866 1183 omnipotentis

1074 1201 1127 1256 liei
1140 1200 1301 1259 desideratis
1311 1204 1445 1261 obtinere.
1458 1206 1539 1277 Agite
1548 1221 1623 1278 ergo,
1634 1214 1662 1263 et
1671 1206 1787 1262 omnino
1805 1222 1872 1277 pro·

1072 1304 1166 1351 curate
1180 1296 1422 1367 beatuml‘ctrnm,
1442 1300 1630 1370 apostolorum
1643 1301 1804 1372 principem,
1822 1316 1872 1357 ro-

1075 1388 1117 1444 bis
1137 1390 1302 1461 adjutorem,
1327 1393 1383 1449 imo
1406 1391 1560 1449 debitorem
1583 1392 1685 1461 facere,
1710 1394 1758 1466 qui
1781 1402 1872 1465 potest

1076 1482 1154 1538 robis
1165 1482 1247 1556 brrjus
1259 1485 1322 1541 ritae
1335 1494 1362 1541 et
1375 1486 1476 1542 futurae
1487 1487 1603 1543 salutem
1617 1495 1644 1542 et
1660 1486 1794 1544 honorem
1804 1487 1871 1543 dare

224 1575 354 1635 dientiam
367 1575 529 1634 idololatriae
541 1575 630 1633 scelus
652 1576 804 1645 incurrens,
820 1592 902 1632 ausvis
924 1584 964 1631 cst
977 1592 1022 1630 ec·
1077 1578 1117 1631 vel
1132 1578 1235 1647 tollore,
1248 1581 1349 1653 quique
1358 1581 1446 1636 nescit
1459 1580 1552 1638 lideles
1566 1596 1631 1637 siros
1641 1581 1809 1654 relinquere,
1823 1580 1873 1637 sed

226 1670 340 1727 alesiam
367 1669 545 1727 interdictam
564 1670 598 1727 ad
630 1680 811 1741 augmentum
833 1670 946 1725 malitiae
966 1684 1022 1725 suan
1039 1642 1062 1703 B
1077 1671 1169 1741 potius
1180 1673 1258 1727 novit
1272 1674 1399 1742 superbis
1412 1675 1556 1741 resistere,
1571 1683 1597 1730 et
1614 1673 1793 1745 contundere,
1816 1673 1872 1732 hu·

226 1764 385 1837 pervadere,
399 1780 518 1835 eamque
527 1781 602 1820 narro
617 1766 793 1835 pertinaciter
803 1780 859 1821 nou
869 1764 966 1819 metuit
979 1778 1024 1819 oc—

225 1874 334 1931 cupare.
355 1857 474 1915 Proinde
488 1857 639 1929 apostolica
662 1859 827 1914 arrectaritate
848 1850 1024 1929 praecipimus

226 1952 359 2021 vobisut,
373 1952 397 2008 si
411 1953 528 2025 gratiam
541 1952 590 2008 Dei
605 1961 632 2008 et
644 1952 718 2007 beati
733 1952 805 2008 Petri
820 1951 947 2023 diligitis,
964 1952 1022 2006 arui·

226 2061 391 2119 marramque
419 2053 574 2102 vestrarum
599 2046 749 2117 perieulum
788 2046 906 2110 timetis,
934 2046 1024 2101 nullus

226 2148 350 2197 restntm
366 2139 551 2212 episcopalem
566 2141 748 2195 reverentiam
764 2139 801 2194 illi
816 2138 953 2206 exhibeat,
963 2139 1022 2200 sed,

226 2234 298 2291 hona
314 2234 439 2291 eeclesia
448 2232 482 2290 de
495 2231 625 2289 manibus
642 2233 715 2288 illius
727 2233 885 2303 eripientes,
898 2248 962 2288 eum
973 2234 1024 2288 sic-

226 2336 255 2384 ut
277 2329 440 2386 invasorem
462 2326 600 2395 habeatis,
621 2334 649 2382 et
675 2342 717 2382 res
731 2326 898 2383 ecclesiane
922 2324 1023 2381 distra-

222 2422 290 2479 bcre
304 2421 396 2478 valeat
413 2438 429 2477 a
443 2429 577 2493 potestate
589 2420 676 2491 ipsius
685 2418 849 2476 defendatis.
876 2419 1024 2476 Nihilomi-

209 2532 279 2573 uns
293 2530 403 2589 qnoque
412 2514 580 2571 mandamus
594 2522 625 2569 ut
638 2512 702 2569 huic
711 2513 801 2585 legato
814 2520 912 2569 nostro
926 2514 1024 2568 Joanni

206 2608 408 2677 subdiacono,
423 2622 506 2681 quem
519 2606 555 2664 ad
568 2606 708 2663 hocrohis
717 2606 877 2674 diresiuun,
893 2606 1025 2662 arixilium

209 2704 256 2760 in
268 2704 315 2761 his
328 2718 392 2776 quse
414 2702 569 2759 necessaria
593 2699 695 2757 luerint
716 2700 876 2772 praebeatis,
891 2709 1025 2771 quatenus

204 2796 287 2869 ipse
299 2812 354 2853 unas
369 2796 513 2853 uobiscum
526 2812 589 2868 quae
603 2796 631 2853 in
645 2795 698 2851 hac
710 2811 740 2851 re
754 2795 880 2850 iacienda
893 2803 954 2850 sum
971 2810 1028 2848 me-

205 2892 228 2941 Ι
240 2889 282 2947 ius
297 2889 384 2963 possit
397 2890 522 2961 implere.

264 2986 339 3041 Data
356 2984 479 3041 seetmdo
493 2984 558 3040 ldus
568 2981 738 3039 Decembris.

497 3087 670 3142 EPlSTOLA
691 3086 768 3141 xvi.

569 3203 610 3243 an
627 3203 656 3243 rt.
679 3203 708 3243 tt.

530 3292 623 3352 (Axino
645 3294 735 3352 1080.)

204 3386 340 3445 Ianam
348 3386 422 3457 qnod
430 3393 578 3457 pareantum
594 3406 703 3444 snorrun
715 3391 833 3459 ecsliqiu
845 3390 947 3443 anitati
957 3388 1032 3443 clere

266 3464 325 3516 ron
349 3462 471 3513 alcimum
495 3476 559 3533 coqu
585 3464 729 3517 honitatem
755 3463 899 3517 Ecclesium
925 3464 1031 3529 pariant,

265 3532 389 3601 utqnea'u
401 3546 429 3586 eo
442 3533 472 3585 iu
482 3530 539 3585 atres
553 3536 641 3601 muqis
654 3536 797 3602 proficiunt
808 3534 944 3587 leortutnr.
959 3534 1032 3588 Corn·

266 3602 378 3657 merides
404 3604 441 3657 eis
472 3605 646 3663 llelmutiuna.
666 3605 889 3675 urnlu'episcopnm
928 3604 1032 3659 Narbo-

268 3676 359 3731 nensis
378 3674 503 3729 Ecclesiae
529 3678 652 3729 cononice
665 3677 786 3744 cleehun,
818 3682 847 3731 ut
866 3691 936 3742 cettan,
969 3678 1032 3729 turr-

268 3762 355 3815 qtntm
368 3761 460 3800 cernue
468 3752 616 3818 perstarem,
628 3747 766 3816 edicerent,
783 3753 807 3801 cl
817 3748 957 3817 perrenota
966 3748 1031 3800 resi·

268 3821 352 3872 slent.

268 3921 449 3978 Gsnsonxus
459 3920 613 3992 episcopus,
630 3935 724 3976 servus
735 3934 880 3975 serrorum
896 3918 959 3987 Dei,
971 3922 1030 3975 tt...

209 4019 261 4069 et
273 4016 345 4082 B...‚
360 4012 502 4070 nobilibus
517 4014 668 4071 comitibus
681 4013 800 4071 salutem
814 4021 841 4070 et
853 4012 1033 4084 apostolicam

209 4092 466 4163 benedictionem.

271 4203 416 4272 Quantum
438 4200 540 4258 donrus
553 4209 642 4258 vestra
663 4202 776 4259 beatum
797 4203 909 4257 Petram
919 4198 1032 4274 jamdu-

207 4284 303 4349 tlum
318 4292 455 4363 dilexerit,
481 4303 673 4368 quantumque
698 4296 752 4367 ipsi
774 4294 863 4352 ssdelis
886 4294 1031 4360 exstiterit,

1077 1764 1189 1821 milibus
1201 1774 1293 1823 autem
1306 1768 1424 1839 gratiam
1444 1768 1510 1825 darre
1525 1772 1590 1835 (Jue.
1612 1773 1666 1837 xv),
1680 1782 1783 1843 eosque
1796 1768 1872 1825 exal-

1078 1868 1146 1915 tare.

1115 1957 1184 2010 itata
1195 1955 1303 2011 decimo
1317 1956 1456 2041 Kalendas
1470 1959 1604 2013 lacunarii.

1337 2061 1514 2116 EPISTOLA
1533 2062 1623 2116 xvii.

1172 2168 1212 2207 an
1235 2167 1355 2209 cesana
1377 2170 1415 2211 ss
1440 2170 1587 2212 sennenn
1607 2168 1785 2213 assensere.

1371 2250 1465 2315 (Aurio
1486 2250 1576 2320 1080.)

1081 2340 1181 2407 ,ti-pun
1196 2342 1346 2397 Mirrrusacm
1369 2344 1433 2397 olim
1456 2346 1685 2414 archiepiscopum
1710 2350 1875 2411 hananaeus,

1116 2414 1164 2478 (μα’
1178 2412 1263 2480 legata·
1276 2415 1416 2482 apostolici
1423 2417 1554 2469 sententio
1569 2416 1714 2472 damnatus
1734 2420 1876 2475 Ecclesium

1117 2484 1202 2550 ipsura
1216 2485 1343 2539 irrrrnierc
1363 2489 1576 2557 presumpserit.
1597 2489 1685 2554 Quare
1707 2496 1793 2545 monet
1804 2496 1836 2546 ut
1853 2511 1876 2545 cr

1116 2555 1205 2609 irrorlis
1219 2557 1340 2609 ‹irrruibus
1358 2558 1500 2619 resistant,
1515 2561 1539 2611 el
1554 2558 1586 2612 cle
1601 2561 1717 2629 episcopi
1727 2564 1833 2616 Dinnis
1842 2564 1878 2617 lc·

1117 2628 1178 2689 pacati
1192 2642 1318 2679 carrasensu
1335 2628 1421 2681 ulirrrn
1434 2633 1568 2697 putatorem
1598 2630 1707 2697 eligunt,
1725 2634 1775 2701 qui
1786 2648 1878 2688 corcani

1117 2695 1252 2751 laboranti
1272 2697 1397 2753 Ecclesia
1407 2700 1546 2753 subrenirc
1558 2700 1657 2755 carleol.

1119 2800 1299 2857 Ganooaxns
1309 2802 1463 2873 episeopus,
1477 2816 1572 2858 servus
1588 2817 1731 2859 serrorum
1743 2805 1805 2871 Dei,
1823 2807 1880 2861 nni·

1084 2910 1164 2950 verso
1183 2896 1327 2951 Remensis
1345 2894 1475 2952 Ecclesiae
1489 2896 1561 2952 clero
1585 2904 1612 2951 ct
1637 2898 1750 2969 populo,
1763 2898 1879 2957 salutem

1060 3036 1066 3053 ,
1086 2996 1111 3042 at
1127 2987 1307 3059 apostolicam
1320 2987 1557 3045 benedictionem.

1122 3083 1184 3136 Non
1200 3080 1357 3137 dubitamus
1379 3082 1413 3138 ad
1434 3083 1564 3138 notitiam
1584 3092 1702 3141 vestram
1726 3067 1881 3156 pervenisse

1086 3174 1161 3245 quod
1183 3178 1334 3239 hiauasses,
1353 3176 1419 3229 olim
1433 3174 1522 3231 dictrrs
1541 3176 1763 3249 archiepiscopus
1780 3187 1880 3247 vester,

1085 3266 1246 3340 synodalem
1256 3268 1443 3324 damnationis
1455 3272 1697 3340 srraesententiam,
1708 3272 1882 3345 exigentibus

1084 3362 1172 3432 culpis
1184 3361 1251 3428 suis,
1266 3360 1441 3433 adjudicante
1456 3360 1595 3419 confratre
1604 3365 1805 3422 uostroDicnsi
1819 3367 1879 3437 epi·

1085 3470 1179 3526 scopo,
1202 3463 1305 3511 sancta
1332 3455 1469 3510 Romanae
1495 3456 1625 3513 Ecclesia
1650 3457 1739 3529 legato
1755 3457 1881 3516 subierit.

1086 3551 1177 3619 Qumn
1191 3548 1283 3620 itaque
1295 3546 1442 3619 diligenter
1456 3557 1660 3619 perscrutantes
1673 3559 1701 3607 et
1710 3566 1760 3622 pro
1771 3552 1881 3625 magni·

1086 3640 1182 3698 tudine
1210 3641 1386 3713 iniquitatum
1403 3641 1652 3715 ejrrsjustissimam
1671 3643 1757 3700 fuisse
1780 3661 1882 3718 appro-

1086 3734 1193 3804 bantes,
1206 3751 1239 3791 eo
1249 3743 1343 3791 tenore
1357 3736 1386 3790 in
1396 3738 1523 3792 Romana
1532 3734 1638 3809 synodo
1646 3735 1882 3809 confirmavimus,

1086 3838 1184 3901 rogatu
1194 3830 1344 3885 multorum
1354 3827 1485 3896 fratrum,
1494 3837 1534 3898 ut,
1543 3831 1679 3887 concessis
1690 3830 1741 3886 sibi
1752 3831 1882 3901 induciis,

1086 3923 1109 3978 si
1128 3931 1228 3993 posset,
1244 3922 1279 3978 ad
1300 3922 1507 3995 esprrrgandum
1533 3939 1563 3979 se
1579 3922 1613 3979 de
1627 3924 1745 3997 objectis
1759 3924 1884 3981 veniendi

1087 4015 1226 4072 licentiam
1241 4015 1357 4071 haberet
1377 4032 1410 4071 ac
1429 4016 1543 4071 liberam
1556 4015 1590 4072 de
1605 4032 1633 4072 se
1647 4017 1746 4090 agendi
1764 4017 1885 4075 faculta-

1088 4117 1161 4175 tem;
1180 4109 1219 4164 ita
1233 4107 1484 4164 tamcuutinterim
1505 4109 1639 4180 regimine
1654 4110 1740 4179 ipsius
1751 4112 1882 4169 ecclesiae

1088 4202 1205 4270 eederet,
1225 4210 1252 4258 el
1270 4203 1299 4257 in
1320 4200 1493 4258 Cltrniacensi
1517 4201 1557 4255 vel
1582 4201 1610 4256 ln
1636 4202 1728 4273 aliquo
1754 4204 1882 4275 religioso

1087 4295 1253 4352 monasterio
1267 4294 1389 4366 degeret,
1406 4302 1435 4349 ut
1447 4292 1526 4366 errjtrs
1537 4293 1700 4351 obedientiae
1717 4305 1883 4368 quantaeque

209 4386 360 4447 irrotare
378 4403 436 4444 non
459 4388 542 4445 modo
563 4389 635 4461 apud
656 4405 703 4445 vos
724 4389 820 4458 scitur,
843 4388 989 4445 sedetiam
1008 4386 1034 4442 iu
1048 4390 1074 4455 Ι)
1088 4389 1254 4445 humilitatis
1276 4396 1346 4445 essct
1360 4387 1532 4458 probaretur.
1549 4389 1652 4443 Verum
1667 4388 1747 4455 (sicut
1766 4388 1884 4461 vosipsi

209 4478 363 4539 Dluribus
375 4480 549 4539 diversarum
563 4484 687 4555 gentium
699 4483 826 4554 partibus
844 4491 942 4538 uotum
954 4481 1035 4538 habe·

209 4566 292 4631 tur.
308 4572 390 4632 Unde
399 4583 428 4632 et
440 4574 475 4632 de
487 4576 609 4632 inimicis
627 4577 786 4646 victoriam,
798 4585 826 4633 et
849 4590 904 4647 prae
927 4576 1035 4632 caetcris

212 4668 351 4726 naribus
359 4670 418 4726 suis
430 4666 564 4725 bonorem
575 4678 603 4726 et
615 4670 733 4742 gloriam
741 4670 874 4727 hactenus
884 4671 1036 4731 obtinuisse

213 4746 321 4836 ¹0nge
339 4762 450 4835 latoque
464 4762 647 4836 dignoscitur.
658 4766 727 4834 Quia
746 4780 811 4821 vero
829 4774 975 4836 parentum
989 4782 1037 4822 ve-

212 4854 373 4923 ⁸trorum,
388 4857 460 4913 sicut
473 4857 627 4914 nobilitatis
640 4858 753 4928 lineam,
769 4858 807 4915 ita
817 4875 926 4933 quoque
943 4859 1036 4930 probi-

214 4938 331 5005 ¹irtum
340 4948 434 5006 studia
445 4950 802 5025 rosimitarieognovimus,
813 4969 863 5025 pro
872 4962 947 5010 certo
962 4952 1038 5009 valde

218 5024 371 5099 ¹iselamur
384 5052 413 5100 et
426 5052 457 5097 ut
475 5041 608 5101 devotum
623 5047 748 5103 animum
760 5048 832 5103 eirea
857 5047 968 5103 beatum
986 5049 1038 5103 Pe-

219 5124 316 5193 trum
334 5145 363 5193 et
377 5145 499 5194 matrem
522 5138 648 5195 omnium
666 5150 792 5197 sanctam
812 5143 970 5197 itomanam
985 5143 1038 5195 Ec-

221 5220 356 5288 electam
373 5246 484 5303 semper
506 5234 619 5305 geratis,
633 5232 779 5289 salubriter
792 5232 939 5290 hortamur
957 5243 1041 5307 atque

227 5320 408 5392 ¹locaremus,
422 5325 503 5398 cnjus
516 5341 566 5382 vos
585 5325 761 5383 dilectionem
775 5334 867 5383 tenere
883 5327 976 5400 procul
989 5327 1040 5384 du·

231 5398 288 5474 hio
303 5419 334 5474 in
348 5418 424 5474 nullo
439 5418 538 5476 melius
552 5420 664 5490 protestis
679 5420 820 5476 ostendere
842 5436 927 5492 qnam
944 5421 977 5487 si,
998 5420 1042 5475 iu-

235 5501 286 5568 ltr
300 5520 403 5569 catera
423 5511 495 5569 bona
511 5527 572 5584 qrrae
589 5512 694 5570 debetis
706 5529 798 5586 agere,
810 5523 938 5570 sanctam
955 5515 1045 5569 Eccle-

245 5600 321 5661 siam
337 5606 492 5676 procumtis
499 5605 597 5677 juvare
609 5613 691 5678 atquc
707 5605 863 5663 defendere.
884 5610 981 5679 ltaque
999 5623 1044 5663 sa-

248 5682 302 5755 hut
328 5706 427 5757 vestrae
444 5698 581 5771 precipue
604 5698 788 5770 providentes,
813 5714 944 5772 rogamus
964 5708 993 5756 ot
1012 5715 1044 5756 ex

1088 4482 1172 4548 scitis)
1185 4497 1240 4538 nou
1252 4483 1344 4537 solum
1356 4480 1421 4536 lruie
1430 4478 1583 4536 definitioni
1597 4496 1654 4536 non
1673 4479 1807 4552 obedivit,
1823 4482 1884 4551 sed,

1089 4576 1125 4632 ad
1152 4583 1342 4645 contemptum
1363 4571 1562 4629 interdictionis
1593 4583 1705 4643 uostrae,
1732 4574 1885 4633 Ecclesiam

1090 4667 1345 4726 restraminvadcre
1357 4683 1389 4723 ac
1403 4665 1556 4737 impudenti
1569 4667 1758 4724 devastatione
1772 4666 1886 4725 eonfrm

1091 4764 1155 4821 dere
1166 4761 1356 4836 praesumpsit,
1371 4768 1467 4831 utpmte
1481 4775 1566 4832 quam
1583 4776 1639 4816 non
1660 4777 1708 4833 per
1722 4763 1840 4832 ostium,
1855 4772 1888 4819 ut

1093 4867 1198 4930 pastor,
1211 4855 1259 4912 sed
1270 4854 1389 4924 aliunde,
1411 4861 1440 4909 nt
1458 4853 1504 4909 fur
1522 4854 1829 4928 etsaevissimuspraedo
1842 4858 1887 4913 in-

1092 4951 1185 5018 travit,
1200 4949 1235 5006 ad
1249 4950 1301 5004 hoe
1310 4947 1412 5004 scilicet
1426 4955 1456 5002 ut
1469 4962 1583 5019 gregem
1595 4948 1771 5006 Dominieam
1785 4956 1889 5007 mactet

1093 5055 1120 5104 et
1137 5045 1240 5119 perdat,
1252 5058 1307 5099 non
1320 5050 1351 5097 ut
1363 5042 1502 5112 vigilantia
1524 5043 1643 5114 pastoris
1660 5051 1786 5116 protegat
1800 5052 1828 5101 et
1838 5043 1889 5101 de·

1095 5139 1188 5195 tendat
1213 5140 1300 5206 (loon.
1324 5140 1366 5201 s).
1395 5134 1538 5208 Siquidem
1569 5135 1638 5193 adeo
1662 5136 1692 5193 in
1720 5137 1889 5194 immensum

1094 5242 1206 5288 acturam
1225 5246 1340 5288 suorum
1369 5229 1486 5287 tetendit
1520 5230 1652 5302 iniquitas
1679 5240 1710 5287 nt
1737 5229 1892 5305 dignissime

1096 5323 1268 5382 damnationi
1287 5331 1369 5396 atque
1384 5323 1665 5381 excommunicationi
1682 5324 1840 5398 subiaceat,
1854 5325 1893 5379 ita

1097 5427 1128 5474 nt
1142 5418 1171 5473 in
1182 5424 1344 5490 perpetuum
1353 5416 1457 5475 niallam
1467 5417 1653 5474 restitutionis
1665 5431 1722 5475 srtae
1735 5433 1813 5488 spem
1824 5431 1890 5473 eon·

1098 5513 1187 5584 cipere
1202 5508 1309 5565 debeat.
1325 5513 1497 5583 Quapropter
1511 5508 1659 5581 apostoliea
1674 5509 1893 5565 vosanctoritate

1099 5620 1243 5662 monemus
1256 5612 1287 5658 ut
1308 5603 1441 5674 perversis
1460 5604 1568 5658 actibus
1585 5602 1645 5673 ejus
1668 5602 1697 5658 in
1719 5600 1793 5657 nullo
1815 5615 1894 5657 oom-

1102 5697 1263 5762 mnnieetis3
1280 5695 1352 5763 imo,
1370 5702 1402 5747 ut
1412 5692 1526 5749 tollatur
1537 5690 1576 5748 de
1589 5689 1677 5736 med*
