3870 6164
92 5566 96 5613 i

92 5783 110 5831 Ι

92 5844 112 5898 1

137 241 204 297 ιιιι
430 195 433 198 ’
585 239 729 295 serare.
750 203 793 296 ιιι.
813 269 849 282 -
867 241 1077 298 uenenatas
1095 226 1326 299 aencorum.
1688 201 1788 301 'sris'
1858 292 1866 300 .

135 362 244 433 raade;
254 362 382 436 quamvis
393 340 518 433 numne
527 361 691 434 septimane
701 363 824 436 ejusdem
834 364 929 423 obser·
943 373 970 437 Λ
982 367 1045 440 jure
1059 375 1188 440 perpetuo
1210 365 1353 423 humiliter
1372 327 1538 438 sanaceret‚
1552 374 1581 423 et
1594 364 1629 425 de
1642 374 1778 425 transama

134 456 252 515 radonis
274 470 333 513 esse
352 454 508 524 debuerint,
521 463 548 511 et
560 456 687 528 quamvis
701 457 744 513 alii
759 457 928 531 episcopatus
984 460 1170 517 inobedientia
1179 461 1258 533 juxta
1273 467 1441 533 preeceptum
1455 458 1561 516 abbatis
1571 459 1686 532 dignam
1700 460 1778 534 peui·

125 566 204 624 pene
214 564 312 607 omnes
326 548 483 622 predictam
498 550 726 607 constitutionem
736 551 797 623 jam
811 552 846 608 ab
859 554 931 609 anti·
984 555 1102 612 tentiam
1116 554 1210 627 exequi
1230 554 1367 621 studeret,
1382 555 1476 625 sicque
1491 552 1595 611 lactum
1614 562 1657 610 est
1668 562 1699 610 ut
1720 554 1777 611 sin-

133 658 188 718 que
200 643 351 701 tenuerint.
362 643 430 699 Haec
448 642 561 716 inquam
580 643 681 715 ipsein
696 645 808 717 proprie
822 647 930 717 episeo-
984 647 1054 705 edus
1072 647 1230 705 faciendum
1243 663 1302 704 esse
1318 647 1463 721 judicarit.
1485 649 1519 704 ln
1539 647 1666 721 Bajesria
1681 663 1779 720 magna

134 745 201 811 patu
214 745 243 794 et
255 751 289 793 ex
302 736 452 810 episcopali
463 736 628 793 auctoritate
641 745 711 794 etex
726 740 876 810 apostolica
891 740 929 796 le·
984 741 1138 797 mortalitas
1153 740 1337 813 grassabatur,
1355 740 1424 797 adeo
1439 739 1471 796 ut¹
1483 740 1511 796 in
1526 739 1721 813 Ratisponensi
1741 740 1779 796 ci·

133 831 246 906 gatione
269 830 403 887 canonice
428 831 520 902 potnit
544 831 703 899 instituere,
728 847 794 889 nem
819 833 931 907 lagatos
983 834 1069 891 vitate
1096 833 1167 890 intra
1194 834 1341 891 duedecim
1367 834 1531 906 septimanas
1558 833 1595 886 ⁶⁰7
1622 843 1684 891 octe
1706 832 1779 891 milia

132 922 189 982 fnit
202 923 446 996 sedisapostolicae
457 939 507 996 per
521 923 556 958 ⁶⁰⁵
579 932 670 981 totam
684 927 864 983 Teutonicam
878 935 932 983 ter·
985 927 1128 1002 quingenti
1140 928 1187 984 illa
1201 927 1371 985 mortalitate
1386 927 1531 1001 intercepti
1545 935 1779 996 numerarentur;

116 1033 194 1076 ram
218 1033 426 1091 usquequaque.
455 1018 635 1089 Querimenia
659 1019 789 1076 Praxedis
816 1021 930 1093 reginae,
985 1030 1028 1078 set
1041 1020 1142 1078 etalias
1155 1020 1309 1094 provincias
1323 1020 1421 1078 eadem
1434 1022 1588 1078 mortalitas
1602 1021 1709 1090 afflixit,
1725 1036 1781 1077 nen

135 1109 631 1186 quaedudumadWellencmdueem
644 1112 931 1171 ltaliaeamaritosuo
984 1123 1077 1171 tamen
1100 1114 1168 1171 adeo
1190 1123 1221 1170 ut
1236 1114 1406 1188 Bajeariam.
1419 1111 1459 1170 'ln
1479 1115 1636 1171 Teutonicis
1656 1113 1781 1186 partibus

135 1205 273 1275 discessit,
299 1203 334 1262 ad
360 1206 603 1263 constantiensem
630 1205 768 1280 synodum
798 1209 930 1280 pervenit,
985 1207 1072 1266 multa
1083 1208 1208 1281 prodigia
1226 1206 1386 1264 factasunt.
1402 1208 1781 1279 Nametlreminesseipses

135 1313 198 1372 quae
220 1313 251 1356 se
282 1303 371 1354 tantas
402 1306 516 1371 tamque
547 1298 685 1357 inauditas
715 1300 930 1359 fornicationum
984 1301 1195 1374 suspenderunt,
1219 1310 1247 1357 et
1267 1301 1323 1372 lupi
1348 1301 1451 1358 multos
1473 1299 1721 1358 manducaverunt.
1744 1303 1782 1356 Et

136 1392 287 1465 spurcicias
300 1399 358 1449 eta
375 1393 463 1448 tanbs
477 1407 587 1464 passam
607 1391 693 1451 farism
713 1404 865 1469 conquesta
890 1404 933 1453 est
984 1395 1036 1452 bec
1050 1412 1083 1453 ex
1102 1394 1196 1451 divina
1215 1395 1320 1452 ultione
1335 1393 1437 1451 lacttrm
1459 1410 1516 1451 nen
1538 1392 1727 1461 dubitabatur,
1746 1407 1779 1450 ee

136 1492 168 1543 ut
178 1486 263 1543 eliam
273 1484 347 1557 apud
359 1485 487 1542 inimices
499 1484 595 1560 fugam
609 1502 688 1544 suam
700 1487 831 1546 facillime
845 1506 930 1546 excn·
984 1491 1059 1563 qued
1073 1490 1161 1562 legem
1170 1488 1294 1546 meinam
1308 1488 1499 1561 neglexissent,
1515 1495 1544 1544 et
1556 1486 1780 1543 exeommunica-

135 1586 219 1647 saret‚
228 1594 380 1652 omnesque
390 1578 547 1636 Catbelices
561 1579 596 1636 ad
607 1583 828 1654 compassionem
842 1591 934 1641 tanta·
986 1584 1061 1640 tiene
1075 1583 1204 1640 maculari
1224 1598 1281 1639 nen
1295 1583 1461 1639 timuissent.
1474 1579 1600 1638 Fulmina
1618 1595 1729 1654 queque
1746 1579 1781 1636 de

136 1687 200 1729 rum
215 1672 384 1745 injuriarum
402 1670 455 1728 sibi
468 1673 637 1731 conciliaret.
657 1679 691 1732 ln
703 1675 739 1714 ⁶⁰⁶
753 1675 806 1734 hac
825 1674 931 1750 sydede
986 1678 1044 1735 celo
1056 1678 1176 1734 multum
1192 1677 1320 1734 hemines
1334 1683 1500 1732 terrueruut.
1514 1677 1586 1730 Nam
1602 1674 1630 1729 ln
1641 1681 1780 1730 monaste·

135 1765 297 1823 venerabilis
316 1764 401 1822 abbas
413 1764 564 1838 sigefridus
581 1766 618 1824 de
636 1768 705 1826 cella
727 1770 815 1827 sancti
838 1771 930 1828 Salva·
946 1744 970 1808 Β
986 1772 1028 1828 rie
1041 1771 1116 1844 apud
1130 1770 1305 1828 Utenburren
1316 1769 1356 1807 ⁶⁰⁸
1368 1769 1458 1841 majus
1472 1768 1633 1825 crucifixum
1646 1776 1674 1824 et
1687 1767 1779 1824 sedilia

136 1857 206 1917 teris
221 1874 303 1931 super
320 1862 479 1917 Teutonem
494 1860 585 1931 (1199)
603 1861 835 1921 obedientiarium
850 1880 932 1921 suum
987 1867 1197 1933 monachorum,
1219 1872 1314 1936 utpote
1328 1879 1384 1920 non
1402 1863 1562 1936 regulariter
1581 1861 1744 1929 viventium,
1764 1876 1781 1918 a

136 1967 168 2009 se
186 1952 375 2024 proclamavit,
390 1955 438 2025 qul
452 1969 482 2010 se
496 1962 523 2010 et
537 1954 608 2012 bena
623 1972 671 2013 sua
689 1956 725 2014 ad
739 1958 817 2015 illum
832 1974 933 2016 mona·
965 1961 1104 2018 'fulmine
1121 1960 1252 2030 dissipata
1275 1966 1349 2013 sunt.
1372 1958 1443 2013 ltenr
1467 1956 1496 2012 in
1517 1955 1658 2013 basiliensi
1676 1954 1781 2012 aeclesia

137 2046 254 2103 sterium
277 2047 362 2103 libere
391 2047 577 2116 cernundidit3
602 2048 650 2107 sed
677 2067 734 2107 nen
756 2052 845 2108 mtrlto
872 2061 935 2125 pest
987 2053 1085 2125 majori
1100 2051 1207 2109 fulmen
1221 2052 1350 2108 contrivit
1371 2049 1476 2107 trabem
1498 2050 1621 2106 crucifixi
1643 2057 1785 2106 sustenta·
1832 2114 1836 2127 Ι

137 2139 303 2213 sacrilegese
316 2147 346 2196 et
358 2156 407 2196 sna
417 2138 482 2196 inde
495 2142 604 2212 penitus
615 2142 932 2216 abalienaretemptavit.
988 2148 1097 2213 tricem,
1110 2145 1235 2201 videlicet
1248 2163 1313 2201 cum
1326 2145 1570 2201 excommnnicatis
1582 2142 1686 2207 ibidus
1705 2143 1785 2199 multi
1873 2188 1875 2193 .

136 2230 221 2290 Unde
231 2241 323 2289 sancta
337 2232 452 2290 sinodus
462 2233 540 2307 juxta
561 2243 664 2292 statuta
676 2253 813 2293 eaneuurn
825 2237 939 2310 judica*
988 2241 1187 2295 convenissent.
1201 2241 1261 2294 Hoc
1275 2238 1544 2310 tempore-magister
1560 2235 1740 2309 illanegeldus
1752 2235 1786 2293 de

138 2325 178 2381 vlt
194 2334 224 2381 ut
245 2327 286 2383 rir
304 2326 349 2383 ille
366 2326 468 2398 absque
487 2328 564 2384 emui
578 2328 798 2386 contradictione
819 2330 853 2386 nd
867 2330 933 2387 ebe·
989 2330 1158 2387 Lintenbaeh
1173 2331 1369 2386 monasterium
1385 2329 1548 2386 clericerum
1558 2328 1593 2362 ⁶⁰⁹
1603 2327 1675 2400 apud
1689 2327 1787 2383 Marlr-

136 2418 271 2478 dientiam
284 2419 325 2477 sui
339 2419 443 2477 abbatis
458 2420 572 2491 rediret,
587 2422 666 2495 eique
682 2439 747 2480 cunr
770 2425 829 2479 suis
853 2423 936 2479 bonis
990 2423 1058 2480 bach
1074 2428 1167 2490 (1111)
1177 2423 1318 2480 instituere
1332 2422 1416 2496 cepit,
1427 2438 1512 2496 seque
1525 2437 1612 2491 unum
1626 2419 1787 2478 eorumdem
1826 2468 1828 2473 .

784 2577 905 2631 lellAE
933 2576 1146 2631 Llictlottres.

139 2711 256 2841 ἄεξε
269 2720 293 2839 {¹
311 2715 344 2770 Τ.
364 2721 384 2769 ι.
407 2730 435 2771 n.
461 2715 559 2771 deraret
579 2723 603 2771 1.
621 2714 655 2750 ⁶⁰⁶
678 2720 710 2772 ln
728 2746 763 2757 -
785 2732 845 2773 csse
860 2717 993 2789 judicarit
1013 2720 1108 2774 desseret
1132 2724 1157 2771 9.
1184 2716 1217 2766 ‘⁰;
1245 2713 1436 2815 llebdomudns
1460 2721 1485 2770 3.
1506 2714 1539 2749 (⁰⁸
1566 2706 1745 2772 Utenbbrroa
1761 2720 1786 2769 2.

903 2888 1017 2944 NOEAE.

139 3005 230 3062 adbuc
252 3021 277 3061 a.
298 3006 394 3063 948111
415 3008 528 3064 concilio
545 3008 785 3081 lngilbeimensie.
802 3017 820 3068 d
840 3011 935 3069 decer·
953 3019 976 3082 c
993 3012 1168 3082 Mancpeldus
1181 3011 1331 3082 presbyter,
1345 3009 1534 3065 moderatorum
1559 3009 1691 3079 magister
1703 3010 1789 3078 mnqi-
1879 3043 1880 3046 ,

137 3077 215 3133 nitur
236 3080 268 3132 nt
306 3078 421 3135 asclnriis
435 3079 602 3136 bebdomada
624 3082 719 3150 festine
739 3087 795 3138 teta
821 3083 934 3138 celebre·
991 3089 1121 3147 atrorum,
1143 3087 1269 3138 strenuus
1289 3083 1541 3137 asser-teremitatis
1558 3083 1626 3149 fnit,
1645 3096 1790 3150 aquense

139 3154 202 3218 tur,
217 3155 246 3205 et
266 3093 396 3206 agnitor:
416 3154 442 3207 et
461 3153 491 3205 in
504 3155 673 3209 Pentecosten
691 3156 818 3223 secunda,
841 3158 934 3219 tertie,
988 3158 1130 3226 proscissis
1144 3172 1189 3209 racc
1208 3157 1290 3209 minis
1309 3153 1478 3208 schismatici
1496 3155 1568 3221 repis
1589 3151 1724 3222 (Heinrici
1745 3153 1790 3216 lV)

140 3224 241 3292 quarta
263 3223 334 3289 feria
356 3238 409 3277 nen
423 3224 511 3279 minus
530 3241 613 3295 quem
627 3226 684 3280 dies
699 3229 853 3282 llemiaieus
867 3229 935 3282 sole·
990 3230 1063 3296 ticeli
1080 3229 1263 3296 potationis
1278 3229 1357 3279 irnmo
1377 3227 1406 3277 in
1421 3225 1584 3279 dissertatore
1601 3225 1660 3287 ille,
1677 3238 1737 3292 qne
1748 3224 1790 3276 in·
1817 3238 1822 3243 ·

139 3294 240 3347 mniter
266 3293 420 3349 horreretur.
450 3293 530 3363 Quod
550 3305 642 3351 tannen
671 3297 699 3351 in
726 3297 936 3353 desuetudinem
993 3303 1032 3352 ter
1047 3297 1202 3366 Greqerimn
1226 3295 1789 3363 91111Ποιιιιίιιιιιι[1190191911.μο

140 3363 242 3420 abiisse
263 3362 306 3419 bic
326 3380 361 3420 er
380 3365 517 3422 Bernoldo
532 3367 678 3438 colligitur.
701 3369 766 3424 Uss.
791 3367 832 3425 Cf.
860 3373 934 3424 dnn.
994 3369 1095 3422 trrcrrda
1117 3370 1230 3437 justitie
1251 3367 1386 3421 leberueit
1408 3382 1491 3435 usquc
1509 3367 1547 3421 ad
1569 3367 1691 3434 sistente,
1716 3363 1791 3436 qued

141 3436 259 3508 August.
272 3433 301 3490 b.
316 3451 342 3491 a.
992 3437 1147 3494 Bernoldus
1164 3436 1199 3492 nd
1212 3452 1237 3492 a.
1259 3442 1325 3493 1098
1340 3433 1433 3491 refert.
1454 3436 1653 3493 ln-Annalibus
1665 3435 1792 3491 brevibus

177 3510 269 3575 (elta)
289 3509 332 3562 De
350 3506 402 3564 hee
423 3506 483 3579 jam
504 3508 560 3580 egit
581 3509 735 3565 Bernoldus
756 3507 791 3565 ad
813 3523 838 3563 a.
858 3515 935 3579 1999,
993 3509 1153 3580 argentin,
1174 3523 1237 3563 saec.
1254 3523 1302 3563 x11
1317 3504 1503 3575 (Grandidier,
1520 3509 1617 3562 Preuv.
1632 3506 1670 3563 du
1684 3506 1745 3562 Vel.
1762 3507 1789 3561 11

140 3584 304 3634 remtamen
313 3577 394 3634 aliter
406 3587 516 3635 enarrat
525 3580 683 3636 Cluenicen
692 3579 937 3636 Peterslrusanum.
994 3581 1028 3636 de
1047 3579 1130 3636 l’hist.
1146 3579 1283 3645 d'dlsaee,
1296 3579 1339 3633 tit.
1365 3583 1429 3643 133)
1442 3576 1517 3633 haecs
1538 3579 1561 3632 le
1583 3586 1687 3634 untur:
1706 3577 1789 3632 Anno

140 3649 208 3706 Ues.
994 3656 1070 3708 Deire.
1085 3653 1157 3708 Ml'C
1177 3650 1350 3717 retractasse
1370 3649 1499 3705 dferbueb
1513 3664 1540 3704 ee
1565 3652 1623 3704 esta
1642 3650 1671 3705 S.
1695 3651 1791 3717 Augu·

180 3723 269 3785 (1121)
280 3721 311 3775 ln
324 3719 425 3776 alsatia
436 3736 485 3791 pro
506 3721 707 3780 eColmariam.
724 3725 766 3778 De
777 3721 830 3779 hoe
845 3723 938 3777 blane·
994 3724 1215 3778 atiniamilitari
1233 3725 1258 3776 et
1271 3721 1376 3775 illustri
1388 3722 1448 3774 ciro
1471 3720 1629 3775 Barcbnrde
1647 3720 1681 3776 de
1700 3719 1791 3777 (lebet-

142 3790 225 3861 gelde
246 3806 336 3863 aeque,
354 3800 385 3847 ιιι
402 3738 555 3849 Βιιιιοῗάιιι
568 3803 636 3863 erat,
651 3793 857 3867 poerriteutiario
873 3808 940 3863 epo·
994 3795 1096 3859 sentire,
1108 3794 1185 3864 errius
1199 3793 1310 3862 adiutor
1321 3796 1346 3847 et
1360 3796 1511 3861 cooperator
1519 3792 1791 3872 fidelissimusmcpi-

142 3861 254 3928 stolice,
278 3877 416 3934 quemque
442 3863 466 3919 is
497 3865 550 3921 boc
574 3874 601 3921 et
623 3867 700 3921 annis
728 3871 794 3922 1991
826 3880 859 3920 ac
880 3880 937 3936 seq.
993 3871 1048 3921 ster
1061 3864 1234 3934 Mernpeldus
1256 3863 1289 3918 de
1310 3862 1463 3919 lutenbach
1480 3865 1596 3918 enstuit.
1618 3861 1700 3932 Quod
1721 3870 1791 3917 rtem

142 3930 320 4005 depraedicat,
339 3933 472 3990 nonnulla
492 3935 639 3992 subnotare
653 3937 742 3993 vbum
758 3944 810 3992 est.
832 3936 940 4008 (legno-
995 3936 1094 4008 legitur
1106 3936 1134 3990 ln
1151 3934 1305 4007 fragmento
1321 3933 1385 3990 bist.
1402 3933 1475 4005 apud
1491 3933 1594 3991 Urstis.
1610 3948 1637 4004 p.
1652 3948 1688 3999 ιι,
1688 3949 1729 4058 Α)
1743 3937 1789 4012 tit.

144 4017 304 4059 mensuum
322 4002 358 4060 de
380 4004 540 4062 Lutenbaclr
553 4022 568 4059 a
582 4007 733 4077 superioris
757 4007 867 4063 Alsatiae
889 4022 938 4086 ep·
995 4007 1078 4064 Unde
1096 4007 1251 4063 Bernoldus
1272 4004 1325 4061 boc
1347 4003 1383 4061 ad
1402 4020 1428 4061 a.
1452 4010 1521 4061 1991
1545 4003 1668 4060 referens
1708 4001 1790 4057 erlle

143 4072 211 4148 pide
235 4074 415 4132 Lautenbacb
437 4092 484 4132 seu
505 4076 673 4145 Luterbaeb‚
693 4078 765 4134 unde
784 4085 862 4132 ortus
877 4075 939 4144 furt,
995 4086 1119 4150 tempere
1132 4077 1321 4150 intelligendus
1338 4076 1424 4144 venit,
1436 4091 1491 4147 quo
1509 4076 1637 4130 absolute
1651 4079 1791 4153 monaste-

142 4143 260 4202 traxisse
276 4143 393 4202 ridetur.
408 4149 449 4204 De
461 4148 507 4205 ille
522 4152 580 4204 lraec
599 4148 757 4205 bichardus
774 4148 942 4204 Pictarensis
995 4150 1038 4206 rie
1057 4150 1219 4205 canonicam
1236 4149 1272 4202 ibi
1291 4149 1376 4202 vitam
1395 4147 1521 4215 instituit,
1545 4144 1646 4216 etipse
1664 4158 1693 4199 se
1716 4142 1791 4198 1llrus

145 4215 175 4272 in
198 4214 405 4274 chronicasaec.
424 4233 472 4274 ιιι
487 4220 741 4285 (blartcnecellect.
763 4219 848 4301 ampl.
865 4225 885 4272 t.
906 4220 940 4287 v,
996 4220 1137 4276 canonicis
1151 4217 1288 4291 adjunxit,
1309 4215 1398 4272 factus
1408 4217 1483 4272 brevi
1501 4223 1563 4287 pest
1595 4217 1681 4271 rimus
1692 4226 1790 4269 eorum
1868 4270 1870 4275 ,

145 4301 175 4358 p.
191 4291 269 4356 1169)
288 4306 295 4343 :
311 4292 364 4344 His
381 4291 544 4359 temporibus
568 4294 702 4362 (tempere
725 4290 851 4347 Heinrrci
864 4291 888 4358 1,
900 4305 941 4345 re·
997 4291 1169 4372 praepositus,
1191 4287 1280 4359 qualis
1295 4287 1353 4357 jam
1367 4293 1479 4367 notatur
1492 4286 1520 4341 in
1535 4233 1608 4342 buffo
1630 4284 1738 4343 Urbani
1756 4281 1792 4339 ad

144 4357 187 4428 gis
200 4358 309 4427 Galliae,
322 4359 446 4432 adeoque
465 4369 527 4417 ante
550 4368 686 4430 ιι.1959,)
707 4363 892 4432 llorerecerpit
911 4364 980 4442 inq)
997 4376 1072 4433 ipses
1084 4360 1203 4417 Turonis
1216 4373 1250 4414 rx
1275 4357 1339 4413 Kal.
1362 4357 1448 4428 dprrl.
1469 4372 1495 4412 a.
1519 4361 1597 4424 tere,
1624 4355 1688 4413 data
1707 4352 1790 4436 (Gall.

148 4429 309 4486 Tbentorriee
324 4433 395 4486 terra
408 4433 586 4505 itenepaldns
600 4434 785 4505 pbileseplms,
801 4433 902 4487 diuinis
917 4436 943 4487 et
999 4431 1099 4490 Christ.
1121 4439 1142 4488 t.
1161 4433 1185 4488 V
1205 4431 1345 4492 instrum..
1365 4443 1391 4499 p.
1407 4431 1479 4495 171).
1502 4431 1566 4500 Quo
1587 4435 1714 4498 tempere
1734 4440 1742 4480 ι
1762 4438 1792 4483 se

146 4501 322 4556 secutaribus
345 4504 444 4557 litteris
463 4506 538 4561 ultre
559 4511 703 4561 coetaneos
723 4521 786 4561 sues
807 4504 941 4559 eraditus.
997 4502 1179 4577 Manegeldus
1193 4516 1256 4558 cum
1269 4498 1397 4573 pontifice
1407 4499 1526 4555 Turonis
1539 4506 1607 4581 crat,
1622 4495 1696 4554 baud
1708 4440 1792 4553 dubie

151 4571 227 4626 Uror
238 4573 443 4644 qnoqueejuset
455 4577 529 4643 plia,
543 4578 670 4645 reiigione
683 4578 815 4645 termites,
828 4576 943 4630 multam
997 4574 1159 4632 monasterii
1178 4573 1220 4630 sui
1242 4569 1483 4629 confirmationem
1506 4576 1650 4641 petiturus,
1669 4575 1698 4624 et
1709 4567 1791 4650 ‘ferte

147 4642 181 4697 in
194 4642 342 4712 scripturis
357 4645 471 4700 bebecre
484 4648 621 4714 miiitum,
632 4650 657 4701 et
666 4648 809 4717 dbmpmes
816 4648 943 4716 proprios
997 4655 1064 4703 tnnc
1076 4646 1183 4717 primus
1194 4643 1228 4699 ab
1237 4658 1270 4700 ee
1281 4641 1441 4714 praepositus
1451 4640 1629 4697 constitutus.
1645 4638 1792 4712 Celbgrtur

147 4712 279 4838 flioeejus
289 4715 430 4783 predicte
443 4717 579 4772 decebant.
597 4715 733 4773 Eumdem
752 4716 877 4772 dilaudat
886 4719 943 4773 Bu·
997 4718 1027 4774 id
1039 4733 1071 4774 er
1086 4717 1184 4773 litteris
1194 4712 1318 4786 ejusdem
1336 4712 1444 4770 Urbani
1454 4713 1481 4767 11
1490 4712 1525 4769 ad
1539 4708 1719 4770 Gebhardum
1731 4709 1791 4783 epi·

158 4797 217 4840 aeus
227 4783 309 4849 (illst.
323 4785 453 4842 Univers.
467 4788 565 4856 Paris„
577 4795 597 4845 t.
612 4791 633 4857 l,
649 4803 676 4858 p.
694 4794 757 4854 317)
775 4805 782 4842 ι
798 4790 944 4856 nlanrpaa-
998 4803 1114 4858 scopum
1125 4785 1361 4845 constantiensem
1371 4799 1396 4839 a.
1412 4786 1480 4839 1099
1494 4784 1578 4854 (Pes,
1592 4782 1673 4841 Thes.
1686 4780 1792 4839 Anecd.

149 4854 202 4910 das
219 4853 252 4910 de
265 4856 418 4912 Luterbaclr
434 4859 592 4915 Teutonicas
604 4860 716 4915 Parisiis
733 4859 855 4914 omnibus
866 4859 945 4914 disci·
999 4867 1021 4915 t.
1032 4859 1080 4925 Vl,
1097 4875 1124 4930 p.
1138 4873 1159 4923 r,
1173 4873 1200 4929 p.
1213 4855 1287 4981 Ἢ,
1304 4855 1332 4911 in
1346 4854 1446 4928 quibus
1459 4861 1577 4912 testatur
1597 4870 1638 4921 se,
1658 4869 1722 4910 curn
1736 4856 1792 4909 Tu·

146 4925 236 4996 plenis
248 4926 534 4998 imbuteeinpotnbm
542 4930 707 5000 regreditur,
717 4934 742 4985 et
752 4929 824 4999 quad
836 4928 945 4991 didicit,
1000 4930 1075 4986 renis
1088 4937 1172 4997 esset,
1186 4943 1235 5001 per
1280 4926 1446 4998 anegeldum
1461 4925 1623 5000 magistrum
1634 4924 1793 4984 scholarum

146 4995 330 5077 popularibus
352 5002 556 5082 repentaliter
577 4999 691 5059 uberius
707 4999 947 5057 declaratTrithe·
1001 5001 1077 5056 litem
1099 5014 1265 5071 componere
1286 5006 1406 5054 tentasse
1429 4997 1500 5054 inter
1518 4995 1742 5055 Senfbnsensium
1766 4996 1794 5046 et

151 5081 228 5124 nnius
239 5069 347 5133 (annal.
361 5072 452 5142 lius,
466 5081 486 5129 t.
496 5075 520 5140 1,
531 5090 558 5147 p.
568 5072 687 5140 282),ad
698 5088 725 5129 a.
739 5076 807 5128 1991
818 5069 855 5127 de
863 5069 948 5127 Theo
990 5070 1280 5128 liabenbuchensium
1309 5069 1535 5142 congregationes
1563 5077 1696 5126 erorum.
1728 5063 1794 5118 Erat

151 5151 219 5222 gere
233 5152 266 5194 er
280 5140 308 5195 S.
321 5141 432 5214 Georgii
447 5143 555 5213 abbate,
575 5152 669 5217 postea
682 5143 798 5200 lietensi
817 5142 949 5214 episcopo
1003 5142 1086 5214 igitur
1097 5140 1255 5199 adbuedum
1269 5139 1427 5197 scholarum
1439 5140 1579 5215 magister,
1592 5155 1657 5197 curn
1669 5137 1795 5217 Turnum

152 5217 193 5267 tta
206 5208 328 5268 scribens
342 5232 348 5268 :
370 5216 416 5271 Ad
431 5216 536 5273 litteras
548 5217 670 5286 ponitur,
690 5220 716 5271 et
730 5216 780 5270 rub
796 5214 950 5284 magisterio
1005 5213 1155 5282 accederet,
1170 5212 1332 5269 nominatus
1340 5210 1403 5267 dein
1416 5227 1432 5266 a
1447 5227 1480 5285 pe
1499 5210 1710 5286 ablarbacensrs
1723 5216 1796 5274 prae-

151 5280 296 5365 ettjusdam
317 5286 472 5355 Meneqeldi
483 5289 609 5359 praetecti
619 5288 768 5343 sciolorum
783 5287 814 5341 in
834 5286 951 5342 disatioe
1005 5281 1455 5409 pesitusvidGalliaCbrist.‹{t.
1470 5229 1686 5364 1938411111
1704 5281 1798 5330 11111θῦ

151 5367 306 5427 monimen,
325 5357 382 5411 eiri
395 5359 549 5413 nenselarn
564 5358 723 5421 doctissimi,
743 5357 885 5414 sedetiam
899 5373 953 5412 me·
1005 5356 1162 5413 coenebrum
1184 5352 1257 5409 rstud
1279 5355 1411 5410 melrusa
1448 5352 1632 5409 basileensem
1647 5359 1732 5420 quarn
1746 5350 1799 5400 Ar-

153 5438 223 5480 rum
236 5427 391 5482 teneritate
398 5429 565 5498 integerrimi
575 5429 633 5497 (qni
645 5427 818 5485 Christianus
832 5432 902 5484 reete
914 5428 954 5482 di·
1006 5434 1228 5499 genteratensem
1248 5421 1392 5483 dioecesim
1421 5423 1577 5503 referretur.
1597 5420 1695 5497 instat
1711 5430 1798 5499 perro

154 5494 265 5552 rebatur
277 5501 304 5553 et
317 5497 570 5583 eratpbilesopbns)
581 5501 678 5570 optime
689 5501 868 5557 institutasin
882 5501 955 5555 breui
1008 5495 1081 5570 apud
1099 5495 1210 5553 Pezlum
1223 5497 1250 5563 (l.
1269 5512 1304 5563 ιι,
1321 5513 1347 5570 p.
1364 5494 1492 5574 tabitha
1505 5486 1614 5545 Urbim
1628 5488 1656 5543 ll
1675 5486 1803 5571 09111011,

155 5566 249 5622 deciate
265 5571 441 5639 omnipmere
457 5573 630 5626 amentiorem
640 5572 736 5639 evasit,
768 5570 823 5628 ued
835 5578 955 5643 spectata
1008 5570 1037 5626 in
1058 5584 1122 5640 qua,
1141 5567 1305 5640 exprobrata
1322 5565 1509 5640 praepesrteet
1521 5556 1565 5636 .M·
1582 5555 1731 5640 decanatu
1741 5559 1804 5613 Rat-

155 5636 297 5709 Tbeogeri
308 5648 391 5696 state
400 5639 472 5696 circa
486 5655 512 5697 a.
523 5639 706 5698 lebelactum
716 5587 835 5700 rigetur.
845 5641 956 5699 Defun-
1009 5638 1128 5698 tenbucb
1142 5638 1339 5698 inobedientiae
1352 5647 1378 5694 et
1387 5625 1650 5705 dolositatisculpa,
1660 5629 1712 5712 snb
1726 5635 1808 5711 inter-

156 5714 306 5766 ctaautem
319 5724 405 5766 uxore
418 5710 559 5769 clericatui
572 5728 676 5769 nemen
688 5711 774 5781 dedit,
785 5713 823 5770 ita
834 5713 911 5771 enim
922 5710 957 5768 de
1010 5710 1076 5769 dicti
1093 5727 1175 5784 poena
1194 5710 1319 5785 praecipit
1337 5692 1613 5778 utscafbuaessttbth
1629 5698 1809 5781 §atttfaffllssb

157 5796 192 5838 eo
213 5793 371 5851 anonymus
383 5783 550 5841 Mellicensis
564 5783 599 5842 de
613 5784 713 5857 Script.
728 5783 824 5842 eccles
838 5800 865 5840 c.
890 5785 956 5852 195)
1012 5784 1095 5840 Hunc
1109 5784 1304 5856 Menegeldnm
1316 5777 1351 5847 (ti
1364 5784 1456 5834 ⁸³⁰¹⁶¹¹
1470 5766 1814 5827 1111111111111111111·1111111

308 5871 422 5928 Parnon.
442 5873 574 5934 cxtvtll.
1602 5853 1640 5908 lb
