3870 6164
180 146 271 175 4,

51 266 88 325 π
296 262 300 271 ·
553 261 813 324 naoteaouatx.
834 296 870 307 -
886 267 975 324 7777
993 269 1022 324 s.
1041 269 1213 326 oauoomr.
1444 338 1448 345 ,
1670 286 1706 340 rs
1809 268 1812 273 ’

52 395 174 453 convelli
189 417 195 451 :
210 393 261 452 sed
274 401 368 451 tamen
381 393 430 463 its,
444 400 473 450 et
483 393 565 451 dicite
577 399 634 462 (77)
649 393 717 467 Regi
731 400 762 450 ut
775 393 852 465 flagi·
870 399 897 463 Α
910 392 945 449 ad
967 408 997 450 se
1014 396 1134 451 Romam
1149 396 1239 451 uenire
1259 397 1444 469 permitteret3
1465 417 1496 458 ea
1512 403 1604 475 utique
1618 404 1705 463 inton-

52 490 134 560 tium,
154 489 232 563 quod
251 490 281 546 ln
303 493 406 573 Deum,
421 496 450 545 et
465 491 497 544 Β.
519 491 640 557 Petrum,
657 488 768 561 ejusque
781 487 858 544 Vica-
910 487 993 553 bone,
1008 496 1040 545 ut
1054 496 1128 545 taam
1147 488 1252 548 facilius
1263 493 1364 565 Papam
1378 492 1472 552 fallere
1486 507 1589 568 posset,
1602 509 1704 570 quanto

52 585 126 642 rium
137 583 289 653 commisit,
301 581 427 640 emendet
438 601 446 650 ;
456 598 490 638 ne
501 598 545 639 me
553 590 719 655 praeeuntem
731 581 765 639 ad
780 581 857 639 inseri
909 583 1051 655 pauciores
1065 585 1151 657 Regni
1168 585 1312 658 Principes,
1324 586 1382 660 jam
1396 590 1496 661 saepius
1517 593 1629 649 astutias
1645 593 1705 666 ejus

55 679 114 737 loca
125 688 275 751 sequatur3
288 687 317 735 et
329 677 390 735 brec
401 676 505 747 dicens,
521 676 675 749 exspiravit.
689 678 750 733 Hoc
762 691 856 733 exem·
910 677 1041 750 perpessi,
1056 678 1233 737 discutiendae
1244 681 1302 754 ejus
1325 698 1415 741 causae
1427 684 1599 743 interessent.
1623 688 1704 745 Unde

57 772 104 848 plo
126 772 300 842 commoniti,
319 771 463 828 borumur
483 779 512 828 et
538 769 716 828 obsecramus
745 786 857 827 omnem
909 779 938 827 et
947 774 1019 845 Papa
1031 774 1103 830 votis
1115 773 1174 845 ejus
1186 790 1244 832 non
1256 777 1361 847 annuit,
1377 777 1424 834 sed
1436 788 1465 836 nt
1476 781 1613 855 Principes
1627 798 1707 854 roga·

58 866 201 925 bominem
213 866 259 941 qui
275 867 337 922 baec
350 865 449 940 scripta
462 863 566 938 legerit,
584 873 616 922 ut
631 864 751 922 declinet
763 864 855 922 detra·
885 916 888 923 .
910 874 1014 937 verant,
1029 867 1064 925 ad
1077 868 1233 926 condictum
1246 870 1318 927 diem
1333 872 1422 928 venire
1434 872 1585 947 disposuit,
1601 883 1629 932 et
1642 879 1706 935 sub·

59 960 185 1019 bentium
196 960 304 1033 linguis,
325 959 348 1018 si
369 959 472 1043 ararult
484 959 654 1017 consortium
677 958 778 1016 babere
792 974 856 1016 cum
909 968 1051 1033 sequentes
1071 962 1206 1035 Epistolas
1229 964 1398 1038 Principibus
1420 969 1518 1041 Regni,
1543 986 1594 1042 pro
1616 971 1706 1045 dispo-

57 1056 192 1130 Gregorio
205 1056 233 1113 in
246 1055 442 1112 resurrectione
456 1054 618 1126 vitae,quam
632 1069 697 1111 cum
711 1052 856 1111 detraben·
909 1054 1001 1111 nendo
1016 1056 1111 1112 itinere
1123 1073 1185 1126 suo,
1199 1060 1360 1118 transmisit.

56 1150 130 1209 abus
153 1150 321 1223 supplicium
348 1149 447 1206 subire.
473 1151 553 1205 Nunc
579 1148 624 1206 bic
641 1148 676 1206 ad
693 1148 855 1205 memoriam
945 1155 991 1207 tn.
1011 1151 1187 1224 «Gregorius
1203 1153 1362 1228 Episcopus,
1377 1171 1624 1216 servasserrorum
1642 1161 1702 1226 Dei,

56 1244 127 1303 redit
148 1260 207 1302 non
230 1244 321 1301 minus
341 1243 468 1300 terribilis
490 1242 629 1300 damnatio
653 1242 786 1315 Spirensis
800 1247 854 1309 (74)
912 1243 1136 1319 archiepiscopis,
1154 1247 1303 1321 Episcopis,
1324 1250 1455 1320 Ducibus,
1477 1252 1636 1322 comitibus,
1656 1270 1706 1310 nec

55 1338 196 1412 Episcopi,
208 1339 253 1411 qui
268 1338 364 1395 eadem
382 1337 574 1407 dle,ldestv1
595 1336 735 1393 Kalendas
753 1336 854 1405 blartii,
909 1353 964 1394 non
983 1339 1132 1412 majoribus
1145 1349 1226 1414 atque
1239 1342 1391 1401 minoribus
1414 1345 1441 1401 in
1463 1348 1559 1419 Regno
1573 1346 1705 1405 Teutoni·

52 1434 110 1491 imo
126 1432 227 1491 cadem
237 1432 316 1502 bora,
329 1432 420 1490 subito
434 1433 511 1506 quasi
523 1431 644 1505 quodam
663 1429 788 1487 invisibili
801 1431 856 1488 telo
909 1447 1007 1490 corum
1020 1435 1184 1500 constitutis,
1206 1437 1365 1495 salutemet
1387 1442 1573 1512 Apostolicam
1591 1442 1699 1501 benedi-

54 1542 215 1605 percussns,
238 1527 313 1600 apud
333 1528 438 1600 Spiram
457 1526 588 1583 infirmari
605 1526 699 1599 coepit,
720 1542 773 1599 qua
789 1526 856 1582 bora
910 1527 1037 1584 ctionem.
1054 1531 1123 1599 Nos,
1138 1529 1238 1603 indigui
1259 1541 1288 1588 et
1307 1533 1413 1591 inutiles
1432 1536 1567 1609 Principis
1589 1542 1707 1609 Aposto-

51 1632 80 1681 et
93 1639 208 1681 musam
217 1622 278 1696 ejus
291 1621 317 1679 in
333 1625 459 1679 Romana
473 1620 583 1695 synodo
597 1628 691 1678 noster
705 1620 856 1694 Gregorius
910 1620 1000 1677 larum
1014 1623 1094 1694 serti,
1109 1647 1120 1673 7
1137 1633 1189 1680 777.
1210 1627 1280 1683 Vim
1293 1629 1371 1696 iutra
1384 1631 1454 1684 irater
1466 1632 1606 1700 epistolas.

50 1721 125 1791 Papa
148 1717 280 1775 renatare
301 1716 412 1788 incepit.
436 1715 512 1772 idem
529 1731 638 1788 qnoque
660 1715 743 1772 tertia
759 1714 812 1783 die,
826 1712 855 1770 id
944 1723 989 1772 73.
1007 1740 1021 1771 7
1040 1719 1199 1791 Gregorius,
1215 1736 1309 1777 servas
1333 1738 1474 1780 servorum
1496 1725 1555 1792 Dei,
1578 1725 1706 1782 omnibus

50 1821 92 1871 est
102 1826 138 1870 tr
152 1809 293 1868 Kalendas
307 1810 410 1879 Martii,
426 1809 616 1866 miserabiliter
627 1808 782 1882 exspiravit,
799 1824 854 1864 non
871 1811 895 1873 Β
910 1809 1134 1884 Arcbiepiseopis,
1163 1820 1191 1869 ct
1216 1814 1364 1886 Episcopis,
1388 1816 1549 1887 Abbatibns,
1570 1819 1702 1887 Ducibus,

50 1907 189 1980 imparem
218 1914 347 1979 expertus
370 1902 520 1962 eiflcaciem
545 1903 615 1960 iltius
638 1903 779 1960 sententiaa
803 1918 857 1974 qua
909 1904 1122 1976 Marclrionibus,
1145 1908 1325 1980 omnibusque
1341 1908 1521 1967 Christianam
1535 1920 1562 1968 et
1583 1914 1616 1967 D.
1632 1911 1706 1968 Petri

51 2002 151 2059 Petras
164 2000 313 2074 Apostolus
328 1999 465 2057 Ananiam
486 2008 514 2055 et
528 1998 690 2071 sapphiram
706 1996 855 2054 damnavit.
910 1996 993 2055 fldem
1006 2008 1034 2055 et
1048 1999 1202 2057 doctrinam
1216 2000 1423 2061 defendentibus
1435 2013 1463 2062 et
1484 2005 1702 2077 observantibus,

363 2106 483 2161 CAPUT
496 2105 549 2161 tx,
909 2093 1076 2153 salutemet
1098 2098 1246 2154 Brutorum
1268 2098 1462 2169 Apostolorum
1485 2100 1559 2157 Petri
1584 2108 1612 2157 et
1629 2101 1706 2158 Pauli

52 2207 167 2266 flam·
183 2205 317 2263 simulata
361 2206 510 2260 mittentia,
538 2202 694 2273 Prtnctpum
715 2206 856 2257 mnsam-ps
908 2187 1147 2247 benedictionem:
1164 2191 1341 2265 orttninmque
1362 2202 1537 2266 peccatorum
1557 2195 1707 2252 absolutio·

223 2280 315 2334 Dima.
371 2276 502 2346 eqoriiad
516 2277 688 2344 cosbeuulio·
908 2298 983 2339 nem.
1012 2287 1080 2359 Ego,
1107 2284 1302 2359 qualiscunque
1336 2289 1479 2356 Sacerdos,
1507 2290 1705 2361 Apostolorum

87 2388 136 2440 tt.
167 2383 240 2440 Cum
269 2381 350 2456 igitur
378 2380 499 2454 predicti
533 2379 617 2452 Regis
650 2378 855 2436 conversionem
909 2378 1038 2450 Principis
1048 2394 1151 2448 servus,
1176 2402 1190 2429 7
1206 2388 1258 2436 777.
1274 2381 1341 2436 Vide
1355 2383 1665 2456 iufeaiutercpistolas.

50 2478 109 2554 iam
125 2477 176 2535 diu
191 2485 221 2533 et
236 2474 337 2535 frusta
348 2474 485 2548 Principes
499 2480 697 2547 exspectarent,
712 2480 739 2530 et
753 2482 855 2530 statum
943 2475 1307 2547 74.1ntereaRex,propriae
1320 2476 1557 2548 cnusaediilidens,
1570 2479 1706 2538 etidcirco

54 2574 144 2647 Regni
161 2570 341 2645 periculosius
358 2568 461 2626 indies
480 2566 703 2639 disturbandum,
728 2567 783 2624 imo
798 2568 856 2623 sine
907 2565 1073 2623 audientiam
1083 2567 1159 2624 istius
1170 2570 1257 2641 Regni
1268 2569 1478 2644 subterfugiens,
1489 2571 1589 2630 furtive
1600 2575 1705 2631 ltaliam

15 2652 27 2667 ⁰
55 2668 142 2740 eapite
152 2666 214 2739 jam
236 2664 343 2739 penitus
365 2662 568 2721 destituendum
581 2662 723 2731 viderent3
744 2661 856 2736 tandem
908 2676 972 2718 cum
997 2663 1249 2731 excommunicatis,
1272 2673 1367 2721 contra
1390 2677 1556 2739 praeceptum
1576 2671 1658 2743 Papae
1680 2678 1709 2725 et

55 2761 110 2819 nelo
126 2762 183 2817 Dei
192 2759 301 2828 armati,
316 2775 382 2816 cum
399 2758 509 2831 Legatis
524 2756 690 2830 Apostolicae
702 2755 779 2813 Sedis
800 2759 854 2822 (75)
909 2754 1019 2811 canalia
1032 2756 1200 2827 Principum,
1220 2757 1344 2829 intravit;
1361 2767 1389 2815 et
1408 2762 1565 2834 Apostolico
1580 2762 1616 2819 ad
1636 2779 1705 2835 prae·

56 2861 254 2923 consenernnt,
281 2861 310 2909 et
330 2851 469 2919 eumdem,
496 2859 528 2908 ut
553 2866 652 2907 eorum
677 2848 789 2906 consilio
807 2864 854 2905 ac·
908 2848 1010 2905 dictum
1026 2848 1099 2905 diem
1124 2851 1278 2922 Augustam
1298 2852 1429 2919 tendenti,
1456 2863 1518 2911 ante
1538 2856 1704 2913 Purilicatio·

58 2950 206 3022 quercum
218 2955 247 3004 et
266 2946 444 3019 resipisceret,
456 2946 523 3003 satis
537 2942 651 3002 fideliter
665 2951 830 3016 rogaverunt
848 2961 855 2999 :
905 2958 969 2999 nem
984 2943 1011 2999 S.
1032 2942 1124 2999 Mariae
1139 2942 1211 3014 apud
1223 2944 1369 3000 Canusium
1383 2945 1516 3014 obviavit;
1534 2948 1625 3020 ibique
1640 2958 1704 3005 ante

58 3044 185 3118 alioquin,
204 3058 235 3099 se
248 3057 306 3098 non
321 3039 433 3098 ulterius
454 3038 657 3096 communicare
674 3038 717 3094 vel
732 3037 853 3107 obedire,
909 3044 1017 3109 partam
1039 3035 1121 3092 castri
1142 3051 1190 3108 per
1216 3036 1353 3106 triduum,
1380 3039 1503 3112 deposito
1527 3042 1604 3098 omni
1631 3044 1705 3115 regio

56 3137 197 3212 malcomi
216 3143 290 3193 sunt.
314 3138 373 3191 liae
393 3134 438 3191 ille
455 3133 625 3203 necessitate,
650 3131 775 3191 simulate
794 3132 854 3204 qui·
872 3131 995 3249 ccultu,
1021 3129 1221 3200 miserabiliter,
1245 3139 1341 3204 utpote
1362 3131 1539 3191 discalceatus
1568 3144 1596 3191 et
1622 3135 1707 3193 laneis

56 3231 172 3303 dem‚ut
185 3229 365 3304 postmodam
383 3228 516 3302 apparuit,
528 3243 557 3285 se
568 3243 617 3300 per
632 3226 735 3296 omnia,
750 3235 855 3283 777777-
909 3224 1026 3284 teubas
1048 3223 1171 3295 indutus,
1195 3225 1348 3297 persistens,
1373 3243 1429 3284 non
1443 3227 1516 3300 prius
1537 3245 1601 3286 cum
1620 3229 1706 3287 multo

57 3326 122 3384 s'liis
148 3323 307 3398 Principum
334 3332 363 3381 et
387 3322 530 3397 preceptis
555 3320 706 3394 Apostolici
731 3320 854 3391 Domini,
909 3318 978 3376 iletu
997 3318 1162 3392 Apostolicae
1182 3318 1365 3376 miserationis
1381 3322 1513 3379 auxilium
1532 3333 1560 3381 et
1582 3324 1706 3381 consola·

58 3420 233 3478 obediturum
247 3418 381 3492 promisit.
397 3419 464 3475 Erat
480 3424 572 3474 antem
588 3430 686 3473 eoram
699 3414 855 3483 consilium,
909 3412 1012 3470 bouem
1023 3411 1169 3485 implorare
1182 3410 1293 3480 destitit,
1307 3428 1390 3485 quam
1407 3430 1504 3472 omnes
1522 3417 1569 3488 qni
1581 3416 1705 3484 aderant,

59 3522 87 3573 nt
110 3515 250 3572 Dominus
277 3511 452 3585 Apostolicus
480 3510 514 3568 ad
542 3509 667 3583 generale
690 3506 856 3580 colloquium
909 3505 982 3563 etad
994 3521 1063 3579 quos
1076 3504 1122 3561 ille
1144 3520 1240 3561 rumor
1255 3507 1387 3577 pervenit,
1402 3505 1437 3563 ad
1449 3516 1554 3564 7777777777
1575 3511 1703 3582 pietatem

59 3612 213 3682 Augustam
227 3605 460 3663 inPurifleatione
482 3604 510 3661 S.
533 3603 629 3661 Mariae
646 3612 713 3660 tunc
731 3603 856 3676 proxima
909 3610 937 3659 et
960 3599 1157 3673 compassionis
1179 3599 1395 3658 misericordiam
1419 3602 1515 3671 movit,
1547 3612 1578 3660 ut
1598 3620 1648 3676 pro
1674 3621 1707 3662 eo

58 3702 181 3759 reniret:
205 3707 338 3773 quatenus
359 3698 460 3757 ibidem
484 3712 566 3755 causa
593 3697 652 3772 ejus
672 3697 700 3753 in
719 3681 856 3753 audientia
910 3694 1004 3752 multis
1024 3694 1149 3767 precibus
1170 3702 1198 3750 ct
1226 3694 1353 3769 lacrymis
1379 3695 1587 3767 intercedentes,
1610 3714 1708 3756 omncs

58 3797 142 3853 tntim
152 3795 240 3869 Regni
253 3794 370 3869 legitime
384 3792 558 3850 determinari
570 3799 669 3865 posset.
683 3790 736 3863 ipsi
748 3806 856 3863 quoque
909 3789 1022 3862 quidem
1045 3789 1180 3845 insolitam
1204 3788 1309 3846 domini
1330 3793 1410 3862 Papa
1424 3789 1553 3847 duritiam
1575 3792 1707 3850 miraren-

59 3886 211 3962 Principes,
236 3887 319 3946 missa
339 3888 484 3961 legatione,
512 3884 664 3944 Dominum
692 3888 794 3958 Papam
820 3883 856 3940 ad
910 3892 965 3952 tar3
987 3883 1110 3941 nonnulli
1124 3899 1188 3940 vero
1201 3882 1228 3939 in
1242 3899 1291 3953 eo,
1305 3900 1361 3940 uon
1373 3885 1539 3957 Apostolicae
1553 3888 1707 3946 serenitatis

57 3981 306 4059 pmdicaxmdiem
323 3982 414 4038 venire
427 3976 584 4054 suppliciter
609 3985 795 4053 rogaverunt3
821 3976 856 4034 ad
909 3977 1077 4051 gravitatem,
1103 3976 1151 4034 sed
1174 3978 1250 4050 quasi
1271 3979 1417 4052 tyrannicae
1437 3979 1589 4037 severitatis
1609 3982 1707 4039 crude·

58 4077 132 4152 qnod
151 4077 206 4134 iter
218 4076 364 4151 agendam,
379 4075 457 4132 illum
479 4073 724 4148 promptissimum,
743 4080 773 4128 ut
791 4070 856 4129 sub·
910 4071 1012 4128 litatem
1024 4087 1083 4128 esse
1099 4072 1248 4128 clamarent
1267 4091 1274 4129 :
1293 4073 1411 4146 denique
1436 4073 1562 4130 instantia
1575 4090 1708 4149 compun-

58 4173 166 4245 tcriptrs
180 4171 241 4245 ejus
253 4171 350 4228 litterae
371 4176 516 4239 testantur,
541 4168 711 4227 invenerunt.
733 4169 794 4223 Rex
808 4181 856 4223 au·
910 4166 1006 4224 edonis
1030 4166 1098 4240 ejus,
1114 4174 1142 4222 et
1167 4173 1241 4223 tanta
1260 4167 1386 4223 omnium
1400 4168 1445 4240 qui
1460 4168 1497 4224 ibi
1515 4167 1629 4241 aderam
1644 4186 1708 4243 sap·

57 4274 123 4335 tem,
141 4273 238 4323 contra
260 4265 469 4338 promissionem
489 4278 580 4332 suam,
602 4270 697 4320 contra
710 4260 855 4317 consilium
909 4259 1054 4333 plicatione
1082 4263 1153 4333 Papa
1183 4260 1313 4330 devictus,
1343 4260 1454 4318 undem
1480 4274 1555 4334 enat,
1582 4264 1705 4322 relaxato

57 4362 229 4434 Principum,
242 4358 295 4417 boc
313 4359 348 4416 ab
364 4359 523 4432 Apostolico
538 4372 587 4430 per
601 4359 718 4430 Legatos
731 4370 797 4412 suos
811 4370 857 4411 vo·
910 4354 1091 4411 anathematis
1115 4354 1231 4422 viuculo,
1258 4355 1285 4410 in
1310 4356 1513 4414 communionis
1543 4357 1656 4428 gratiam
1681 4366 1710 4414 et

55 4454 105 4515 lnit
128 4464 305 4529 extorquere,
327 4470 361 4511 ne
381 4459 535 4528 Augustam
548 4451 661 4525 veniret,
680 4450 729 4509 sed
742 4459 773 4508 ut
794 4465 857 4507 eum
910 4449 1001 4507 sinum
1015 4456 1115 4506 sanctu
1134 4448 1228 4505 blattis
1242 4448 1371 4507 Ecclesiae
1391 4450 1492 4523 recepit
1509 4469 1516 4509 7
1536 4450 1653 4525 acceptis
1673 4451 1708 4509 ab

872 4558 898 4628 D

54 4656 195 4726 turrepius
198 4693 261 4709 ......
274 4648 424 4710 miserabili
434 4646 539 4724 ejulatu
550 4664 639 4709 aotam
656 4646 788 4718 omuibus,
801 4652 852 4721 qui
905 4650 1130 4720 corrumperet-ur,
1153 4644 1306 4719 Aptastoiico
1320 4648 1400 4719 jussu
1419 4648 1477 4705 siue
1501 4648 1706 4708 momentaria

53 4728 186 4793 aderaut,
203 4727 429 4793 vociferabatur:
448 4729 522 4782 lusto
536 4728 588 4781 Dei
595 4725 851 4796 indubioseetprar·
905 4722 987 4776 uibus
1010 4723 1146 4791 7777777777.
1171 4724 1238 4776 llaec
1251 4721 1370 4793 Langius
1387 4737 1420 4776 ex
1442 4722 1583 4779 Cltronicis
1600 4724 1709 4798 biagde·

52 4805 157 4857 eurem
176 4799 262 4852 uitam
284 4800 405 4853 7777777777
424 4803 449 4852 77
470 4802 606 4863 eternam,
628 4796 701 4866 quod
724 4797 792 4863 licqi
815 4795 852 4849 ad
904 4790 1048 4865 burgensis
1061 4792 1200 4849 Ecclesiae.

54 4872 158 4932 7777777777,
190 4884 253 4939 qua
278 4884 420 4939 perperam
444 4869 610 4935 iulatdissct,
640 4881 748 4937 operam
774 4881 852 4921 suam
943 4868 997 4931 (77)
1025 4866 1155 4920 Henrt'cus
1184 4866 1328 4935 Ept'scoprts
1348 4867 1705 4938 Spa·auu,apnerocu1n

54 4956 160 4997 mmmo
181 4942 284 4994 77777777
297 4941 451 4997 tribuisset:
462 4944 544 5009 atquc
557 4943 586 4993 77
598 4951 670 5008 spem
682 4940 781 5007 pratia
796 4937 855 5007 ejus
910 4936 1028 4991 ilenrico
1042 4938 1113 5007 Rege
1128 4934 1268 5002 educatus,
1281 4938 1315 4992 ab
1335 4937 1381 4993 illo
1393 4937 1427 4993 ud
1442 4939 1539 4994 Sedem
1555 4939 1628 4993 illam
1641 4955 1705 5010 pro·

55 5016 175 5069 7777777777
193 5014 325 5081 Pontifici,
340 5013 508 5067 7777777777
524 5016 549 5066 77
565 5010 780 5079 Apostolicorum
796 5011 853 5063 uir·
908 5016 1010 5076 motus,
1023 5024 1083 5062 eum
1100 5009 1246 5063 Thesauros
1258 5009 1380 5065 Ecclesia
1391 5010 1491 5080 puerili
1504 5010 1615 5065 leuitate
1631 5012 1706 5067 dila-

56 5090 145 5140 tatum
167 5086 236 5146 7777,
255 5098 349 5153 graues
369 5083 550 5149 contumelias,
572 5083 658 5137 scieas
673 5086 699 5136 et
721 5080 853 5151 prodetis,
904 5079 1040 5150 pietatum,
1057 5085 1083 5134 ct
1095 5080 1202 5149 77777777
1215 5082 1349 5136 militibus
1362 5084 1391 5135 iu
1419 5082 1574 5151 beneficium
1595 5100 1706 5152 eropos-

55 5157 193 5211 itraooenti
207 5157 362 5226 irrogasset.
379 5157 408 5209 iu
422 5154 489 5208 baua
500 5170 597 5217 7777777,
610 5158 642 5207 77
652 5156 785 5215 asserunt,
798 5155 855 5207 siue
906 5156 946 5206 set
948 5188 1038 5207 ........
1062 5154 1144 5207 scus-it
1165 5157 1270 5221 repento
1291 5152 1436 5222 paruulum
1450 5154 1504 5209 sibi
1513 5155 1652 5225 pustulam
1674 5160 1704 5212 777

55 5229 250 5293 7777777777,
264 5228 325 5281 siue
337 5226 397 5279 ulla
409 5227 605 5293 satisfactione,
619 5225 766 5294 expiravit.
907 5223 970 5277 eollo
981 5238 1148 5287 eaoresecm3
1169 5240 1224 5292 qua
1248 5226 1437 5280 intumescente
1448 5229 1510 5280 autc
1525 5227 1641 5280 taedium
1660 5244 1703 5283 rto

53 5310 65 5351 7
93 5302 155 5363 (tt)
168 5296 285 5367 langas
297 5297 334 5352 ita
351 5296 460 5368 exponit
473 5314 480 5351 :
495 5300 550 5352 Hoc
561 5298 640 5350 mitto
655 5297 723 5363 Regi
734 5294 854 5350 mauda-
907 5298 973 5348 ctcm
988 5295 1133 5362 7777777777
1156 5299 1205 5350 est.
1221 5297 1261 5350 ita
1275 5294 1448 5366 Lambertus,
1473 5304 1501 5353 et
1523 5297 1614 5370 priora
1634 5299 1704 5357 Dru-

57 5374 139 5425 trra:
153 5368 224 5438 quad
237 5369 304 5438 ipse,
326 5373 352 5425 77
364 5383 421 5436 eqo,
440 5372 466 5422 ct
479 5383 566 5423 omues
579 5368 721 5436 iniquitati
735 5366 791 5434 ejus
805 5369 853 5434 sa·
906 5364 1008 5421 sebius.

55 5444 159 5502 7777777,
179 5454 272 5494 777777
286 5438 411 5507 demumr·
428 5441 632 5509 inperpetuum
635 5477 702 5492 ......
723 5439 788 5493 Eece
808 5437 854 5492 dc·
941 5440 996 5503 (75)
1010 5437 1198 5494 Convenerunt
1215 5439 1398 5509 Dppculremii,
1416 5441 1559 5498 urbetanc
1572 5442 1699 5513 imparia·

55 5527 146 5567 naurs
167 5511 363 5566 lectummeum
383 5512 566 5571 circumstant,
581 5513 714 5578 quatenus
734 5523 808 5573 moa,
822 5512 854 5563 ut
907 5505 936 5574 li,
952 5516 1044 5577 postea
1059 5508 1179 5565 Palatino
1194 5510 1280 5566 Rheni
1295 5512 1484 5584 oppignorata,
1495 5513 1565 5570 inter
1578 5516 1696 5571 uoran-

55 5586 230 5655 aspirarem,
245 5585 363 5653 captant.
375 5585 469 5652 ltaque
479 5597 538 5635 cum
551 5582 629 5648 tuero
643 5597 656 5635 e
670 5595 778 5649 corpore
793 5581 854 5635 edu·
907 5577 973 5634 tiam
987 5587 1014 5636 ct
1026 5581 1218 5649 Wormatiam,
1232 5597 1303 5637 anno
1317 5588 1397 5648 7077,
1416 5586 1468 5653 771,
1491 5593 1521 5640 nt
1534 5585 1575 5642 alii
1591 5556 1697 5654 volunt,

56 5660 126 5722 etus,
141 5669 207 5723 roqo
219 5666 266 5708 uos
277 5653 513 5781 empurias,
527 5667 559 5707 ac
573 5666 600 5707 se
611 5653 730 5721 fatigent
749 5667 797 5721 pro
813 5667 854 5706 me
906 5660 1091 5733 convenerunt
1107 5653 1250 5719 Tribulis,
1266 5668 1282 5709 e
1300 5655 1408 5726 regione
1422 5656 1606 5784 oppenhemii,
1627 5657 1708 5711 nrbe'

56 5726 189 5795 (7777777777
296 5726 303 5737 “
351 5726 358 5737 ’
418 5726 490 5782 ,iiio
509 5726 601 5795 igitur
617 5727 647 5778 in
665 5723 851 5793 desperatione
907 5721 1081 5780 olrmcelebri
1096 5744 1103 5780 :
1116 5741 1189 5782 nunc
1207 5724 1265 5781 tilis
1276 5734 1318 5783 est
1330 5725 1440 5784 vicasse
1478 5727 1569 5785 adbuc
1588 5740 1692 5784 nomen

55 5794 214 5867 deferretur²
267 5798 274 5809 ⁰
312 5794 420 5866 tacut
444 5797 608 5868 truqtultus3
633 5794 714 5851 doure
738 5798 853 5852 Romam
907 5794 1036 5853 retinens.

53 5872 186 5939 7777777777,
201 5866 427 5944 undaquartta
448 5870 613 5936 morimur
630 5866 854 5942 populussutom
