3870 6164
57 260 62 265 ·
136 192 206 296 tois
640 233 687 289 in
704 231 818 289 orani
837 231 865 287 s.
884 185 1046 287 censorii
1063 228 1281 286 7777777877.
1400 232 1404 239 ’
1721 227 1779 281 iiii

137 361 213 419 inira
233 359 397 421 Cbonradus
415 356 612 430 Longobardos
627 356 788 425 comitatus,
946 359 971 423 Α
989 357 1064 410 Voto
1077 353 1173 410 denote
1185 361 1313 409 sanctum
1327 352 1403 424 petiit
1420 350 1571 418 seniorem,

138 459 214 512 Dum
228 462 313 512 staret
325 453 430 509 discors
444 467 459 507 a
481 449 605 506 Mathildi
624 453 698 518 (870)
713 449 765 506 luit
785 451 846 522 ipso
987 451 1117 520 Pergeret
1130 454 1162 504 ut
1174 448 1304 503 Parmam
1318 446 1413 502 multis
1426 443 1569 501 erroribus
1582 450 1688 511 atram,

136 552 284 619 Tempore,
294 545 404 603 durarit
417 543 560 600 modicum
573 543 710 600 discordia
722 543 784 600 talis
799 562 806 600 :
987 542 1063 610 Quos
1077 541 1171 612 procul
1186 556 1294 596 errores
1305 542 1388 596 Pater
1401 538 1445 594 liic
1457 536 1609 609 depelleret
1623 551 1683 592 ore.

137 643 207 698 Nam
219 639 299 713 petiit
313 646 404 710 partes
417 639 557 694 Tuscanas
568 652 629 704 rex,
646 636 684 692 ibi
698 635 810 694 tandem
988 634 1097 694 Annuit
1110 633 1155 690 his
1167 633 1257 702 dictis,
1272 649 1336 690 cum
1349 631 1519 703 consilioque
1535 628 1691 697 Mathildis,

139 732 284 790 Nobilibus
295 730 409 804 quidam
428 728 590 787 iacientibus
602 729 707 801 expulit
722 729 809 798 iram,
987 728 1095 800 Speque
1108 727 1162 783 lide
1174 725 1283 801 iulgens
1297 726 1404 783 clericis
1418 724 1572 781 comitatus
1587 721 1626 779 ad
1639 721 1734 781 urbem

136 826 178 882 dd
192 841 288 898 pacem
298 825 409 881 tirmam
420 823 503 880 rediit
516 823 585 879 bene
599 838 664 879 cuni
676 822 826 880 comitissa.
987 822 1127 890 Perrexit;
1142 829 1245 881 sancta
1258 820 1391 877 dormitio
1407 818 1542 891 Virginis,
1561 824 1649 890 atque

136 922 204 976 Post
216 919 300 976 iatam
310 933 404 991 pacem
414 915 490 973 febre
501 923 601 971 tactus.
616 913 706 970 Julius
715 922 809 971 autem
988 918 1020 971 ln
1033 914 1125 972 medio
1139 930 1247 982 mense,
1259 915 1308 987 qui
1324 920 1419 970 sextus
1432 911 1558 968 noscitur
1567 926 1645 979 esse,

137 1011 240 1069 Mensis
255 1020 314 1070 erat
330 1025 454 1082 magnus,
469 1009 589 1065 moritur
603 1007 777 1073 Chouradus,
794 1016 822 1064 et
843 1023 934 1065 annus
986 1011 1065 1065 Tuiic
1077 1008 1276 1076 celebrabatur,
1290 1023 1346 1080 quo
1365 1004 1436 1062 iesto
1450 1007 1551 1061 Parma
1565 1004 1681 1071 beatum

136 1107 255 1173 Tertius,
266 1104 396 1162 Urbanus
411 1102 485 1175 quod
499 1102 647 1158 transierat
660 1109 831 1158 memoratus
846 1104 931 1172 (877).
988 1102 1079 1175 Majus
1095 1101 1133 1157 ibi
1153 1102 1287 1174 templum
1302 1101 1398 1157 Maria
1417 1100 1531 1155 nomine
1546 1096 1649 1168 fertur,

135 1200 204 1272 Ejus
223 1198 306 1255 babet
320 1212 421 1268 corpus
434 1195 573 1253 Florentia
588 1193 688 1251 llorida
701 1209 822 1266 prorsus.
988 1199 1021 1251 ln
1034 1211 1088 1267 quo
1106 1194 1183 1267 plebs
1202 1203 1260 1251 tota
1273 1194 1416 1252 Christum
1429 1191 1592 1250 Parmensis
1605 1191 1715 1248 adorat.

139 1294 203 1347 Post
217 1289 288 1346 banc
301 1298 424 1347 aestatem
437 1288 506 1344 libet
518 1295 682 1344 autumnum
696 1303 861 1344 memorare.
987 1291 1089 1361 Virque
1105 1289 1217 1359 placens
1235 1287 1343 1345 Christo
1354 1286 1461 1360 paticus
1476 1285 1638 1342 Bernartius
1650 1286 1680 1341 in
1693 1286 1777 1357 ipsum

136 1385 189 1458 Qui
204 1384 288 1450 venit,
303 1383 388 1439 duros
404 1383 434 1437 in
449 1397 505 1454 quo
524 1381 646 1438 Ferraria
662 1396 757 1437 muros
988 1382 1098 1438 introiit
1116 1381 1251 1455 phanum,
1273 1382 1390 1438 missam
1403 1387 1515 1437 78777877
1535 1387 1663 1451 paratus,

137 1479 271 1535 Obsessos
289 1476 384 1544 sensit,
403 1474 567 1547 fueratquia
581 1473 654 1531 iacta
667 1473 775 1532 rebellis
988 1474 1077 1531 Verba
1093 1475 1188 1532 rolens
1208 1475 1287 1549 regni
1302 1473 1403 1546 populo
1422 1487 1535 1529 narrare
1550 1472 1676 1544 superui.

138 1573 200 1642 lpsa
218 1568 362 1634 ducatrici,
373 1583 426 1624 nec
437 1568 463 1624 ei
475 1567 577 1624 servire
590 1568 704 1639 cupivit,
988 1569 1102 1624 Missam
1121 1567 1220 1627 devote
1235 1584 1284 1641 pro
1299 1566 1362 1624 testi
1376 1566 1458 1639 eoepit
1472 1566 1593 1636 honore,

71 1709 76 1721 .
138 1664 239 1719 Contra
253 1677 338 1734 quam
350 1670 445 1733 gentes
455 1661 643 1717 numerosius
657 1659 738 1717 duxit
749 1669 779 1717 et
792 1676 881 1729 enses,
990 1665 1056 1719 Post
1067 1661 1220 1735 evangelica
1236 1662 1306 1733 plebi
1326 1661 1420 1717 retulit
1432 1675 1481 1716 sua
1495 1659 1591 1726 rerba,

138 1758 252 1824 Tuscos,
266 1759 419 1822 Romanos,
432 1753 631 1827 longobardos
644 1754 773 1826 galeatos,
949 1723 973 1787 Β
989 1756 1058 1825 Quae
1070 1763 1181 1829 propter
1195 1770 1287 1828 regem
1305 1753 1445 1812 nonnullis
1456 1753 1633 1826 displicuere.

138 1853 172 1906 Et
188 1853 371 1916 Ravennates,
387 1863 505 1919 quorum
520 1856 584 1903 sunt
597 1847 717 1916 maxime
726 1863 810 1905 nares
988 1853 1061 1905 llum
1076 1848 1189 1906 calicem
1204 1856 1299 1905 sancta
1313 1848 1357 1905 vir
1371 1848 1446 1904 mitis
1459 1848 1539 1919 pouit
1551 1848 1582 1902 iii
1597 1861 1646 1903 ara

136 1944 325 2001 Circumstant
338 1941 465 2013 equidem
480 1941 577 1997 multas
589 1941 674 1997 maris
687 1949 771 2013 atque
780 1941 880 1998 carinae
989 1941 1130 2014 supplicet
1144 1951 1175 1998 ut
1187 1941 1328 1998 Christum
1343 1957 1393 2013 pro
1407 1948 1506 1997 cuncta
1527 1939 1607 2012 plebe
1627 1938 1769 2012 benignum

137 2038 160 2091 Α
180 2035 248 2091 duce
263 2035 394 2106 praeclaro
408 2033 581 2089 transmissae
595 2034 747 2089 venetiano
762 2036 850 2103 (877).
990 2037 1059 2092 111777
1070 2035 1176 2092 clamor
1186 2036 1300 2102 multus,
1314 2035 1389 2108 uulgi
1404 2033 1550 2106 sonuitque
1564 2033 1701 2090 tumuitus

136 2125 321 2183 Consideraus
338 2124 451 2182 demum
465 2126 603 2186 Ferraria.
619 2140 655 2181 iis
674 2133 827 2197 superetur,
989 2131 1062 2185 iVam
1076 2128 1265 2202 blasphemias
1279 2127 1362 2200 coepit
1374 2127 1539 2199 depromere
1558 2125 1648 2194 diras,

138 2219 249 2290 Optavit
267 2234 360 2292 pacem
374 2233 482 2290 magnae
495 2218 637 2275 Mathildis
651 2233 758 2286 amare,
989 2222 1129 2279 Adversus
1152 2222 1296 2279 Christum
1313 2236 1364 2277 ceu
1378 2223 1395 2276 J
1397 2219 1469 2278 odaei
1484 2219 1664 2287 crucilixum3

56 2372 59 2381 ,
138 2312 252 2369 Vincere
265 2311 307 2367 cui
324 2311 401 2367 viros
419 2319 461 2366 est
476 2325 585 2382 semper
598 2325 660 2366 mos
673 2311 813 2369 inimicos.
988 2316 1085 2373 Plures
1098 2315 1227 2372 dicebant
1241 2332 1249 2371 7
1264 2315 1402 2371 Moriatur
1422 2311 1672 2385 pseudopropheta!

46 2400 49 2404 ’
423 2423 544 2478 CAPUT
570 2423 649 2478 xiv,
989 2409 1152 2465 clamabant
1161 2409 1241 2465 multi
1258 2429 1265 2467 :
1279 2407 1413 2465 Seductor
1424 2411 1538 2463 comunt
1548 2407 1629 2463 urbis
1638 2408 1724 2479 (877))

140 2524 217 2594 Quod
228 2539 302 2595 papa
315 2524 456 2580 mpori,
477 2524 509 2578 ,g
528 2526 606 2595 piam
625 2523 737 2579 puppam
751 2524 866 2581 ,pompm
879 2528 937 2583 Ma,
991 2503 1054 2569 Hic,
1068 2503 1156 2570 aiunt,
1170 2503 1247 2559 intus
1260 2501 1331 2575 regis
1345 2509 1401 2557 stet
1413 2515 1468 2556 non
1484 2499 1631 2557 inimicus!

175 2597 268 2651 tliildis
283 2597 415 2650 diremerit
430 2599 502 2663 (877)
523 2597 554 2649 in
573 2596 788 2664 longobardiam
800 2599 936 2653 7777777717·-
989 2598 1078 2652 Enses
1091 2594 1244 2662 denudant,
1259 2595 1409 2651 mulierum
1422 2610 1475 2651 vox
1488 2602 1572 2650 sonat
1587 2610 1664 2651 uria:

175 2668 226 2723 ‘em
239 2667 406 2722 mmm
419 2667 600 2722 31111Γά1111·
990 2689 1020 2745 Si
1038 2689 1128 2744 sinitis
1147 2690 1251 2758 vivum,
1263 2703 1356 2760 regem
1369 2686 1491 2760 perdatis
1505 2688 1640 2756 amioum,

50 2772 52 2783 '
140 2777 251 2835 Auxilio
265 2777 340 2834 Petri
353 2777 409 2847 iam
422 2777 545 2833 camnine
560 2776 678 2848 plurima
694 2776 757 2842 ieci,
990 2784 1053 2839 lVori
1066 2783 1145 2839 vivus
1158 2781 1248 2847 vadat,
1263 2783 1364 2853 cupitis
1379 2781 1403 2837 si
1415 2781 1517 2848 virere,
1532 2782 1663 2838 clamant.

139 2873 233 2936 Paule,
241 2869 310 2926 doce
318 2878 442 2927 mentem
449 2878 584 2938 nostram,
592 2886 643 2926 nec
651 2880 741 2927 metra
749 2873 825 2940 (877)
834 2870 937 2929 referre
991 2877 1083 2933 Vitrea
1098 2891 1160 2931 vasa
1177 2874 1291 2942 cadunt,
1304 2875 1392 2932 hastis
1404 2873 1573 2946 franguntur
1587 2875 1617 2931 in
1631 2874 1716 2932 altum

138 2967 206 3036 Quae
218 2962 336 3020 doceant
346 2972 555 3035 poensmentes
565 2963 681 3020 tolerare
692 2977 811 3020 serenas.
991 2970 1107 3038 Erectis,
1124 2969 1205 3041 longe
1224 2968 1313 3026 Patris
1326 2968 1394 3024 777711
1410 2968 1493 3024 simul
1513 2983 1614 3024 omnes

142 3060 254 3113 Possem
267 3065 362 3130 pastor
380 3071 446 3112 oves
459 3056 575 3112 Domini
594 3054 734 3113 Pasebalis
752 3072 848 3114 amors
953 3085 976 3147 c
991 3064 1140 3136 Fugerunt,
1152 3062 1238 3119 abbas
1251 3061 1408 3118 Tbebaldus
1423 3061 1732 3141 (878)·777877177777787777

140 3150 260 3210 Assiduo
273 3165 383 3215 curans,
399 3149 571 3206 comitissam
587 3149 707 3205 maxime
720 3165 802 3221 supra
991 3156 1061 3212 Cum
1082 3157 1165 3211 Patre
1178 3155 1254 3212 solus
1275 3155 1329 3223 ibi;
1344 3155 1478 3211 cervicem
1494 3163 1643 3225 monstrat,
1658 3164 1685 3211 et
1703 3153 1766 3211 init:

140 3244 217 3316 Saepe
233 3242 406 3300 recordatam
419 3243 522 3299 Christi
541 3242 713 3299 memorabat
724 3241 760 3299 ad
774 3259 865 3312 aram3
991 3249 1073 3307 Caede
1087 3264 1180 3305 mcum
1192 3248 1305 3315 collum,
1317 3257 1438 3306 mortem
1448 3257 1590 3321 gratanter
1604 3250 1647 3306 hic
1659 3257 1731 3321 opto.

140 3337 183 3393 id
197 3352 281 3410 quam
295 3335 423 3392 dilectam
435 3336 540 3392 studuit
553 3337 743 3393 uansmittere
754 3337 902 3410 quemdam
992 3343 1054 3399 Mox
1066 3340 1201 3399 frameam
1211 3342 1322 3413 quidam
1338 3357 1386 3414 per
1399 3341 1502 3398 collum
1516 3343 1603 3397 traxit
1616 3343 1652 3398 oh
1665 3343 1730 3399 iram

141 3433 201 3488 Prae
218 3432 326 3489 cunctis
340 3432 436 3488 Rornae
451 3431 556 3487 clericis
572 3436 647 3500 (875)
662 3431 883 3498 laudabiliorem,
992 3435 1079 3503 lilius,
1096 3450 1211 3506 parvum
1230 3435 1281 3490 sibi
1295 3433 1358 3490 iecit
1371 3435 1471 3489 suiuus
1485 3442 1514 3490 77
1526 3442 1646 3491 arctum.
1786 3424 1789 3431 ’

140 3523 246 3580 Scilicet
259 3534 386 3581 omatum
403 3524 576 3582 Bemardum
595 3526 793 3598 presbyteratu,
993 3527 1152 3601 intrepidus
1165 3528 1255 3584 stabat
1270 3528 1331 3585 17778
1347 3526 1414 3584 iacis
1428 3542 1511 3600 super
1525 3542 1607 3585 aram

141 3623 181 3673 Ac
192 3617 359 3673 monachum
372 3617 460 3688 plane,
475 3616 558 3674 simul
572 3617 700 3674 abbatem
715 3634 825 3690 quoque
835 3625 938 3677 sanclae
991 3623 1091 3680 Christi
1107 3622 1264 3678 Beruardus
1277 3622 1393 3693 patiens,
1409 3621 1528 3692 sapiens,
1546 3619 1716 3678 venerandus

140 3708 296 3763 Ambrosias
310 3710 395 3764 Vallis
408 3711 498 3776 (876).
517 3709 607 3764 Factis
626 3711 788 3780 plenissima
802 3711 903 3768 sanctis
991 3722 1061 3774 cum
1076 3717 1145 3772 vidit
1158 3718 1253 3787 vulgus
1265 3716 1353 3773 ridere
1368 3733 1451 3774 suum
1466 3719 1546 3788 quasi
1560 3718 1679 3787 uultum,

140 3801 230 3870 Quem
239 3809 396 3855 reverenter
408 3815 504 3856 amans
513 3800 664 3868 Mathildis,
678 3818 742 3858 eum
751 3803 830 3875 quasi
841 3819 937 3876 papam
991 3810 1129 3867 Clamavit
1143 3809 1238 3867 dicens
1253 3829 1260 3866 :
1277 3810 1403 3882 Speciem
1415 3810 1511 3866 Zabuli
1525 3812 1597 3883 gerit
1610 3811 1679 3876 ister

141 3898 227 3950 Caute
243 3892 375 3962 suscepit,
391 3907 487 3962 parens
501 3893 553 3948 11171
564 3894 758 3963 mentefldsli3
991 3905 1117 3960 Tollatur
1127 3903 1233 3972 statim,
1247 3903 1382 3960 tundatur
1396 3919 1517 3972 carcere,
1536 3903 1645 3978 flagris!

140 3986 195 4056 Qui
210 3984 250 4040 717
262 3984 381 4040 coelestis
395 3993 504 4040 tautum
519 3984 639 4041 coelestia
654 3986 743 4041 verbis
992 3995 1142 4070 lnjecitque
1157 4013 1273 4053 manum
1288 4012 1369 4068 super
1382 3997 1483 4069 ipsum,
1504 3997 1583 4069 cujus
1600 3999 1674 4069 (877)
1690 4006 1766 4051 aranu

142 4084 176 4134 bt
189 4076 269 4134 laetis
282 4087 442 4134 monstrans
456 4078 579 4149 exempla
594 4078 678 4136 dabat
689 4079 761 4138 hona
773 4096 867 4138 coram
992 4093 1027 4147 Et
1042 4091 1107 4147 toris
1121 4098 1276 4161 asportarit,
1291 4090 1359 4146 henl
1383 4091 1468 4146 missa
1481 4091 1650 4163 relinquitur
1663 4099 1726 4147 orta.

140 4171 290 4237 Omnibus,
310 4179 339 4227 77
351 4171 465 4244 dignum
479 4170 600 4228 fructum
615 4175 736 4230 Domino
751 4177 847 4247 genuit
859 4183 935 4248 tunc,
992 4186 1054 4240 Non
1069 4183 1199 4239 Dominae
1215 4199 1322 4255 magnas
1338 4182 1469 4239 dormitio
1483 4184 1606 4257 Virginis
1619 4184 1713 4250 almae,

140 4265 218 4322 lilius
232 4281 336 4321 nomen
349 4265 501 4322 ducebatur
514 4267 608 4338 procul
623 4283 669 4323 ore
991 4278 1015 4332 N
1018 4292 1053 4330 oii
1067 4275 1151 4331 altare
1171 4275 1231 4343 Dei,
1244 4277 1292 4331 sed
1304 4291 1353 4331 uec
1368 4277 1523 4333 reverentia
1536 4277 1611 4334 Petri

139 4357 308 4428 Multorum,
320 4359 398 4432 cujus
414 4358 530 4431 populus
542 4360 576 4416 de
590 4362 705 4416 nomine
714 4361 812 4431 initus,
991 4369 1103 4425 Terruit
1114 4368 1186 4427 hanc
1200 4377 1312 4441 gentem
1323 4369 1477 4425 Pharisaica
1489 4368 1562 4425 iacta
1578 4376 1742 4442 sequentem.

140 4451 225 4508 Urbis
238 4452 391 4507 Parmensis
412 4468 473 4524 pars
488 4453 578 4524 major
592 4470 657 4509 cum
672 4454 829 4511 vehementi
990 4463 1126 4534 (tapetium
1142 4471 1241 4530 totam,
1255 4479 1340 4535 quam
1360 4464 1516 4536 praebuerat
1530 4464 1682 4535 pretiosam

175 4621 252 4686 (870)
277 4619 431 4676 Discordiae
453 4635 564 4677 78777878
583 4621 642 4676 7771
666 4620 772 4677 videtur
795 4622 885 4680 simile
901 4624 936 4680 ab
991 4629 1072 4686 nalis.
1086 4630 1198 4687 Habent
1215 4639 1242 4687 et
1261 4632 1347 4687 nostri
1359 4630 1469 4687 codices
1485 4654 1497 4679 ι
1512 4631 1601 4688 abbas
1618 4631 1703 4688 Vallis
1717 4635 1771 4686 An·

139 4690 197 4760 ipsa
210 4689 345 4745 Mathilde
354 4692 526 4761 processisse,
535 4693 575 4747 uti
583 4692 641 4764 jam
652 4693 750 4748 monui
760 4694 789 4749 in
799 4695 935 4766 antiquit.
992 4705 1096 4762 brasio.
1111 4725 1123 4749 ι
1133 4718 1197 4758 cum
1207 4710 1299 4759 tamen
1312 4705 1447 4759 Umbrosis
1456 4702 1632 4760 scribendum
1644 4704 1692 4759 sit.
1706 4704 1772 4759 Unus

139 4761 234 4841 Esteri.
248 4776 308 4831 cap.
322 4768 356 4844 .⁴·.
365 4764 470 4834 Nempe
484 4764 541 4830 iila,
557 4764 678 4834 quaiidiu
690 4763 872 4846 Ι(111071787177771
885 4767 937 4822 sibi
990 4774 1206 4844 epitomatorile
1226 4774 1444 4844 'ensisantiquus
1454 4777 1505 4831 Ms.
1524 4774 1621 4843 habet;
1634 4771 1771 4846 perrorat

139 4833 234 4887 utilem
256 4832 382 4895 credidit,
404 4848 469 4888 eum
496 4849 605 4904 quoque
625 4834 710 4890 coluit
729 4850 762 4890 ac
777 4836 931 4893 bonoravit.
991 4846 1076 4899 obbas
1100 4847 1183 4901 Vallis
1223 4846 1344 4900 mbrosoe.
1362 4847 1479 4900 Muris.

140 4901 197 4958 Ubi
221 4916 285 4957 vero
305 4903 441 4984 hienricus
462 4904 522 4986 ejus
578 4913 619 4960 ter
642 4922 712 4976 pene
730 4906 853 4977 dejectus
869 4909 933 4976 init,
950 4893 975 4954 1)
1025 4918 1101 4983 (877)
1116 4916 1200 4972 Vallis
1210 4917 1366 4973 Umbrosis.
1380 4920 1463 4972 Liris.

140 4988 213 5028 iiniic
222 4974 424 5054 decrevitapud
438 4973 533 5029 Matbii
553 4991 598 5031 em
608 4976 743 5033 Cbonradi
757 4979 843 5051 gratia
855 4989 937 5051 atque
1027 4990 1103 5055 (877)
1116 4990 1147 5043 lii
1163 4988 1277 5060 Region.
1298 4986 1373 5051 cod,
1386 4989 1468 5042 orbis.
1482 4988 1566 5042 Muti.

139 5051 300 5125 auctoritas.
315 5043 385 5126 Vide
404 5046 597 5126 landulphum
612 5063 627 5102 8
642 5050 742 5104 Sancto
762 5051 849 5105 Paulo
868 5066 935 5122 syn·
1026 5062 1103 5127 (878)
1125 5058 1209 5128 Cuius
1231 5059 1348 5113 coennbii
1370 5057 1454 5113 abbas
1475 5056 1561 5113 inerit
1579 5056 1716 5112 incertum
1735 5052 1773 5108 ba·

139 5113 274 5168 chronum
285 5129 313 5168 iri
322 5117 394 5170 11777.
407 5116 529 5181 Μ771771.,
540 5127 618 5173 7ο7777
629 5120 662 5172 lV
676 5121 935 5179 ller.ltaiic.Mn1i.
991 5136 1097 5184 aterius.
1113 5128 1183 5184 illibi
1197 5145 1267 5199 pene
1281 5138 1387 5184 certum
1404 5128 1508 5185 videtur
1518 5127 1607 5184 fuisse
1622 5126 1774 5184 Pietatem

176 5187 251 5253 (877)
268 5190 340 5267 liin.
355 5192 433 5253 troi,
448 5203 502 5243 uon
513 5187 632 5245 abluisse
643 5191 739 5246 veneni
753 5192 935 5262 suspicionem
989 5200 1116 5254 abbatem
1138 5203 1297 5254 monostemi
1309 5201 1480 5255 bricsiensis
1504 5201 1600 5256 Sancti
1614 5199 1730 5266 Cercetii,
1748 5190 1773 5248 71

141 5256 326 5327 Uspergensis
338 5266 424 5313 notat.
437 5261 525 5340 187777.
711 5331 716 5343 .
885 5333 891 5345 ι
990 5286 1074 5342 quem
1083 5285 1164 5340 supra
1176 5271 1265 5334 iniiui,
1278 5271 1324 5326 lib.
1340 5286 1362 5338 7,
1371 5286 1433 5342 cap.
1447 5271 1773 5343 18.datumdiplometb

176 5330 252 5408 (877)
273 5328 333 5382 1177
350 5336 392 5410 est
413 5329 654 5413 Ι77781717117118717,
674 5331 863 5403 cuiquasdam
884 5349 936 5389 im·
990 5341 1105 5395 mitissae
1118 5339 1270 5395 Mathildis.
1286 5343 1574 5413 Congruuntaitasac
1587 5342 1772 5397 vicinitates

139 5406 291 5478 munitates
304 5413 337 5481 ao
351 5401 490 5481 privilegia
509 5418 536 5456 in
556 5409 665 5457 civitate
688 5404 853 5459 Ferraricnsi
868 5420 936 5461 con·
991 5410 1157 5467 Phedulium
1185 5412 1302 5482 appellat
1323 5412 1502 5483 Bacchiuius,
1532 5413 1701 5470 Thebaidem
1721 5417 1772 5463 7771

138 5475 223 5522 cessit
233 5468 386 5537 Mathildis,
397 5480 427 5526 ut
440 5473 536 5527 Veneti
546 5471 670 5528 historici
681 5474 804 5530 tradunt.
816 5478 898 5533 Mun.
989 5481 1130 5536 nazarius.
1145 5484 1227 5538 1717777.

177 5544 254 5610 (873)
270 5540 337 5595 Cod.
354 5543 483 5614 Regien„
497 5542 613 5625 direxit.
624 5545 705 5602 Muti.
1027 5554 1098 5622 (879)
1110 5553 1177 5610 Cod.
1195 5552 1293 5625 antiq,
1309 5556 1385 5610 ciuis.
1398 5556 1484 5611 Lirin.

178 5614 253 5680 (877)
274 5612 347 5683 Lege
365 5628 429 5669 cum
450 5612 591 5670 codicibus
613 5616 716 5671 nostris
747 5633 819 5674 nnnc
840 5622 935 5676 metro.
1025 5624 1118 5678 Nostri
1142 5640 1251 5695 quoqne
1273 5624 1382 5681 codices
1403 5628 1470 5680 71817
1495 5640 1609 5681 omnis.
1632 5614 1771 5699 ’17787771

141 5682 223 5738 Mon.
309 5752 315 5764 .
390 5753 395 5764 .
620 5755 626 5767 .
989 5693 1119 5765 Regiam,
1142 5701 1168 5750 77
1181 5697 1251 5762 soris
1266 5700 1400 5767 asportat.
1426 5696 1567 5768 hntiquus
1581 5696 1719 5754 breviator
1736 5693 1772 5748 lli·

178 5753 250 5824 (875)
266 5755 329 5809 Fuit
353 5767 425 5808 enim
438 5753 598 5811 bernardus
618 5763 670 5812 istc
686 5757 715 5813 S.
733 5759 770 5813 it.
793 5760 826 5814 E.
845 5760 936 5816 cardi·
991 5763 1134 5823 bliotbecie
1148 5769 1287 5823 1177787177
1305 5768 1460 5825 lindenaet
1471 5767 1508 5824 ds
1519 5768 1626 5825 7177117777
1636 5764 1772 5824 mh·
