3870 6164
150 212 204 276 db?
260 214 263 219 ’
391 226 397 233 “
494 208 702 273 S.GREGORJl
722 164 1484 273 vlttuti>a201>bltllttrests1.·--''1tbGlSTltllil.x
1742 204 1795 269 Μ

151 343 194 400 cio
201 357 303 410 essem
316 341 437 399 multum
448 339 598 413 diligebam
611 347 649 403 te,
660 346 697 404 et,
710 338 781 396 mibi
792 339 944 411 videbatur,
959 345 988 408 Α
1226 337 1403 395 nerstein
1417 336 1566 393 Lxxvu.

150 435 285 510 diligebar
298 452 313 491 a
327 443 368 501 te;
392 433 439 490 sed
458 433 507 489 ubi
518 432 655 504 pastorale
669 431 808 499 oliicium,
824 433 898 505 quod
914 433 946 491 in
1050 446 1251 488 mosaosanurt
1261 446 1495 487 ssnrznuncsnssu
1505 442 1740 506 sscmmtscornrt.

149 526 296 586 dilectione
314 527 367 583 Dei
379 534 406 581 et
420 526 538 599 proximi
550 527 630 597 quasi
642 526 673 582 in
683 525 866 583 fundamento
878 541 946 584 con·
1297 532 1389 593 (Anno
1407 529 1496 590 lota.)
1511 544 1516 551 ·

150 621 232 690 sistit,
244 620 307 676 licet
317 617 445 692 indignus
454 619 556 691 accepi,
568 617 690 676 charitas
700 633 784 691 quant
794 618 945 677 habueram
997 621 1122 691 lnnepot
1140 618 1213 689 qnod
1230 632 1293 673 cunt
1304 633 1325 702 n
1337 617 1398 700 sede
1415 614 1744 701 apostolicoimpetrassel
1763 620 1795 673 ul

149 713 221 771 circa
231 720 258 771 te
265 712 354 784 major
364 711 437 769 iacta
447 720 490 769 est
499 727 573 784 qnae,
582 719 610 768 te
619 712 781 784 proliciente
791 712 821 769 in
832 711 943 784 melius,
1032 692 1149 774 ΜΨ
1164 704 1220 745 m
1233 705 1285 761 1²⁰?
1286 696 1323 772 ’.ω
1333 688 1510 770 ‘kadmium
1526 693 1552 771 θ’.
1564 704 1595 744 ⁸²⁸
1609 703 1642 743 “⁸
1657 703 1796 773 ῬΨ

148 820 255 878 semper
270 806 298 861 in
311 805 445 878 majorem
458 804 575 878 gradum
587 807 647 861 Deo
660 805 780 877 propitio
800 813 944 879 augeatttr.
1032 759 1797 899 οῶἲῗέῧᾷᾟξέῗάᾝῇῗᾘοππζζξῗᾶἓῖ

181 900 252 954 Data
267 900 376 967 Romae,
390 897 500 967 decimo
512 897 607 971 quinto
618 896 762 956 Kalendas
775 899 854 966 lllaii,
869 897 942 956 indi·
1031 906 1079 970 n't,·
1093 903 1153 959 ideo
1170 907 1258 958 monet
1271 907 1303 958 at
1316 902 1428 958 nelen‘n
1441 916 1505 958 suos
1517 901 1632 957 deciam
1644 901 1794 972 relinquet.

86 1058 92 1067 ,
153 991 245 1049 ellone
256 990 364 1049 decima
377 991 460 1047 tertia
1031 997 1212 1054 Gasoosrns
1224 994 1378 1067 episcopus,
1390 1009 1486 1050 servm
1499 1008 1644 1051 sorvorum
1656 993 1720 1061 bei,
1734 995 1796 1052 (ὶι-

383 1101 560 1159 epistota
572 1102 703 1163 Lxxvl.
995 1103 1119 1147 rosseo
1125 1090 1158 1158 [G
1163 1092 1314 1157 ssssnoo]
1320 1086 1797 1160 saltzburgensiarelriepisoopo,sa·

358 1218 403 1261 u,
423 1215 664 1263 „mnam
672 1219 726 1261 Η.
995 1183 1081 1239 lutam
1095 1190 1123 1239 et
1136 1181 1313 1254 apostoticam
1327 1179 1558 1238 benedictionem.
1750 1178 1754 1183 ’

448 1308 542 1370 (guno
553 1308 641 1368 1⁰75.)
1030 1274 1209 1332 Meminimus
1229 1274 1405 1331 dilectionem
1422 1281 1499 1330 tuam
1514 1273 1591 1330 annis
1605 1273 1796 1346 superioribas

144 1371 286 1480 'simeo‘
298 1404 514 1474 mmmmm
528 1407 677 1476 episcopum
690 1405 872 1463 Simiam
885 1422 903 1462 a
916 1422 944 1463 se
995 1368 1174 1440 apostolicam
1200 1366 1416 1473 sedamnadiisso
1443 1375 1526 1439 atque
1549 1382 1566 1425 a
1592 1369 1796 1472 praedecessore

183 1478 342 1549 depeream.
357 1477 495 1533 internecti
511 1478 703 1548 nequisquam
726 1478 800 1533 paru,
819 1478 942 1535 gadem
997 1470 1092 1519 nostro
1106 1464 1185 1519 bonae
1198 1476 1339 1518 memorre
1355 1461 1518 1529 Alexandro,
1536 1468 1672 1517 maenam
1685 1459 1798 1517 faremo

184 1549 251 1605 bona
264 1548 434 1620 diriperent!
445 1548 728 1617 arennepraesamot.
997 1564 1078 1628 atque
1098 1571 1241 1612 assensum
1266 1555 1415 1626 praebente,
1437 1550 1587 1627 imperasse
1610 1560 1641 1609 ut
1654 1552 1797 1626 parochio

181 1651 356 1709 Gssooams
365 1650 518 1722 episcopus,
532 1664 627 1705 servus
638 1664 781 1706 serrorum
793 1650 855 1721 Dei,
869 1651 943 1710 clero
996 1658 1051 1706 tute
1063 1651 1218 1722 portionem
1234 1666 1289 1722 prae
1300 1647 1480 1721 amplitudine
1490 1647 1533 1705 sui
1545 1646 1695 1715 decideres,
1710 1655 1795 1720 atque

144 1751 173 1801 ct
193 1745 293 1816 populo
308 1741 522 1816 Bambergensis
541 1742 678 1811 Ecclesiae,
693 1742 808 1800 salutem
823 1753 852 1801 et
873 1760 941 1818 apo-
957 1724 1025 1818 p'3'in
1039 1758 1071 1799 ea
1086 1743 1272 1817 episcopatum
1294 1751 1322 1798 et
1341 1742 1500 1814 episcopum
1514 1740 1547 1798 ad
1562 1739 1795 1813 superabundan-

143 1836 266 1893 stolicam
289 1836 517 1893 benedictionem.
996 1844 1052 1893 tem
1065 1835 1207 1908 regiminis
1219 1850 1314 1892 curam
1332 1833 1514 1907 supplendam
1536 1842 1683 1890 statueres.
1700 1833 1793 1904 Quam

179 1932 283 1986 Notum
308 1939 350 1985 est
365 1929 464 2002 [vobis]
481 1944 552 2001 pene
578 1914 711 1986 omnibus¹
733 1930 763 1986 in
784 1931 943 1989 Teutonicis
997 1938 1052 1987 luae
1075 1929 1174 1985 mentis
1194 1928 1376 1985 intentionem
1391 1935 1469 1983 tanto
1490 1926 1605 1983 alacrius
1630 1926 1793 1984 audirimus

143 2023 263 2096 partibus
282 2021 470 2079 babitantibus
490 2022 564 2095 quod
590 2023 801 2097 bambergensis
822 2024 942 2082 Ecclesia
996 2030 1077 2095 atque
1086 2020 1319 2092 utadimpleretur
1328 2018 1483 2076 studuimus
1492 2026 1629 2091 quantote
1638 2018 1793 2092 religiosius

141 2114 266 2187 specialis
279 2114 485 2186 quodammodo
502 2116 554 2171 lilia
568 2115 693 2172 adhaeret
707 2117 788 2173 matri
803 2132 860 2176 suae
880 2119 942 2175 Ro·
994 2115 1023 2172 id
1043 2123 1145 2187 petere,
1160 2122 1242 2187 atque
1258 2119 1408 2170 multorum
1421 2112 1502 2170 saluti
1516 2110 1646 2191 prodesse
1660 2112 1730 2169 relle
1748 2113 1791 2171 in·

141 2223 233 2266 manta
248 2207 385 2276 scelesta,
400 2208 442 2264 cui
465 2211 524 2265 Deo
543 2217 656 2265 auctore
675 2208 853 2278 deservimus,
876 2211 941 2268 licet
994 2208 1158 2265 tellaxitnus.
1174 2208 1241 2278 Quis
1250 2208 1324 2263 enim
1335 2209 1378 2264 cui
1389 2205 1539 2279 spiritualia
1550 2207 1624 2263 lucra
1636 2205 1712 2263 cordi
1722 2205 1790 2274 siut,

139 2301 264 2374 indigni,
288 2317 320 2357 ac
335 2300 453 2374 proinde
475 2310 553 2358 tanto
567 2302 711 2360 sollicitius
729 2303 874 2376 vigilantiae
890 2319 939 2361 no·
995 2301 1040 2358 his
1058 2303 1209 2371 prasertim
1229 2300 1410 2372 temporibus,
1428 2316 1492 2356 cum
1510 2299 1588 2372 juxta
1609 2300 1789 2372 Apostolum,

139 2403 205 2453 strae
219 2410 271 2451 nos
286 2404 395 2467 oportet
409 2394 462 2450 sibi
479 2411 574 2452 curam
592 2395 763 2467 impendere,
778 2407 880 2468 quanto
895 2395 938 2454 fa·
994 2396 1089 2452 Omnes
1102 2400 1229 2466 gnorunt
1244 2409 1305 2467 quc
1315 2409 1366 2450 sao
1378 2399 1451 2458 sant,
1471 2409 1524 2449 non
1537 2393 1793 2463 coalescerent

139 2487 270 2544 miliarius
284 2487 440 2560 apostollcae
460 2486 586 2545 sedisset
603 2488 758 2544 munimine
772 2489 938 2549 contuenda.
994 2490 1103 2560 (Pntttp.
1123 2491 1166 2558 ιι),
1188 2504 1245 2544 non
1265 2487 1446 2544 libentissime
1466 2486 1648 2559 amplectatur
1662 2488 1792 2545 volunta·

138 2579 222 2638 Unde
238 2581 301 2653 quia
323 2580 435 2653 quidam
449 2573 532 2637 idiota
550 2574 709 2652 predictam
728 2582 880 2640 Ecclesiam
894 2583 938 2641 Si·
991 2589 1048 2637 tem
1057 2581 1162 2639 divitias
1171 2589 1294 2637 terrenas
1304 2581 1456 2637 animarum
1467 2581 1547 2635 saluti
1559 2580 1789 2653 postponentem?

137 2672 274 2731 mamacas
295 2672 414 2745 perfidias
433 2672 561 2730 haeretica
581 2675 714 2744 pravitate
728 2675 878 2733 subversus
893 2677 937 2733 in·
991 2673 1045 2731 sed
1061 2674 1102 2731 bis
1122 2672 1263 2731 diebusad
1276 2689 1328 2730 nos
1343 2673 1481 2747 perlatum
1493 2681 1536 2729 est
1549 2673 1585 2728 de
1598 2673 1699 2729 eodem
1713 2673 1789 2731 bono

137 2775 252 2833 raserat,
265 2782 327 2823 eam
342 2767 437 2839 ajugo
451 2766 589 2839 sacrilegae
604 2767 770 2839 pervasionis
783 2768 855 2825 illius
870 2785 937 2843 pro·
991 2769 1129 2840 proposito
1149 2777 1208 2839 tuo,
1223 2768 1298 2840 quod
1313 2782 1365 2823 nos
1386 2767 1560 2822 vehementer
1573 2766 1749 2824 contristarit
1761 2773 1790 2824 et

137 2860 199 2917 vida
219 2859 437 2927 consideratione
452 2859 566 2917 liberare
583 2860 751 2918 studuimus.
774 2863 936 2920 Exemimus
991 2860 1090 2919 laetitiae
1100 2862 1184 2934 priori
1193 2861 1269 2932 quasi
1279 2859 1410 2932 quasdam
1419 2859 1545 2916 moeroris
1554 2858 1788 2919 nebulasetiudit.

136 2951 248 3025 quidem
260 2952 381 3026 gladium
401 2953 589 3023 apostolorum
609 2953 743 3025 principis
763 2955 846 3022 Petri,
862 2956 932 3011 etin
987 2953 1557 3026 lnquoprudentiamtuametreligionem
1567 2951 1789 3030 multumadnri·

135 3062 199 3103 eum
226 3045 375 3117 apostolica
400 3045 563 3102 auctoritate
586 3046 751 3102 seutentiam
778 3048 934 3120 promulga·
986 3047 1037 3102 rati
1047 3062 1143 3102 sumu
1152 3046 1178 3102 id
1188 3046 1237 3102 tibi
1248 3046 1383 3102 ullatenus
1392 3046 1550 3118 persuaderi
1559 3045 1697 3117 potuisse,
1710 3044 1788 3105 ulad

133 3138 232 3195 rimus.
249 3140 349 3195 Verum
362 3137 471 3209 quiaio
487 3137 644 3193 exclusione
658 3138 754 3194 talium
768 3140 858 3195 solent
875 3143 926 3196 Ec·
946 3131 1036 3198 Choc
1058 3148 1086 3195 te
1111 3138 1214 3194 lactum
1241 3139 1381 3195 debuisses
1406 3140 1558 3197 inlleetere.
1586 3139 1786 3212 Comperimus

135 3232 224 3288 clesiae
237 3230 325 3288 multa
337 3231 438 3288 damna
452 3229 517 3301 pati,
533 3238 560 3285 et
575 3230 647 3286 bona
666 3246 759 3286 earurn
779 3230 894 3289 distrabi
908 3243 936 3292 et
989 3235 1072 3300 enim,
1091 3233 1231 3306 episcopo,
1245 3241 1275 3289 ut
1289 3231 1396 3304 praelati
1410 3248 1517 3300 sumus,
1536 3234 1566 3289 in
1584 3240 1663 3306 parte
1684 3247 1785 3305 prectr-

134 3323 263 3397 disperdi,
277 3325 391 3398 dignum
405 3321 535 3379 duximus
546 3323 702 3380 imminenti
719 3323 823 3383 damno
840 3327 933 3386 Eccle-
987 3327 1103 3383 rationis
1117 3335 1171 3383 tuas
1182 3327 1348 3397 composito,
1362 3327 1438 3383 illum
1453 3327 1565 3397 quidem
1578 3327 1606 3382 in
1622 3326 1787 3385 societatem

135 3418 182 3474 sier
196 3432 358 3491 praecavere,
371 3432 403 3472 ac
417 3415 532 3489 proinde
544 3417 683 3491 sacrilegis
698 3426 727 3474 et
738 3420 862 3492 tyrannis
872 3437 935 3494 apo
986 3413 1088 3472 laboris
1108 3415 1226 3484 misisse,
1247 3415 1296 3472 sed
1318 3415 1368 3471 tibi
1393 3413 1515 3472 fructum
1538 3414 1653 3481 laboris,
1680 3414 1787 3473 seilicet

134 3511 229 3568 stolica
249 3508 560 3578 auctoritateresistere,
582 3511 784 3582 interdicendo,
800 3529 836 3569 ne
855 3530 935 3572 occa·
986 3511 1108 3568 decimas
1130 3510 1287 3567 retinuisse.
1316 3509 1444 3580 Quodsi
1469 3525 1564 3567 verum
1587 3516 1639 3579 est,
1663 3509 1787 3582 gravitm

135 3604 213 3661 donc
230 3604 392 3659 exclusionis
406 3603 478 3658 illius
491 3584 543 3658 res¹
552 3602 675 3660 ecclesiae
688 3602 796 3661 aulerre
813 3607 853 3663 sel
867 3623 934 3680 quo-
985 3605 1111 3662 dolemus
1123 3605 1153 3660 in
1173 3612 1230 3660 tarn
1244 3604 1375 3676 praeclaro
1396 3611 1451 3660 tuae
1465 3602 1620 3660 dilectionis
1633 3618 1721 3676 opero
1733 3617 1785 3661 cu·

134 3695 202 3753 libet
215 3695 299 3751 modo
311 3695 430 3751 alienare
443 3706 619 3768 presumant.
633 3698 805 3770 Quapropter
812 3715 845 3755 ex
856 3709 933 3771 parte
985 3698 1138 3771 piditatem,
1154 3712 1216 3769 quae
1234 3695 1312 3752 radis
1327 3696 1454 3752 omnium
1467 3696 1605 3753 malorum
1620 3704 1676 3762 cst,
1691 3695 1786 3754 locunt

133 3788 186 3845 Dei
199 3797 227 3843 et
240 3788 429 3859 apostolorum
447 3788 521 3844 Petri
541 3797 568 3844 et
589 3791 662 3845 Pauli
674 3790 874 3861 interdicimus,
901 3801 933 3850 ut
983 3792 1036 3848 sibi
1049 3791 1168 3857 potuisse
1178 3789 1332 3861 subripere,
1344 3797 1372 3844 nt
1386 3786 1545 3862 operarium
1560 3789 1588 3845 in
1602 3787 1713 3845 vineam
1729 3791 1786 3847 Do-

133 3880 209 3939 nulla
223 3880 340 3952 alicujus
351 3879 502 3954 dignitatis,
517 3897 565 3937 seu
577 3872 733 3954 potestatis,
747 3885 805 3940 sire
819 3885 931 3957 cujusli·
985 3884 1052 3941 mini
1071 3884 1200 3952 mitteres,
1223 3890 1251 3938 et
1276 3898 1339 3939 eum
1359 3882 1449 3955 operis
1477 3880 1601 3940 mercede
1627 3879 1784 3955 fraudares.

134 3974 182 4031 bet
200 3971 379 4041 conditionis,
401 3989 517 4046 persona
535 3990 578 4031 res
591 3975 649 4048 jam
671 3990 742 4048 saepe
764 3974 826 4034 tata
843 3977 931 4035 Eccle-
984 3978 1170 4051 Quamobrem
1186 3975 1349 4033 charitatem
1369 3985 1446 4032 tuam
1460 3968 1715 4034 admonitam‘essc
1733 3990 1785 4033 ro·

134 4067 194 4137 siae,
224 4066 342 4123 maxime
369 4065 530 4123 thesaurum
559 4076 587 4124 et
616 4068 718 4139 praedia
739 4067 859 4138 auferre,
888 4071 929 4128 vel
982 4073 1083 4141 lumus,
1096 4079 1127 4126 ut
1138 4071 1211 4142 quod
1229 4068 1325 4126 devote
1347 4066 1536 4126 Deoobtullsti
1550 4050 1785 4127 serenumetsin·

134 4160 225 4230 aliquo
247 4157 330 4215 modo
350 4159 467 4215 alienare
482 4158 583 4231 injuste
597 4159 751 4232 diripiendo
766 4173 927 4235 praesumat,
981 4181 1075 4223 oerum
1092 4162 1150 4220 sine
1175 4160 1230 4219 luci
1251 4161 1414 4225 admistione
1436 4163 1581 4233 persolvas,
1608 4162 1785 4234 plausibilem

133 4251 222 4308 donec
235 4253 410 4325 omnipotens
426 4254 499 4309 Deus
523 4268 570 4325 per
584 4253 769 4312 interventum
782 4257 854 4314 beati
874 4259 929 4315 Pe·
982 4258 1094 4315 humani
1109 4256 1208 4313 favoris
1223 4255 1330 4311 laudem
1348 4270 1456 4323 caveas,
1476 4262 1504 4310 et
1515 4254 1590 4327 quod
1609 4272 1659 4328 spe
1670 4266 1785 4315 amrnae

132 4344 306 4403 triEcclesiae
320 4346 360 4402 illi
373 4345 502 4402 idoneum
515 4354 652 4418 pastorem
667 4348 818 4418 provideat.
834 4350 929 4424 Siquis
982 4350 1168 4407 retributionis
1187 4347 1292 4421 coepisti
1307 4348 1334 4404 in
1353 4346 1497 4403 securitate
1510 4344 1635 4419 ejusdem
1651 4364 1784 4407 remune-

132 4454 196 4497 rero
209 4449 307 4497 eontra
320 4439 400 4513 bajus
413 4438 610 4496 interdictionis
623 4441 750 4521 paginam
762 4443 854 4501 venire
867 4454 929 4519 ten·
983 4443 1100 4500 rationis
1119 4443 1236 4513 expleas,
1262 4448 1290 4497 et
1311 4440 1456 4497 ecclesiam
1475 4454 1588 4496 suarum
1609 4440 1784 4501 decimarum

132 4534 376 4603 torerit‚notarerit
390 4548 420 4590 se
431 4532 549 4607 gratiam
563 4535 651 4590 sancti
667 4534 738 4592 Petri
753 4536 888 4606 amittere,
902 4547 931 4596 et
985 4532 1134 4593 redditibus
1143 4534 1281 4591 investias.

52 4648 55 4653 ¹
123 4627 290 4705 apostolice
311 4625 558 4684 animadversionis
571 4626 675 4684 ultione
688 4628 874 4702 plectendum.
1018 4632 1089 4687 Data
1105 4631 1217 4696 Romae,
1229 4626 1336 4687 decimo
1350 4624 1447 4699 quinto
1462 4625 1601 4685 Kalendas
1613 4626 1692 4698 Iulii,
1707 4628 1781 4688 indi·

168 4721 239 4776 Data
250 4721 359 4788 Romae,
372 4734 419 4776 su
431 4717 572 4777 Kalendas
586 4719 666 4791 Maii,
680 4719 830 4780 indictione
841 4737 910 4781 1111.
983 4723 1072 4781 ctione
1084 4722 1288 4781 decimotertia.

166 4968 172 4975 .
236 4888 247 4927 ·
407 4852 417 4862 ’
553 4906 1358 5003 ιιιιιιιιιιιιιιυειιιιιιειιιι.

172 5045 258 5106 Anno
275 5040 440 5104 Donlntca
455 5039 679 5111 incantationis
692 5042 847 5106 millasimo
858 5051 1083 5126 *amoenissimo
1097 5051 1212 5129 quinto,
1229 5046 1392 5107 indictione
1404 5042 1517 5108 &nnc
1529 5044 1619 5107 lertio
1639 5044 1738 5124 (380).

372 5145 547 5206 semmua
565 5149 691 5207 entus.
1015 5151 1474 5225 praesensaanonctnsnctizct
1486 5151 1778 5223 nmendotollomca'o

334 5276 382 5318 sn
399 5274 498 5319 nnus
510 5275 710 5335 annasse-s.
1014 5226 1232 5366 mmm
1242 5221 1779 5366 ffgfflmfgfflqffffiffi

434 5371 524 5444 (Anno
536 5373 627 5446 1075.)
1017 5367 1076 5422 sedi
1085 5380 1113 5421 se
1122 5369 1273 5437 presentet.

131 5476 276 5556 mm,
295 5489 457 5543 mmm
470 5490 501 5544 m
513 5490 711 5547 Hermum
732 5491 882 5561 marpeni
896 5504 925 5546 ω
1018 5453 1356 5526 Gssuosrosepiscopus,
1369 5452 1780 5523 mammotrectus

255 5557 361 5629 Migo
384 5558 455 5615 ,pag
467 5561 618 5630 apostolice
640 5575 669 5616 ,Β
689 5561 871 5625 summm,
896 5565 924 5616 ,ι
978 5540 1333 5619 etpopulollambergensis
1343 5541 1483 5612 Ecclesiae,
1499 5541 1620 5600 salutem
1634 5548 1782 5615 etapom

185 5629 471 5686 monooemetnnn
485 5632 621 5687 numeror
641 5630 753 5702 nmque
769 5632 839 5687 boran
847 5630 920 5687 dila·
976 5629 1056 5687 lnam
1075 5629 1307 5688 benedictionem·
1360 5638 1363 5643 ’
1482 5646 1485 5657 ·

169 5741 244 5818 (llo)
258 5747 320 5804 lmo
335 5744 441 5804 decima
455 5753 566 5819 quarta,
583 5744 617 5802 ad
631 5760 713 5819 mam
729 5746 866 5819 pertinent
876 5753 1033 5818 sequentes,
1048 5746 1167 5820 exceptis
1181 5747 1269 5807 tribus
1278 5748 1414 5823 prioribus
1427 5748 1560 5824 epistolica
