3870 6164
132 220 181 279 ΤΗ
490 208 519 265 S.
538 204 700 263 uueonuu
720 205 762 259 l'll
782 202 857 259 OPP.
879 201 965 259 PARS
983 202 1027 259 tlt.
1045 230 1083 247 ···
1100 200 1257 263 GssNClLlA
1276 202 1430 261 nonnul.
1735 202 1781 260 Ti!

131 342 193 401 talis
215 354 276 401 esso
301 335 402 397 debeat
425 334 568 407 episeopus
596 340 627 389 nt
652 338 714 389 ante
741 330 929 401 episcopatum
943 332 969 397 Α
988 329 1099 389 Domini
1112 329 1253 385 lacobus:
1269 332 1301 387 ln
1314 330 1408 384 meltis
1421 330 1493 385 enies
1512 326 1689 396 offendisset
1701 341 1781 383 ome·

133 450 217 497 ursam
229 440 336 493 mutum
353 444 466 491 uxorein
480 425 681 493 lrabnerit,uou
694 423 795 495 plnres.
810 421 934 483 Undeot
985 424 1058 493 (iae.
1086 422 1132 495 ul.
1156 423 1238 479 liniti
1262 430 1355 479 numm
1379 422 1440 479 sine
1462 419 1581 485 erimine
1603 418 1779 492 reperiuntur.

136 538 248 589 sanetus
278 528 464 596 Hieronymus
496 520 525 577 in
548 517 720 592 apologetico
743 514 781 575 ad
808 520 934 575 Pemma
986 517 1070 575 Unde
1089 516 1185 575 beatus
1205 516 1374 589 Augustinus
1388 516 1416 573 in
1440 522 1560 575 traotmu
1576 512 1779 587 qmdnpnns

134 622 227 683 chium
250 638 259 676 ι
274 616 410 690 Episcopi,
431 611 591 687 presbytori,
610 610 731 678 deceni,
752 616 801 667 ant
818 608 935 681 uirgines
986 610 1076 685 primo
1089 626 1172 683 snper
1184 612 1299 669 ioannis
1316 610 1483 683 euangelium
1497 616 1628 667 testatur.
1644 608 1701 666 Sed
1714 608 1779 681 dest

135 717 271 788 eligantur
288 720 336 771 aut
358 709 443 775 vidssi,
468 707 510 765 rel
532 714 607 765 certe
627 712 690 777 post
709 702 895 763 sacerdotium
908 701 936 763 iu
986 705 1066 763 multi
1080 705 1148 778 justi
1158 704 1227 763 dieti
1243 714 1311 763 sunt
1324 705 1383 762 sine
1395 703 1518 777 querela,
1531 702 1611 777 quod
1631 702 1778 775 intelliginr

133 818 268 867 eternum
280 804 382 879 pudici.
394 808 477 869 licut,
490 802 589 861 beatus
598 796 755 867 Zacharias,
771 796 812 853 uir
825 804 936 867 aposto-
988 799 1045 857 sine
1059 798 1184 857 crimine.
1204 798 1286 855 Nulla
1304 798 1378 861 enim
1391 797 1500 871 qurerels
1510 798 1588 871 J'nsto
1601 804 1647 853 est
1658 794 1696 853 ds
1708 795 1777 853 lsisis

133 898 391 969 licus‚seribensad
404 904 530 955 sonetum
545 892 719 951 bonifacium
733 890 936 963 liognntieeen-
987 893 1069 950 rebus
1093 892 1238 961 humanis,
1261 892 1310 966 qui
1334 908 1392 950 non
1414 891 1518 948 babent
1537 890 1661 949 crimem
1683 890 1777 947 crim

133 1012 193 1053 sem
207 994 442 1066 arehiepiscopum
458 990 496 1045 ite
510 988 632 1045 decrerit
648 1006 655 1041 :
673 986 754 1053 ibus,
773 985 872 1055 iuquit,
887 992 939 1043 tua
988 1004 1052 1045 sero
1067 994 1109 1045 est
1122 995 1263 1059 peccatum
1278 1001 1360 1060 grase
1379 985 1553 1043 accusatione
1571 994 1601 1041 et
1613 983 1777 1043 domesticos

135 1089 288 1147 fraternitas
319 1089 346 1145 iu
369 1083 483 1141 concilio
514 1080 675 1153 blognutiuo
698 1078 851 1135 consederit
871 1092 935 1137 cum
989 1081 1198 1153 dignissimum,
1218 1082 1266 1152 qui
1288 1096 1352 1154 ergo
1366 1090 1424 1137 tam
1441 1096 1523 1154 mse
1542 1078 1776 1151 admiserit,jnsn

135 1182 337 1241 carolomanno
351 1176 582 1235 excellentissimo
595 1174 665 1242 uro,
680 1173 703 1231 si
718 1188 788 1245 qrros
803 1170 936 1243 repererit
989 1176 1169 1247 Apostolum,
1195 1183 1355 1248 peccatum,
1378 1190 1489 1232 mesum
1512 1173 1643 1231 ordinem
1670 1172 1776 1229 obtinere

136 1278 288 1350 episcopos,
300 1272 484 1345 presbyteros,
494 1278 543 1327 aut
554 1269 694 1335 dineonns,
708 1275 803 1325 contra
814 1279 935 1323 canones
987 1286 1042 1327 nou
1054 1270 1162 1327 debeat.

132 1373 178 1445 ,rel
201 1379 304 1427 statuta
324 1372 435 1425 Patrem
457 1364 617 1433 excessisse,
636 1361 665 1416 id
686 1369 727 1419 est
739 1360 768 1415 in
786 1359 933 1429 audulterio,
1023 1366 1099 1421 xvi.
1115 1366 1154 1421 Ut
1166 1372 1260 1421 antem
1271 1362 1333 1421 hsce
1344 1363 1494 1436 apostolice
1506 1360 1648 1421 institutio
1660 1362 1696 1420 de
1708 1360 1777 1421 nos

137 1465 177 1540 rel
198 1464 223 1519 si
241 1462 333 1535 plures
351 1474 451 1519 nsores
468 1458 637 1523 lrabuernut,
652 1454 797 1511 autetiam
817 1452 879 1509 aliis
893 1468 938 1511 ee·
989 1458 1129 1516 ordinibus
1138 1458 1219 1516 nobis
1233 1457 1386 1516 evidentior
1398 1458 1456 1525 ilat,
1474 1458 1547 1515 beati
1568 1456 1728 1530 Hieronymi
1738 1472 1776 1513 es-

138 1556 242 1631 pltulis,
262 1556 361 1627 quibos
383 1568 501 1611 nenones
521 1550 644 1608 obriasso
665 1549 776 1619 ruperit,
802 1554 847 1605 tue
871 1562 935 1605 sau·
990 1540 1152 1625 position'em
1170 1568 1253 1625 super
1274 1552 1402 1609 camdem
1416 1552 1591 1609 considerare
1613 1567 1673 1607 non
1688 1552 1776 1623 meet,

137 1651 217 1709 enites
234 1649 311 1707 uuila
328 1648 433 1705 ratione
448 1646 598 1717 apostoliea
615 1642 776 1701 anctoritate
795 1640 937 1714 permittat
990 1648 1036 1719 qui
1053 1663 1113 1705 eam
1134 1648 1163 1704 in
1185 1648 1254 1705 libro
1277 1657 1374 1705 eontra
1395 1646 1573 1703 insipientem
1594 1644 1633 1702 ira
1653 1644 1776 1703 ditandae.

137 1762 184 1803 eos
200 1742 353 1801 sacerdotio
367 1740 454 1813 fungi,
475 1740 540 1812 quia
563 1738 632 1795 iales
652 1756 667 1793 a
688 1752 740 1793 suo
754 1735 865 1811 proprio
887 1750 936 1793 ortt
990 1741 1043 1799 Sed
1063 1752 1091 1800 et
1112 1741 1170 1813 ipss
1195 1743 1357 1815 episcopalis
1378 1742 1474 1798 electio
1495 1756 1605 1797 mecum
1629 1738 1713 1807 ίιιάις
1734 1752 1780 1797 non

135 1838 197 1899 ialsi
214 1837 395 1895 nominantur
407 1834 575 1902 secerdotes,
589 1842 618 1889 et
629 1831 781 1891 deteriores
801 1828 937 1887 saeenlari·
990 1837 1062 1893 enim
1084 1837 1184 1893 dicitur
1204 1854 1212 1893 ι
1240 1837 1362 1909 illigatur
1380 1836 1524 1909 episeopus
1541 1834 1591 1907 qui
1610 1850 1699 1891 usuum
1717 1832 1781 1889 derit

137 1933 188 1991 bus
209 1946 269 1989 esse
290 1936 444 1986 noscuntur
462 1928 511 2000 qui
523 1943 554 1983 se
572 1941 661 1997 neque
675 1942 691 1985 e
705 1922 937 1985 fornicationibus
991 1945 1116 1999 uxorem,
1131 1940 1159 1988 et
1173 1930 1244 1986 lilios
1254 1928 1348 1998 faciat,
1362 1928 1412 1986 sed
1424 1928 1471 2002 qui
1481 1944 1567 1987 unam
1580 1926 1709 1984 habuerit
1719 1940 1780 1983 uxu-

137 2042 225 2100 neque
242 2042 258 2081 e
272 2023 384 2083 nefariis
405 2021 585 2081 matrimoniis
605 2020 757 2077 abstinent.
774 2020 845 2077 liam
859 2013 936 2089 qnod
989 2041 1048 2081 rem
1063 2034 1090 2080 et
1107 2024 1178 2081 filies
1191 2024 1219 2081 in
1233 2024 1309 2081 omni
1324 2023 1449 2082 subditos
1462 2022 1616 2094 disciplina.
1633 2024 1782 2079 cemore-

137 2120 203 2181 inde
216 2119 348 2193 sentiunt,
365 2117 475 2175 dicendo
491 2114 614 2177 Dollllllo
635 2114 812 2169 :Stldtrditit's
831 2112 884 2165 tiled
897 2126 937 2165 tie·
991 2119 1073 2175 liter-ip
1086 2134 1144 2175 non
1159 2134 1239 2191 poppo
1257 2133 1318 2175 03oe
1335 2118 1497 2191 episcopum
1512 2116 1558 2189 qui
1582 2116 1611 2172 in
1633 2116 1783 2189 φίςωμῑῃ

138 2216 191 2273 mel
202 2213 323 2280 undant,
340 2216 368 2271 et
382 2209 529 2282 Apostolus
546 2227 554 2261 ε
572 2210 658 2264 Uirdio
677 2208 771 2265 neuris
789 2207 894 2269 vitumt
908 2208 937 2259 tl
991 2212 1061 2271 lilios
1083 2210 1174 2269 iaciat.
1200 2212 1333 2286 Alioquin
1357 2210 1379 2268 si
1403 2210 1592 2284 deprehensus
1613 2206 1715 2279 fuerit,
1735 2222 1784 2265 non

138 2309 191 2367 lroc
210 2315 275 2363 oute
292 2304 480 2363 sacerdotium
501 2310 659 2373 susceptum
680 2302 719 2359 uti
734 2299 837 2357 licitum
859 2305 902 2355 est
927 2315 935 2353 s
990 2307 1069 2379 quasi
1094 2306 1136 2362 vir
1158 2306 1304 2374 tenebitur,
1328 2305 1377 2362 spa
1403 2304 1482 2379 qrrpsi
1510 2302 1620 2361 adurens
1650 2301 1784 2362 damnali·

139 2417 235 2461 uema
252 2399 298 2456 die
311 2398 430 2471 suscepti
444 2395 592 2457 sacerdotii
606 2395 687 2453 etiam
703 2393 737 2451 eb
751 2393 812 2464 ipso
826 2389 937 2463 proprio
990 2408 1050 2466 tur;
1066 2408 1114 2457 sut
1132 2400 1260 2472 permitte
1280 2398 1469 2456 sacerdotibus
1482 2414 1610 2457 creseere
1634 2412 1718 2470 opem
1738 2412 1785 2453 nu·

139 2494 267 2567 conjugio
296 2491 456 2564 prohibendi
484 2500 557 2549 sitni-
590 2489 673 2547 Unde
697 2496 725 2543 ei
750 2486 937 2557 lllewdlmlss
990 2496 1120 2567 ptiernm,
1140 2502 1171 2551 nt
1192 2494 1264 2551 idem
1280 2494 1335 2550 sint
1349 2494 1470 2566 uirgines
1489 2491 1563 2565 quod
1585 2491 1693 2561 mariti,
1706 2490 1785 2548 sntsi

140 2590 173 2647 ad
189 2588 368 2661 vigilantium
383 2586 505 2643 scribent
524 2592 641 2641 testatur
665 2579 811 2639 :Ecclesia
834 2578 937 2635 Orien·
990 2587 1180 2645 sacerdotibus
1201 2602 1300 2645 uxores
1314 2602 1370 2643 non
1390 2586 1591 2658 lieettpngpre,
1606 2585 1683 2641 ineo
1701 2582 1784 2641 sancti

140 2684 175 2741 lis
197 2688 226 2739 el
250 2682 374 2753 AEgl'tdi.
400 2690 429 2737 tt
453 2679 601 2751 apostolici
625 2675 718 2743 dedet.
746 2682 794 2731 aut
819 2672 937 2745 virgines
990 2690 1054 2738 sssnt
1074 2681 1139 2753 quia
1164 2682 1309 2737 imitantur
1328 2680 1489 2752 pudicitiam
1507 2678 1677 2751 virginalem.
1691 2676 1741 2735 Sed
1759 2684 1786 2733 et

139 2776 253 2835 ⁰¹⁰ii⁰⁰⁸
278 2774 416 2847 accipiunt
440 2782 487 2831 aut
514 2772 700 2838 fflssllssessiffle
725 2776 786 2837 issi,
815 2766 839 2823 δί
865 2782 936 2824 1¹¹⁰·
991 2776 1045 2832 hoe
1057 2774 1233 2832 inferendum
1250 2776 1296 2831 :Si
1311 2775 1394 2831 laicus
1405 2782 1432 2831 et
1443 2772 1597 2846 qubnnque
1612 2772 1703 2831 edetis
1714 2785 1787 2828 orare

139 2888 183 2931 res
195 2870 352 2938 habundus,
368 2868 460 2929 mariti
472 2882 532 2927 esse
544 2866 698 2934 desistunt,
709 2860 851 2937 quomodo
864 2860 937 2917 enirn
991 2885 1046 2926 uon
1070 2878 1160 2942 potest
1174 2869 1227 2926 nisi
1249 2876 1326 2925 secet
1346 2871 1459 2937 [carosi]
1473 2867 1509 2924 ab
1530 2866 1626 2924 officio
1645 2864 1785 2939 conjugali,

135 2966 214 3038 illm
251 2961 381 3021 ⁰¹¹¹¹¹ill¹¹¹
413 2962 597 3034 dll⁰⁸l⁰¹¹¹ffls
633 2967 664 3016 ¹¹1
691 2955 851 3027 praedietum
878 2960 935 3019 0⁸1·
992 2963 1136 3032 secerdoti,
1158 2964 1202 3021 eui
1217 2978 1328 3035 sempor
1347 2978 1397 3035 pro
1415 2962 1517 3035 populo
1533 2960 1680 3019 oileronde
1694 2958 1788 3017 saesill·

140 3076 170 3117 cs
204 3058 392 3126 continerent,
430 3057 455 3113 si
476 3071 542 3113 euru
577 3050 741 3123 conjugibus
770 3046 937 3105 incontinen·
953 3084 976 3148 C
990 3060 1044 3126 013,
1058 3074 1165 3131 semper
1176 3065 1217 3114 „p
1234 3057 1395 3115 ompdpmg
1416 3056 1439 3113 ,ι
1458 3071 1567 3128 semper·
1587 3055 1727 3111 orandum
1739 3062 1786 3119 ῃ,

140 3153 208 3213 liam
222 3166 348 3209 meruere
361 3148 513 3207 deicerent?
535 3150 604 3217 Quae
626 3144 692 3216 quia
706 3141 843 3201 coenaria
857 3147 935 3206 arsut,
990 3167 1055 3223 0130
1068 3167 1176 3223 ,emper
1194 3152 1344 3207 parendum
1362 3149 1549 3208 mmmm
1564 3152 1636 3205 pam
1652 3156 1681 3206 ,ι
1700 3148 1729 3205 p,
1743 3162 1790 3203 η.

141 3247 296 3305 nullalenus
308 3242 390 3301 Simul
403 3257 462 3299 0880
477 3246 602 3313 possunt.
617 3236 672 3295 Sed
686 3244 714 3293 di
727 3235 780 3293 lloc
792 3233 939 3306 diligent&
990 3246 1040 3302 teri
1058 3246 1126 3317 legp¹
1142 3244 1189 3318 qui
1201 3261 1251 3317 pro
1267 3246 1368 3318 populo
1378 3244 1481 3301 hostias
1494 3241 1662 3312 offerebant,
1674 3258 1732 3299 80ss
1745 3256 1789 3298 ω-

141 3339 343 3413 inspiciendum
352 3336 425 3409 quod
436 3334 586 3405 Apostolus
594 3330 709 3405 jsssserit
721 3329 785 3401 eligi
798 3328 834 3385 ad
846 3342 937 3385 secet·

140 3435 258 3504 dotium,
272 3448 338 3489 nem
352 3430 397 3503 qui
406 3430 466 3503 jaus
488 3444 535 3501 per
553 3426 784 3485 tnrnnrinentinm
805 3423 874 3481 lilios
888 3438 938 3493 ge-

992 3340 1047 3396 lnm
1067 3340 1096 3395 in
1110 3338 1237 3395 domibus
1254 3340 1310 3395 stris
1330 3355 1387 3395 uon
1398 3346 1486 3405 erant,
1499 3338 1547 3394 sed
1564 3338 1651 3394 etiam
1663 3334 1789 3411 pucillee·

990 3433 1090 3489 bentur
1099 3432 1149 3502 [sd
1158 3431 1277 3505 tempus]
1288 3433 1323 3489 ab
1336 3433 1469 3490 uxoribus
1482 3431 1599 3504 separati
1611 3440 1642 3487 et
1655 3430 1752 3487 riunnr
1763 3438 1791 3487 et

140 3537 259 3597 nsrnret,
273 3526 323 3585 sed
337 3525 385 3598 orsi
396 3522 502 3583 dudum
516 3522 586 3581 lilios
600 3520 708 3581 adultos
723 3528 751 3579 et
763 3518 834 3577 bene
848 3516 937 3575 nutri·

140 3633 183 3679 tos
198 3622 347 3679 habuisset.
393 3610 397 3615 ’

174 3719 246 3773 Nota
263 3722 357 3771 antuu
371 3710 535 3783 Apostolum
559 3708 750 3767 inobedientes
775 3714 804 3763 et
832 3704 938 3762 vanilo-

140 3824 210 3883 quos
229 3808 386 3863 nullatenus
408 3805 479 3862 inter
500 3819 593 3861 scores
614 3802 724 3859 ordines
747 3806 936 3870 computasse,

140 3904 198 3960 imo
214 3901 314 3973 peritos
331 3899 486 3957 sacerdotes
507 3896 637 3953 constitui
652 3893 811 3967 praecepisse
832 3891 866 3949 ad
887 3889 939 3947 lros

141 3996 236 4067 utique
250 3991 406 4068 arguendos
428 3992 475 4065 qni
489 3991 633 4047 universas
651 3989 749 4046 domos
763 3987 937 4047 subvertunt,

140 4091 270 4147 docentes
284 4104 347 4161 qrrae
361 4102 420 4145 uon
434 4094 545 4158 oportet
561 4084 648 4155 turpis
668 4081 735 4141 lueri
749 4081 854 4155 gratiu3
868 4094 938 4151 qnos

140 4185 222 4241 etiam
239 4182 308 4241 dure
318 4181 451 4254 increpari
461 4180 542 4253 iubet
553 4194 589 4235 ne
598 4176 719 4235 Jndaieis
732 4175 832 4233 labnlis
845 4174 938 4231 inten-

140 4277 216 4345 dent,
231 4286 259 4337 et
273 4276 413 4335 uuandatis
431 4274 575 4333 imminuur
588 4272 771 4329 aversantium
792 4286 822 4327 so
836 4286 853 4327 a
867 4268 938 4325 veri·

140 4379 206 4439 tate,
225 4380 256 4433 ui
272 4371 308 4429 iili
323 4369 370 4442 qui
387 4370 465 4442 justa
483 4368 648 4425 urnndatum
662 4365 740 4423 Pauli
753 4363 936 4430 samosateni,

990 3528 1107 3585 siceram
1114 3543 1171 3583 non
1182 3526 1312 3583 bibebant
1320 3530 1417 3595 (berit.
1427 3530 1467 3595 x),
1476 3542 1539 3599 qum
1547 3526 1640 3582 solent
1650 3524 1789 3582 tibulmnn

991 3638 1147 3695 provocare.
1160 3623 1304 3694 Eliguntur
1315 3620 1406 3677 mariti
1417 3622 1447 3677 in
1458 3619 1646 3677 secerdotium
1658 3634 1734 3675 :non
1744 3632 1790 3675 ne·

991 3732 1037 3789 go,
1048 3717 1111 3788 quia
1125 3732 1182 3772 non
1196 3724 1261 3773 sumt
1276 3716 1346 3771 tanti
1367 3712 1485 3788 virgines
1501 3713 1596 3787 quanti
1615 3721 1684 3769 sunt
1697 3726 1791 3769 neees-

990 3812 1051 3865 sarii
1065 3810 1232 3867 sacerdotes.
1252 3808 1382 3881 Nunquid
1396 3809 1458 3880 quin
1478 3808 1508 3863 in
1526 3806 1652 3863 exercitu
1672 3804 1790 3863 fortissi-

991 3920 1053 3961 mns
1064 3905 1177 3977 quisque
1186 3902 1329 3976 eligendus
1339 3911 1390 3969 est,
1399 3902 1500 3959 ideireo
1511 3916 1569 3958 non
1579 3906 1791 3957 assumentorcl

990 3997 1166 4065 infirmiores,
1181 4012 1354 4053 comumnes
1367 3997 1453 4053 iortes
1466 4010 1527 4051 esso
1544 4010 1601 4051 non
1617 3990 1789 4067 possuntlsi

991 4092 1127 4149 exereitus
1151 4092 1254 4149 risibus
1275 4100 1384 4149 tantum
1399 4098 1550 4155 constaret,
1573 4096 1601 4145 st
1627 4104 1685 4146 non
1709 4086 1790 4145 etiem

989 4202 1106 4242 numero
1117 4185 1244 4253 militum,
1256 4185 1439 4259 adjicerentur
1447 4182 1643 4241 imbecilliores
1655 4201 1663 4238 :
1676 4196 1751 4238 nune
1763 4186 1792 4237 el

991 4280 1173 4336 secundarum
1188 4288 1216 4336 et
1232 4280 1375 4336 tertiarum
1390 4279 1493 4336 sirium
1507 4275 1608 4351 gradus
1628 4274 1790 4343 assumitur,

991 4383 1022 4430 ut
1044 4374 1125 4429 turba
1143 4381 1171 4429 et
1183 4389 1300 4429 numero
1314 4373 1449 4430 exereitus
1462 4370 1645 4443 compleatur.
1668 4372 1704 4425 tte
1724 4382 1792 4441 quo·

139 4466 196 4523 siue
220 4464 347 4535 bibionis,
367 4462 510 4523 Jndaicarn
531 4461 757 4519 incontinentiam
775 4459 978 4530 christianisn
994 4466 1087 4533 modo,
1107 4466 1227 4540 inquies,
1241 4466 1397 4540 frequenter
1419 4466 1447 4523 in
1466 4464 1640 4523 ordinatione
1661 4460 1791 4520 socerdo-

139 4560 325 4619 moerentibus
346 4558 429 4615 licere
447 4556 644 4629 dogmatizant.
663 4553 737 4624 Quid
755 4568 821 4625 ergo
835 4554 937 4611 mirum
990 4561 1040 4617 tali
1063 4561 1192 4617 sacerdos
1211 4562 1289 4635 uirgo
1311 4560 1473 4634 negligitur,
1494 4568 1523 4615 ct
1535 4557 1654 4614 meritus
1677 4554 1793 4613 essnmi-

138 4652 161 4709 si
174 4654 258 4709 etiam
278 4660 374 4710 noster
388 4651 554 4725 apostolicus
570 4646 731 4719 huiusmodi
750 4647 939 4704 inobedientes
992 4658 1061 4711 turi
1074 4656 1143 4724 Quin
1156 4653 1229 4712 forte
1239 4663 1266 4712 et
1279 4662 1376 4712 caetera
1388 4670 1471 4725 opera
1482 4650 1629 4725 virginitati
1640 4666 1698 4707 non
1711 4648 1793 4707 babet

139 4764 155 4805 a
176 4762 254 4805 serre
273 4746 367 4805 officio
380 4744 506 4811 dimovit,
528 4760 600 4817 quos
617 4751 646 4800 es
659 4743 806 4815 diodolus
819 4741 888 4799 dure
902 4740 940 4797 in·
991 4750 1180 4821 congruentia,
1195 4758 1243 4805 aur
1254 4750 1332 4821 virgo
1347 4756 1471 4820 putetur,
1489 4756 1518 4802 es
1537 4762 1594 4802 non
1615 4754 1671 4811 est,
1684 4752 1734 4800 sun
1751 4746 1792 4800 ess

139 4840 258 4912 creperi,
276 4855 334 4897 non
345 4838 430 4895 sceris
444 4838 589 4895 ordinibus
601 4838 786 4907 annumerari,
800 4837 939 4894 decrevit?
993 4842 1156 4915 uirginitatis
1177 4842 1340 4916 [uirginitas]
1357 4840 1478 4911 intensis,
1498 4846 1546 4895 aut
1565 4846 1641 4895 certe
1661 4838 1721 4911 ipse
1740 4836 1792 4893 rir-

141 4934 260 4993 videsne
281 4948 348 5007 ergo
369 4948 453 5005 qnam
473 4931 663 4989 merlnuilises
687 4933 745 4989 sint
770 4931 939 4989 observanda
993 4936 1090 5012 ginnas
1104 4936 1176 5010 paris
1189 4936 1214 4993 ei
1227 4936 1396 5009 snperbiam,
1411 4943 1439 4991 et
1451 4934 1520 4991 dnm
1536 4933 1588 4990 sibi
1603 4928 1791 5005 applaudisde

140 5028 227 5085 nostri
250 5026 592 5099 (impedimentaque
615 5042 631 5081 a
653 5025 838 5083 saeratissimo
863 5023 940 5081 sonte
992 5033 1052 5089 sola
1070 5032 1195 5104 corporis
1218 5034 1358 5098 castitate,
1383 5029 1497 5086 virtutss
1518 5036 1637 5085 ceteras
1656 5026 1790 5099 negligit:

140 5120 344 5194 &delusorum
367 5119 492 5177 videmus
513 5119 653 5177 derivate?
669 5119 820 5177 Sciendum
844 5129 940 5177 aulem
992 5142 1049 5183 nen
1066 5124 1298 5199 ioretpsuperes,
1313 5124 1495 5197 autpeeuniae
1513 5122 1641 5195 cupidior
1654 5130 1706 5178 est
1723 5122 1790 5177 ltre-

141 5216 309 5287 Apostolum
331 5214 554 5271 constituissent
576 5212 720 5270 ordinandi
745 5214 802 5271 sire
824 5212 942 5277 ordinati
993 5220 1035 5276 nir
1053 5218 1193 5276 interdum
1214 5219 1364 5274 utu-istius·
1383 5218 1483 5281 nrltns,
1497 5214 1650 5273 adductum
1667 5212 1792 5288 supesrd-

141 5306 940 5379 sioeerinineessent,nonsinepeceatoliamiumundo
993 5314 1071 5381 lium,
1089 5314 1211 5369 incessus
1234 5328 1397 5384 pomparum
1421 5310 1531 5368 ierenlis
1553 5308 1679 5379 [similis]
1701 5306 1790 5365 olim·

140 5402 244 5472 nullus,
262 5402 342 5476 juste
356 5402 551 5475 Augustinum,
574 5403 697 5476 exeeptis
710 5402 828 5475 parvulis
847 5400 941 5474 bapti·
992 5404 1040 5463 det
1054 5405 1196 5479 populum,
1212 5413 1240 5461 et
1260 5406 1306 5478 epu
1327 5406 1395 5461 nibil
1411 5402 1582 5477 bebetqnod
1605 5401 1791 5476 reprehendat

140 5495 221 5561 zatis,
241 5497 301 5553 sine
321 5505 431 5569 peceato
444 5504 630 5565 conversatur,
645 5504 791 5553 attestante
816 5498 875 5569 ipso
893 5496 941 5554 dl·
993 5500 1021 5556 in
1044 5500 1099 5555 vita
1116 5500 1239 5556 habitum
1259 5500 1350 5556 solnm
1373 5499 1463 5556 oderit
1482 5507 1509 5555 et
1532 5498 1684 5557 incessum.
1710 5494 1790 5553 ttetd

139 5589 287 5648 lsclien'mo
307 5590 420 5647 Domini
438 5592 546 5648 Joanns
571 5608 579 5646 :
604 5592 636 5649 Si
657 5592 818 5656 diberimus,
839 5590 940 5664 inquit,
993 5594 1129 5667 eliguntur
1142 5610 1197 5651 non
1211 5610 1306 5651 amore
1323 5594 1375 5663 sui,
1390 5592 1439 5651 sed
1459 5590 1572 5651 alterius
1592 5590 1669 5649 odio.
1685 5594 1719 5649 ln
1733 5589 1790 5664 ple·

139 5687 203 5755 orsio
211 5688 352 5757 peceotnrs
367 5700 424 5741 eon
439 5685 577 5751 bobertus,
593 5686 648 5755 ipsi
666 5700 715 5742 rsos
737 5686 898 5752 seducimus,
914 5688 942 5741 et
991 5688 1082 5761 risque
1095 5686 1259 5761 suffragium
1271 5697 1394 5746 meretur
1410 5689 1468 5745 sola
1485 5684 1659 5761 simplicitet,
1678 5693 1708 5745 et
1721 5688 1791 5745 alte·

30 5812 34 5817 -
139 5782 239 5837 cedes
252 5780 283 5836 ais
301 5779 450 5837 nobismet
470 5781 548 5850 est(l
559 5782 636 5835 tene.
662 5784 740 5849 verr).
760 5781 832 5837 item
855 5778 940 5839 irster
992 5782 1050 5841 rius
1067 5784 1266 5856 prudentiores
1284 5780 1425 5841 calliditati
1444 5780 1524 5856 qnasi
1543 5779 1651 5839 malitis
1675 5776 1794 5855 opponi·
