3884 6158
174 283 224 337 ass

642 276 813 333 lll‘lsl't‘ttlt
834 278 943 333 lcx'llnt
962 278 1151 335 uufilstutlt
1170 279 1358 335 latialibus.

1770 285 1821 337 ast

174 405 233 460 aliis
250 403 328 475 qnasi
344 403 394 474 piis
415 403 449 459 dc
472 403 559 459 causis
581 418 703 474 prosuae
723 402 845 459 avaritiae
860 417 972 459 excusa·
988 403 1079 471 Auiti
1101 421 1158 461 non
1171 404 1268 477 possit,
1282 403 1394 463 aliunde
1413 402 1465 462 sibi
1478 406 1589 462 Patrem
1610 413 1639 461 ct
1658 405 1823 478 magistrum

175 498 247 555 bone
272 495 510 564 concedere31scd
532 504 630 553 curtcla
649 512 711 569 quac
730 496 767 552 ibi
782 496 873 553 oblata
893 505 973 564 sunt,

175 592 213 649 rel
227 589 323 647 cllerri
337 591 493 664 contigerit,
512 598 568 646 tam
585 607 601 647 a
617 599 743 662 tequam
764 590 799 646 ab
823 590 923 662 eisqui
945 591 972 645 in

175 695 220 742 tuo
233 684 329 742 allicio
345 685 460 757 locoque
471 685 663 752 successerint,
680 685 789 756 pereuni
800 693 926 756 tempore
941 684 972 739 il·

174 780 257 837 libata
270 788 301 835 et
320 779 380 835 sine
397 777 590 850 inquictudine
602 779 690 850 aliqua
706 779 836 835 volumus
850 779 973 849 posside·

174 876 206 937 ri.
220 889 321 931 eorum
335 871 447 946 quidem
461 872 563 938 usibus,
579 888 628 944 pto
644 888 763 944 quornm
777 873 974 929 sustentatione

174 967 425 1041 gubernationeque
434 981 562 1023 concessa
574 975 650 1033 sunt,
666 965 755 1022 modis
765 966 899 1023 ornuibus
911 982 975 1039 pro·

175 1059 276 1117 lutura.
297 1062 365 1117 llaec
387 1060 472 1133 igitur
485 1061 579 1116 omnia
593 1076 656 1132 qua·
674 1059 756 1131 liujus
774 1061 902 1131 praecepti
925 1059 975 1117 de·

177 1156 302 1228 cretique
317 1153 404 1211 nostri
420 1154 517 1226 pagina
530 1153 662 1219 continet,
677 1161 732 1209 tam
748 1152 796 1209 tibi
811 1168 894 1225 quant
909 1169 976 1209 cun-

175 1248 225 1305 ctis
245 1249 294 1322 qui
319 1248 348 1303 in
367 1262 400 1304 eo
414 1263 468 1319 qno
484 1264 515 1304 es
532 1247 628 1304 ordine
650 1247 763 1318 locoque
780 1247 975 1315 successerint,

175 1345 201 1401 in
215 1350 383 1417 perpetuum
395 1341 527 1398 servanda
537 1342 723 1397 decernimus.
734 1341 761 1397 Si
774 1341 836 1412 qnis
847 1357 911 1398 vcro
927 1341 976 1397 im-

175 1446 345 1511 paratorum,
360 1452 469 1507 regum,
481 1435 595 1503 ducum,
610 1435 813 1501 marchionum,
829 1435 975 1501 comitum,

174 1532 362 1600 sacerdotum,
391 1530 568 1597 clericorum,
585 1529 723 1601 judicum,
747 1546 780 1586 ac
804 1529 976 1587 saccularium

175 1642 357 1699 personarum
371 1624 443 1681 banc
458 1622 663 1681 constitutionis
677 1631 778 1679 nostrat
790 1624 917 1695 paginam
930 1640 976 1695 ag·

173 1735 304 1789 noscens,
327 1728 423 1777 contra
440 1735 499 1775 eam
524 1718 669 1774 temerario
692 1734 759 1775 arrisu
774 1718 866 1774 venire
887 1728 977 1775 teuta-

1027 507 1166 571 expetant,
1192 508 1221 555 ct
1246 498 1412 572 Lingoueusi
1450 499 1577 572 episcopo
1606 498 1823 557 consecrandum

1028 592 1264 665 ordinandumque
1273 592 1445 666 provideant,
1457 592 1482 650 si
1497 600 1591 651 tamen
1603 592 1661 666 ipse
1678 593 1825 667 episcopus
1850 598 1853 602 ’

1028 686 1143 757 gratiam
1178 685 1334 759 apostolicae
1359 685 1432 744 sedis
1464 685 1603 756 babuerit,
1639 696 1667 744 et
1690 688 1825 746 canonice

1028 779 1117 851 ipsam
1131 779 1332 838 ordinationem
1346 780 1434 839 lacere
1451 781 1577 839 soluerit.
1592 781 1708 855 Quodsi
1722 781 1825 854 aliquid

1030 874 1131 930 borum
1149 874 1296 944 obstiterit,
1317 875 1396 932 liccat
1410 875 1495 933 electo
1510 874 1634 949 ejusdem
1652 874 1824 943 monasterii,

1028 967 1123 1027 autad
1137 968 1315 1041 apostolicam
1333 968 1429 1027 sedem
1442 985 1592 1033 recturerc,
1608 977 1657 1025 aut
1669 986 1686 1027 a
1700 985 1824 1042 quocun·

1029 1078 1082 1134 quc
1101 1062 1219 1119 voluerit
1240 1061 1370 1135 religioso
1388 1064 1516 1137 episcopo
1539 1062 1776 1121 consecrationem
1798 1072 1827 1120 ct
1919 1054 1922 1059 ’

1029 1155 1191 1213 clcricoruru
1208 1156 1396 1214 ordinationes
1420 1165 1503 1231 atque
1524 1166 1622 1215 caetera
1641 1173 1704 1230 qum
1720 1157 1755 1215 ad
1769 1159 1824 1230 epi-

1030 1267 1144 1322 scopum
1159 1251 1296 1323 pertinent
1310 1251 1459 1323 suscipere.
1474 1250 1627 1307 Statuirnus
1641 1250 1727 1307 etiam
1744 1267 1780 1307 ne
1792 1251 1827 1307 ab

1030 1345 1158 1417 episcopo
1177 1345 1218 1401 rel
1236 1344 1371 1402 ministris
1391 1344 1577 1417 Lingoncnsis
1594 1343 1721 1401 auleas
1739 1343 1828 1401 dirius

1031 1449 1120 1496 restro
1134 1439 1301 1497 monasterio
1315 1438 1513 1497 interdicantur
1527 1438 1628 1506 cilicia,
1639 1436 1687 1495 sed
1701 1437 1830 1495 conanus

1030 1533 1213 1601 celebrentur,
1244 1533 1297 1589 nisi
1334 1534 1439 1592 eisdem
1470 1533 1560 1591 octusis
1595 1533 1695 1589 iratres
1723 1547 1830 1589 cessare

1031 1636 1157 1700 oportent
1177 1645 1238 1701 qna
1261 1628 1509 1702 sedisapostolicae
1542 1628 1667 1701 praesulis
1684 1626 1829 1685 Benedicti

1030 1722 1260 1779 determinatione
1274 1721 1413 1781 distincta
1424 1732 1499 1779 snnt.
1515 1722 1591 1778 lllam
1605 1737 1713 1795 quoque
1723 1722 1752 1777 iu
1765 1735 1827 1777 nro·

175 1816 257 1885 verit,
279 1814 438 1872 admonitus
448 1814 534 1871 semel
549 1822 577 1868 et
592 1813 701 1880 itemm,
725 1828 812 1884 usqne
831 1812 912 1869 tertio
931 1829 978 1885 per
992 1811 1016 1873 B
1032 1817 1128 1873 naclris
1142 1817 1197 1873 tuis
1210 1816 1332 1890 quietem
1346 1834 1378 1873 ac
1392 1818 1561 1885 libertatem,
1577 1831 1660 1888 quam
1675 1815 1748 1874 idem
1760 1830 1829 1887 prm·

166 1909 375 1967 convenientes
389 1907 522 1976 inducias,
536 1908 559 1963 si
575 1924 630 1964 non
648 1908 793 1979 resipuerit
806 1914 891 1979 atquc
905 1922 977 1978 prte-

154 2005 250 2062 dictc
264 2003 435 2060 monasterio
456 2018 513 2058 non
533 2001 704 2067 satisfecerit,
727 2000 868 2074 potcstatis
890 2000 978 2057 bono·

140 2100 270 2172 risque
282 2096 325 2155 sui
338 2096 474 2171 dignitate
489 2104 592 2165 carcat,
604 2111 741 2167 reumque
754 2110 784 2152 se
795 2094 892 2152 divino
901 2094 978 2167 jndi-

1031 1912 1072 1968 sul
1088 1911 1197 1969 decreto
1214 1926 1264 1968 suo
1279 1910 1408 1979 lirmnvit,
1433 1927 1485 1968 nos
1505 1910 1580 1967 beati
1602 1910 1677 1969 Petri
1695 1918 1723 1967 at
1735 1918 1829 1967 nostra

1031 2007 1196 2062 auctoritate
1206 2006 1401 2062 intemeratam
1415 2013 1545 2078 perpetuo
1557 2019 1668 2062 manere
1680 2003 1829 2061 sancimus.

1032 2101 1194 2172 Quicunque
1218 2116 1283 2157 vero
1306 2099 1470 2156 clericomm
1495 2098 1538 2156 vel
1562 2098 1694 2155 laicorum
1720 2113 1779 2154 sese
1798 2096 1829 2152 in

135 2195 217 2253 cio
242 2193 362 2250 existere
381 2192 414 2248 dc
429 2199 580 2264 perpetrata
603 2191 748 2263 iniquitate
769 2198 934 2261 cognoscat:
951 2199 975 2246 ct

132 2289 228 2346 misi
245 2304 278 2345 ea
297 2302 359 2359 quae
373 2286 407 2342 ab
422 2286 470 2341 illo
487 2294 554 2341 sunt
569 2285 640 2341 male
660 2285 750 2340 ablata
765 2284 924 2351 restitnerit,
937 2286 977 2340 rel

125 2382 263 2457 digna
280 2378 445 2454 poenitentia
461 2378 555 2435 illicite
569 2386 628 2434 acta
644 2377 797 2444 delleverit,
822 2378 977 2435 asseratis·

121 2477 250 2533 simo
266 2489 384 2547 corpore
398 2480 426 2531 ct
439 2472 571 2545 sanguine
588 2471 702 2528 Domini
719 2471 805 2529 nostri
818 2475 883 2529 Jesu
904 2471 979 2528 Cbri

121 2572 209 2627 uti
222 2570 337 2628 alienus
353 2569 411 2634 stat,
432 2576 513 2640 atque
534 2567 562 2622 in
576 2575 681 2623 aeternio
697 2566 822 2623 examine
847 2566 980 2624 districta

121 2664 279 2723 ultioni
292 2663 441 2736 subjaceat.
458 2662 571 2718 Cunctis
580 2669 674 2717 autem
684 2660 774 2717 cidem
789 2660 848 2715 loco
861 2678 909 2717 sua
918 2661 980 2731 jura

121 2756 363 2825 servantibus,
374 2756 471 2829 sitpar
482 2754 594 2812 llcmiui
609 2755 695 2810 nostri
709 2756 724 2808 J
728 2770 775 2810 csu
786 2754 902 2823 Christi,
917 2771 981 2826 qua·

121 2858 260 2911 tenus
285 2859 316 2908 et
340 2850 384 2907 bic
408 2849 528 2906 lructum
541 2849 621 2905 bonae
643 2849 760 2904 actionis
779 2848 939 2920 percipiant,
956 2859 983 2906 et

121 2961 172 3003 a
183 2946 253 3022 pud
267 2943 429 3003 districtum
447 2941 573 3000 iudicem
592 2942 706 3015 prtcmia
727 2951 838 2999 retentae
854 2943 927 3015 pacis
941 2944 982 2998 in·

121 3042 304 3100 veniant.

1032 2194 1198 2251 monasterio
1210 2203 1301 2251 vestro
1309 2194 1445 2251 voluerint
1454 2192 1591 2261 conterre,
1601 2192 1679 2249 robis
1689 2190 1770 2249 liceat
1783 2206 1831 2248 cos
1848 2243 1861 2265 ,

1032 2289 1090 2343 sine
1111 2288 1200 2360 aliqua
1219 2288 1434 2346 contradictione
1448 2287 1583 2359 recipere,
1598 2279 1753 2343 dummodo
1768 2300 1831 2357 pro·

1034 2382 1093 2454 prie
1114 2381 1343 2439 excommunicati
1358 2397 1418 2437 non
1431 2380 1534 2438 suerint
1549 2380 1591 2437 vel
1604 2380 1773 2437 nominatim
1786 2379 1829 2435 in·

1033 2474 1154 2533 terdicti.

1070 2570 1273 2627 Connrmamus
1286 2569 1370 2626 ctiam
1383 2568 1462 2625 rolris
1476 2567 1605 2625 ecclesias
1618 2575 1739 2637 vestras,
1752 2582 1833 2640 qnae·

1034 2679 1141 2735 cunque
1154 2679 1229 2719 nunc
1242 2663 1398 2736 possidetis,
1409 2679 1457 2718 seu
1472 2678 1549 2735 quas,
1564 2661 1693 2734 largiente
1711 2667 1788 2728 lieo,
1804 2663 1833 2717 in

1035 2767 1174 2828 posterum
1195 2757 1325 2814 teancntce
1339 2755 1527 2829 possidebitis,
1546 2764 1698 2812 statuentes
1718 2764 1749 2810 ut
1770 2756 1834 2812 nul·

1036 2852 1080 2909 lus
1103 2852 1266 2908 clericorum
1284 2849 1344 2907 sine
1369 2864 1482 2906 assensn
1505 2857 1598 2905 restro
1621 2848 1650 2903 in
1674 2848 1715 2903 eis
1735 2845 1834 2904 audeat

1037 2945 1207 3014 ministrare3
1223 2943 1272 3002 sed
1289 2930 1506 3017 quotiescunque
1521 2943 1548 2997 in
1564 2941 1655 3013 aliqua
1675 2957 1770 2998 earnm
1785 2941 1835 2997 riri·

1037 3040 1126 3096 nister
1140 3038 1223 3096 luerit
1241 3036 1447 3111 subrogandus,
1462 3052 1511 3092 vos
1529 3036 1660 3092 idoneum
1673 3034 1774 3091 adhoc
1788 3035 1835 3091 eli-

208 3140 324 3194 Datum
336 3133 465 3190 laterani
477 3147 537 3188 vin
550 3130 613 3186 lial.
632 3129 719 3203 April.
736 3146 784 3204 per
796 3147 896 3189 manus
909 3131 985 3189 Petri
1000 3163 1023 3226 C
1039 3142 1143 3208 gentes,
1158 3134 1285 3206 episeopo
1309 3141 1456 3205 praesente,
1477 3131 1523 3203 qui
1538 3129 1682 3203 episcopus
1701 3145 1797 3186 crrrttm
1811 3129 1835 3186 ei

129 3228 179 3285 S
188 3272 204 3287 .
222 3232 368 3286 Romauae
384 3227 508 3284 Fcclesiae
522 3225 672 3298 presbyter-i
684 3226 834 3283 cardinalis
846 3235 873 3283 et
887 3226 983 3282 biblio-

130 3322 311 3391 theeartt,
327 3337 401 3378 anno
414 3336 435 3377 v
451 3316 548 3392 pontii.
564 3318 672 3376 domini
689 3320 815 3392 Gregorii
830 3322 880 3375 vll
896 3336 982 3393 papae,

142 3415 279 3477 indict.
296 3416 399 3489 prima.

1040 3228 1194 3284 animarum
1217 3226 1358 3299 injungat,
1371 3236 1398 3282 et
1420 3225 1458 3281 sic
1472 3224 1549 3281 robis
1566 3223 1601 3281 de
1624 3223 1833 3296 temporalibus,
1934 3268 1938 3273 .

1038 3322 1165 3394 episcopo
1190 3335 1254 3377 scr-o
1273 3319 1308 3376 de
1325 3319 1511 3392 spiritualibus
1529 3316 1631 3375 debeat
1651 3315 1832 3389 respondere.

1039 3418 1066 3471 st
1078 3415 1140 3488 quis
1153 3424 1245 3472 autern
1259 3422 1354 3471 contra
1368 3412 1439 3469 lrauc
1451 3410 1573 3469 formam
1585 3413 1614 3467 in
1627 3410 1732 3469 eisdem
1747 3411 1837 3467 eccle-

121 5998 136 6088 l

505 3511 670 3567 xxxviii.

163 3625 308 3699 Gregorii
328 3640 408 3696 propte
433 3624 486 3678 l'll
513 3623 687 3692 priuilcqt'ruu
727 3636 779 3690 pro
812 3623 984 3676 titillamento

401 3696 555 3763 altaripa
578 3695 756 3749 llt'ur'aueust's.

485 3802 578 3865 (anno
605 3802 697 3863 tots.)

185 3902 336 3969 trinnio,
347 3903 454 3962 Becuct'l
468 3903 500 3959 dc
510 3905 594 3973 plores
609 3918 677 3972 pour
691 3902 778 3956 sacti·
790 3904 806 3957 ri
816 3901 944 3956 l'ltistcrin
953 3900 987 3955 dc

421 3979 589 4045 Bourgcquc,
605 3989 665 4045 pag.
681 3977 755 4041 tub]

220 4083 404 4139 cancarrus
419 4078 572 4151 episcopus,
588 4090 682 4133 serens
704 4090 846 4132 servorum
861 4076 917 4144 llci,
941 4092 987 4133 te·

196 4174 303 4233 atrabili
324 4172 382 4229 utto
401 4173 591 4239 Gsnnnront,
616 4170 708 4227 abbati
730 4169 905 4226 Divioneusis
928 4186 991 4227 mo-

196 4268 312 4341 natent,
332 4267 448 4340 eiusque
471 4265 675 4323 successoribus
697 4263 859 4337 regulariter
880 4280 991 4336 promo·

194 4362 288 4420 tendis
305 4362 337 4417 in
357 4368 528 4434 perpetuum.

225 4458 362 4533 supernae
372 4454 557 4511 miserationis
569 4460 704 4526 respectu,
720 4452 754 4510 ad
775 4453 827 4509 boe
847 4453 991 4509 venerabi-

1038 3510 1087 3567 siis
1101 3509 1253 3565 ministrare
1268 3507 1483 3580 presumpserit,
1498 3521 1551 3561 uos
1568 3520 1632 3561 eum
1647 3504 1683 3561 ab
1699 3502 1783 3561 officii
1794 3503 1837 3560 sui

1040 3603 1214 3661 exsecutione
1237 3599 1443 3673 suspendimus,
1463 3599 1583 3655 clanstro
1607 3599 1709 3666 ctiam,
1735 3596 1765 3652 in
1783 3612 1838 3670 quo

1040 3697 1242 3754 monasterium
1257 3703 1380 3751 restrum
1393 3692 1477 3750 sitnm
1492 3702 1545 3757 est,
1562 3708 1621 3749 cam
1638 3691 1795 3748 libertatem
1810 3698 1839 3747 et

1042 3791 1243 3848 immunitatem
1258 3787 1437 3846 concedimus
1451 3803 1534 3860 qnam
1545 3785 1657 3842 illustris
1670 3801 1719 3842 ror
1730 3784 1838 3841 Rcber·

1040 3896 1084 3942 tus
1106 3885 1231 3941 noscitur
1253 3883 1412 3952 contulisse,
1439 3889 1470 3938 ut
1495 3881 1529 3938 ab
1553 3882 1628 3937 omni
1651 3880 1791 3937 invasione
1812 3887 1838 3935 et

1040 3978 1168 4037 violentia
1180 3977 1257 4037 ducis
1267 3986 1294 4033 et
1303 3976 1450 4033 bominum
1463 3990 1577 4032 suorum
1588 3974 1660 4031 sitin
1674 3982 1836 4046 perpetuum

1041 4073 1159 4130 liberum
1173 4089 1205 4130 ac
1215 4086 1353 4141 securum,
1372 4070 1408 4126 ita
1422 4078 1453 4127 ut
1470 4068 1535 4124 nibil
1551 4082 1663 4141 prorsus
1677 4083 1692 4123 a
1704 4075 1838 4133 torrente,
1855 4066 1866 4079 ''

1049 4169 1095 4238 qui
1117 4166 1198 4224 castri
1212 4167 1357 4238 sanctique
1376 4179 1489 4221 causam
1507 4161 1615 4229 dividit,
1630 4161 1725 4233 aliquis
1739 4162 1780 4217 vel
1795 4176 1843 4217 au·

1044 4260 1116 4317 ferre
1142 4269 1292 4334 praesunrnt
1321 4258 1360 4315 vel
1387 4257 1519 4330 accipere.
1551 4255 1700 4311 Ecclesiam
1728 4268 1841 4326 quoqne

1045 4355 1122 4411 Beati
1141 4354 1272 4411 Germani
1292 4353 1324 4407 (lc
1344 4355 1420 4418 lutri,
1442 4349 1488 4406 ubi
1508 4347 1727 4405 sanctimoniales
1751 4346 1842 4403 consi-

1043 4457 1130 4513 stunt,
1145 4448 1223 4504 robis
1238 4454 1368 4519 perpetuo
1380 4443 1578 4501 confirmamus
1592 4438 1798 4514 possidendam,
1814 4449 1840 4495 ct

194 4549 225 4608 lis
248 4548 383 4607 Ecclesiae
402 4564 496 4605 rsuram
521 4547 694 4620 suscepimus
715 4556 740 4603 ct
767 4548 909 4619 apostolici
931 4563 988 4603 nro·
1009 4579 1033 4641 υ
1047 4552 1078 4601 ut
1097 4544 1163 4616 ipsm
1178 4538 1401 4598 sanctimoniales
1415 4551 1558 4610 rurnquam
1572 4551 1588 4592 a
1600 4534 1770 4607 subjectione
1790 4536 1843 4589 Bc-

195 4642 346 4701 deraminis
362 4640 572 4700 sollicitudinem
583 4643 716 4715 gerimus,
738 4650 769 4697 ut
782 4642 865 4714 justis
879 4658 994 4713 prccan-

194 4740 263 4795 tium
285 4736 358 4795 sctis
380 4737 484 4793 intenta
508 4736 673 4809 benignitate
686 4735 837 4792 lateamus.
863 4734 992 4802 Proinde,

195 4830 295 4890 dilecte
311 4832 341 4889 in
360 4831 483 4887 Domino
496 4829 544 4899 ult,
558 4832 681 4888 Gcrcnto
705 4830 798 4898 abbas,
819 4828 996 4900 petitionibus

196 4926 346 5001 mtegram
362 4934 539 4983 occurrentes
562 4940 684 4993 assensu,
709 4923 825 4980 libertati
853 4938 886 4978 ac
910 4921 996 4993 quieti

198 5020 359 5079 monasterii
381 5018 474 5088 vestri,
499 5027 610 5075 auctore
630 5019 769 5088 Domino,
793 5017 920 5074 duximus
936 5030 998 5087 pro-

199 5110 360 5173 videndum.
381 5114 410 5171 Si
430 5113 543 5185 qnidcrn
568 5114 658 5184 ipsum
679 5112 836 5168 coenobium
857 5110 909 5167 sub
927 5109 998 5168 sedis

201 5209 358 5281 apostolicae
377 5208 548 5281 protectione
570 5206 750 5277 suscipimus,
771 5214 798 5261 et.
820 5205 939 5261 obeunte
960 5212 997 5271 te,

203 5316 272 5360 uuae
286 5302 412 5377 ejusdem
428 5301 480 5359 loci
498 5300 612 5369 abbate,
624 5299 667 5356 vel
685 5307 799 5356 tucrum
810 5297 1000 5371 quorumlibet

205 5408 393 5455 mmcssorum
407 5394 501 5454 nullus
521 5394 557 5451 ibi
576 5393 699 5468 qualibet
719 5392 905 5463 subreptionis
925 5399 1000 5448 astu-

203 5488 241 5547 tia
263 5506 315 5549 sau
341 5490 473 5548 violentia
499 5497 687 5562 praeponatur,
716 5486 767 5543 nisi
785 5488 875 5558 'qnam
901 5484 1001 5542 iratres

205 5584 345 5642 communi
367 5598 514 5655 consensu,
529 5582 678 5641 seeundum
694 5581 824 5638 timorem
847 5579 897 5636 Dei
912 5589 941 5637 et
959 5595 1000 5636 re·

204 5678 298 5749 cctam
318 5679 405 5736 sancti
419 5676 572 5747 Benedicti,
595 5677 743 5750 elegerint,
757 5675 875 5732 maxime
898 5672 932 5730 de
955 5689 1000 5729 ea·

203 5768 270 5831 deur
282 5772 505 5848 mugregatioue,
517 5772 538 5829 si
549 5771 662 5829 idoneus
672 5772 800 5827 inventus
815 5768 906 5826 luerit.
921 5768 1003 5841 Quod

208 5864 230 5921 si
244 5866 322 5937 talis,
340 5866 387 5941 qui
402 5864 468 5925 bule
480 5864 609 5940 regimini
623 5872 769 5938 congruat,
784 5863 855 5921 iuter
869 5879 917 5921 cos
931 5864 1004 5919 inre·

268 6026 280 6051 Ι

1048 4638 1135 4693 clasiae
1151 4634 1325 4693 Divionensis
1347 4649 1377 4689 se
1399 4640 1568 4695 removeant,
1593 4629 1645 4686 sub
1669 4628 1843 4685 anathemate

1049 4731 1236 4802 probibemus,
1252 4729 1300 4785 sed
1322 4742 1430 4799 semper
1443 4741 1493 4799 per
1506 4732 1625 4782 vestram
1645 4721 1843 4795 providentiam

1048 4821 1534 4898 guberncntur.l)cccrnimusitaque
1548 4827 1579 4875 ut
1593 4817 1662 4874 nulli
1671 4816 1785 4873 omniuo
1797 4816 1846 4873 bo·

1049 4919 1159 4975 minum
1172 4916 1250 4972 liceat
1264 4915 1335 4972 idem
1351 4914 1548 4971 monasterium
1561 4920 1664 4967 tcntere
1674 4913 1845 4983 perturbare,

1051 5022 1097 5070 aut
1117 5013 1176 5086 ejus
1196 5011 1383 5086 possessiones
1412 5007 1528 5072 anlcrre,
1556 5014 1582 5061 et
1605 5004 1695 5061 ablata
1717 5005 1846 5072 retinere,

1051 5109 1190 5174 minuere,
1205 5107 1246 5161 rel
1271 5103 1424 5161 temerariis
1438 5100 1626 5157 vexationibus
1644 5097 1774 5171 fatigare,
1798 5095 1848 5155 sed

1051 5202 1166 5259 omnino
1187 5200 1292 5272 integra
1315 5204 1520 5261 consectentur,
1546 5209 1644 5250 eornm
1663 5209 1714 5264 pro
1728 5207 1847 5264 quornm

1053 5293 1254 5353 sustentatione
1265 5308 1296 5348 ac
1307 5290 1507 5365 gubernatione
1520 5302 1651 5345 concessa
1666 5294 1740 5355 sunt,
1754 5286 1851 5343 usibus

1054 5390 1185 5446 otnuibus
1206 5386 1359 5460 prolatura.
1374 5385 1401 5441 Si
1417 5401 1472 5457 qna
1493 5392 1587 5439 atrtcrn
1603 5380 1852 5463 ecclesiasticalste·

1054 5484 1184 5540 secularisve
1204 5496 1330 5554 persona,
1350 5478 1420 5534 banc
1436 5486 1539 5535 nostroe
1553 5476 1759 5534 constitutionis
1777 5474 1853 5547 pagi·

1055 5594 1120 5637 nam
1136 5590 1297 5650 agnoscens,
1312 5581 1408 5630 contra
1424 5588 1488 5629 carn
1505 5580 1611 5629 temere
1624 5571 1717 5628 venire
1729 5576 1854 5625 tenure-

1057 5672 1104 5740 rit,
1122 5677 1149 5726 et
1174 5669 1312 5726 admonita
1337 5667 1420 5724 semel
1444 5665 1627 5731 starcando,
1654 5680 1712 5721 non
1731 5663 1854 5731 congrua

1058 5763 1243 5821 satisfactione
1279 5760 1479 5829 emendaverit,
1514 5757 1658 5833 potestatis
1686 5751 1860 5823 honorisque

1058 5860 1100 5917 sni
1116 5859 1248 5933 dignitate
1260 5862 1365 5927 careat,
1376 5858 1516 5925 reamque
1526 5867 1561 5909 se
1572 5847 1675 5907 birino
1685 5843 1801 5918 'pxdm‘m
1818 5842 1884 5898 six-
