3884 6158
10 5950 43 6130 l

117 294 169 348 mr

585 292 757 349 EPlSTOLAE
776 294 886 352 extus
907 294 1099 354 utetsttttm
1117 298 1305 357 vacantes

981 110 991 149 i

1720 307 1774 361 098

116 415 237 488 quodem
261 430 395 471 converso
418 423 466 472 tuo
489 435 495 471 :
514 418 608 473 100100
628 421 757 475 Dominus
777 420 917 490 iristitiam
931 425 957 488 Α
972 436 1020 495 per
1040 424 1180 482 Christum
1202 427 1353 483 intrantem
1366 432 1452 484 ‘loon
1468 443 1501 496 x,
1514 433 1551 493 2).
1566 429 1621 499 Qui
1635 430 1710 486 eninr
1723 429 1774 486 eli·

116 510 224 572 0110011,
253 512 380 579 aequitate
407 510 476 565 eadit
495 511 587 565 utilius
612 511 669 579 ejrrs
698 513 779 578 (Psal.
813 529 845 581 x,
874 519 913 581 11).

115 602 226 659 Imitare
239 602 395 658 Dominum
408 610 501 671 tuum,
516 604 624 660 imitare
639 605 810 678 magistrum,
826 622 842 662 a
858 623 914 680 quo

115 697 198 752 babes
211 695 366 752 doctrinam
386 695 457 752 ritae.
481 698 658 769 praecipimus
671 699 753 754 ctiam
770 708 798 756 ct
817 716 870 757 nos
884 708 915 758 ut

115 789 136 847 ei
142 788 282 862 justitiam
291 788 477 845 iaciascornm
488 790 611 847 liutberto
625 790 725 849 dilecto
737 793 792 848 lilio
807 803 914 863 nostro,

115 893 140 939 et
153 889 194 949 (ut
208 882 403 952 intelleximus)
415 885 506 940 amico
516 894 575 941 tuo.

490 997 538 1051 Ll.

115 1100 188 1167 (115)
210 1097 335 1167 Gregorii
356 1099 410 1155 Vll
425 1101 537 1169 cartola
551 1101 588 1155 nd
601 1104 745 1157 Hernicum
766 1106 915 1174 episcopum

421 1172 610 1227 Laudicensem.

412 1268 505 1330 (Auno
522 1268 613 1335 1080.)

301 1368 427 1434 [illusa
449 1367 547 1423 Concil.
567 1369 637 1436 XX,
656 1372 733 1437 015.)

145 1479 275 1535 Pervenit
295 1477 331 1533 ad
344 1493 395 1533 uos
417 1486 455 1545 te,
477 1475 591 1534 fratrem
613 1489 641 1534 et
656 1481 850 1554 coepiscopum
866 1496 915 1537 nc·

112 1582 200 1631 strum
215 1570 377 1638 Hernicum,
391 1571 590 1627 Lendiceusem
604 1573 780 1644 episcopum,
794 1574 829 1630 ad
850 1590 916 1648 apo·

111 1667 248 1724 stolorum
263 1665 358 1721 limina
373 1664 538 1733 venientem,
549 1665 583 1720 ab
598 1667 740 1737 ilrnulplro
754 1668 855 1724 comite
867 1684 912 1724 re-

111 1761 161 1817 bus
187 1761 242 1815 tuis
267 1758 464 1831 exspoliatum,
499 1766 527 1813 et
551 1758 586 1815 ad
618 1761 749 1832 nequitiae
776 1777 909 1833 augmen-

970 525 1022 585 100,
1039 517 1122 575 idest
1142 520 1201 576 sine
1219 521 1338 590 Christo,
1352 521 1558 594 ingrediuntur,
1583 523 1656 580 iures
1670 530 1777 580 suntet

970 611 1100 680 latrones,
1125 612 1233 670 adhoc
1257 616 1398 672 constituti
1414 624 1445 672 ut
1463 632 1574 689 gregem
1595 617 1776 673 Dominicum

969 715 1093 763 mactent
1113 715 1141 763 01
1160 708 1274 780 perdant
1287 712 1381 776 (lirim,
1405 718 1459 776 10).
1485 713 1539 768 Η10
1560 711 1652 783 itaque
1666 720 1775 783 aposto-

971 800 1030 855 licae
1053 800 1124 857 sedis
1145 801 1338 859 benedictione
1365 811 1393 860 01
1411 805 1577 860 auctoritate
1590 804 1774 862 confirmatus

971 908 1019 963 per
1031 896 1188 965 exemplum
1202 895 1344 953 laudandae
1366 898 1585 953 conuersationis
1602 912 1662 954 suae
1683 905 1712 954 et
1725 896 1774 955 do

970 996 1134 1043 numentum
1148 987 1360 1060 praedicationis,
1375 989 1510 1061 quidquid
1526 992 1605 1063 culpa
1626 999 1654 1047 et
1669 993 1773 1067 injuria

970 1082 1108 1138 malorum
1123 1082 1284 1153 pontificum
1300 1082 1372 1138 inter
1385 1098 1434 1137 ros
1445 1085 1625 1140 commissum
1648 1095 1700 1153 est,
1714 1090 1771 1142 Do·

972 1175 1048 1232 nrino
1059 1175 1214 1244 auxiliante,
1231 1177 1334 1248 poterit
1346 1177 1493 1248 corrigere,
1511 1191 1613 1249 vosque
1626 1179 1715 1236 bonus
1729 1195 1774 1252 pa-

970 1276 1028 1324 stor
1050 1285 1161 1326 summo
1175 1271 1286 1326 Pastori
1310 1270 1484 1327 devotissime
1498 1271 1703 1330 commendare.
1718 1272 1773 1330 ad-

971 1378 1116 1419 monemus
1131 1365 1222 1434 itaque
1234 1363 1409 1437 prudentiam
1427 1373 1555 1431 vestram,
1571 1373 1602 1421 ut
1614 1381 1678 1422 eum
1691 1381 1774 1437 quent

971 1459 1102 1513 Romana
1117 1456 1238 1514 Ecclesia
1251 1459 1329 1515 vobis
1342 1460 1465 1533 legaiiter
1485 1459 1641 1528 constituit,
1660 1458 1775 1516 honeste

970 1559 1074 1607 etcum
1097 1551 1285 1608 benevolentia
1309 1553 1455 1624 recipiatis,
1475 1563 1503 1609 et
1516 1555 1540 1608 ei
1561 1552 1774 1624 sicutspirituali

969 1647 1042 1701 Patri
1063 1654 1091 1700 et
1113 1645 1316 1717 archiepiscopo
1339 1645 1523 1702 obedientiam
1549 1656 1576 1701 ct
1595 1646 1775 1702 reverentiam

968 1738 1147 1812 impendatis,
1185 1754 1324 1794 memnrcs
1359 1740 1471 1795 Domini
1504 1740 1643 1795 sermonis
1676 1738 1774 1795 101οΙ00

113 1863 171 1909 tum
194 1852 289 1925 gladiis
309 1852 402 1924 jurare
425 1852 598 1923 compulsum
624 1853 698 1925 quod
721 1855 814 1910 ablata
838 1811 947 1911 uun·B
966 1838 1031 1888 ³⁰⁰⁸
1043 1830 1267 1887 ⁰⁰¹¹¹¹¹¹⁰¹¹d³⁰²i⁸
1283 1852 1289 1883 ²
1307 1835 1360 1900 Um
1372 1847 1416 1888 ²³⁰⁸
1429 1834 1517 1899 “mma
1532 1849 1573 1887 ’Μ
1583 1833 1672 1898 studui
1684 1838 1712 1888 θ’
1723 1835 1775 1902 W

114 1961 198 2017 quam
220 1954 368 2018 repeteres,
383 1952 409 2000 et
431 1944 513 2016 hujus
527 1947 597 2000 tanti
616 1947 724 2003 sceleris
738 1963 753 2002 a
768 1947 848 2003 nobis
868 1946 920 2003 sibi

109 2040 222 2097 veniam
243 2040 416 2111 impetrares.
435 2041 552 2111 Cognita
570 2041 660 2111 itaque
676 2042 842 2097 cntrtumelia
857 2041 919 2110 tibi,

113 2135 169 2192 imo
190 2133 274 2191 beato
288 2135 382 2200 Petro,
396 2133 480 2196 illata,
497 2132 576 2188 valde
598 2132 750 2203 doluimus,
765 2144 920 2193 asserentes

111 2226 309 2284 fraternitatem
331 2236 409 2281 tuam
430 2227 513 2283 nullis
525 2226 678 2299 Jurantenti
700 2229 816 2284 vinculis
838 2244 919 2301 posse

110 2321 209 2387 teneri,
227 2320 678 2393 0001001001000100000000010
697 2322 839 2392 Juraverit.
856 2323 926 2379 Un·.

110 2413 142 2470 de
155 2423 185 2471 et
211 2415 361 2485 apostolica
381 2425 408 2471 tc
428 2413 591 2470 auctoritate
614 2414 792 2483 absolvimus,
812 2424 842 2471 ut
861 2431 917 2472 nou

110 2513 163 2563 tuae
183 2506 228 2562 rel
250 2507 362 2579 alicujus
383 2508 561 2563 conscientiae
583 2508 616 2563 ab
637 2506 705 2575 [ob]
724 2507 777 2563 ltoc
799 2508 916 2565 videaris

114 2599 242 2656 innexus.
270 2605 387 2674 insuper
409 2603 492 2658 etiam
518 2601 614 2657 eadem
635 2600 697 2657 lreti
722 2610 865 2672 potestate,
881 2619 915 2658 ne

108 2692 160 2750 hnc
181 2695 379 2765 inexemplum
394 2695 501 2750 caeteris
525 2694 658 2765 improbis
682 2693 799 2751 artdendi
822 2696 914 2768 pejora

109 2786 285 2852 sitinturum,
296 2786 374 2843 fratri
389 2797 484 2844 nostro
497 2785 662 2844 virdunensi
675 2788 803 2858 episcopo
814 2795 842 2843 ct
854 2788 914 2845 aliis

108 2880 178 2936 illius
202 2880 273 2952 patri
289 2880 405 2953 [partis]
420 2880 492 2937 beati
505 2856 718 2936 Pctri⁴lrdelibus
737 2896 913 2953 summopere

107 2975 282 3046 praecipimus
297 2983 327 3030 ut
338 2990 400 3030 eum
414 2983 446 3029 ut
463 2983 613 3047 tyrannum
629 2981 657 3031 01
670 2973 833 3030 Christiana·
854 2975 914 3031 reli·

87 3067 197 3138 ginms
209 3067 430 3124 conculcatorem
446 3069 617 3140 impugnent,
640 3077 667 3124 et
680 3068 765 3124 armis
784 3076 843 3124 tam
854 3085 912 3125 car·

975 1942 1019 1981 nos
1030 1929 1142 1996 spernit,
1153 1942 1194 1981 me
1205 1929 1312 1995 sperarit
1331 1928 1405 1991 (Luc
1422 1942 1453 1992 x,
1467 1932 1519 1992 16).
1532 1929 1627 1997 Neque
1640 1927 1714 1982 enim
1724 1942 1773 1982 ros

974 2020 1102 2092 ignorare
1117 2019 1243 2075 volumus
1257 2019 1332 2092 quod
1354 2019 1377 2075 si
1397 2020 1457 2091 quis
1478 2028 1611 2086 vestrum,
1627 2019 1702 2091 quod
1716 2035 1774 2076 nnn

973 2129 1125 2185 speramus,
1140 2113 1325 2169 obedientiam
1339 2113 1389 2168 sibi
1414 2112 1616 2180 contradixerit,
1641 2113 1780 2168 110001101-

972 2216 1000 2263 01
1013 2206 1160 2263 vindictam
1175 2209 1207 2261 B.
1230 2208 1303 2262 Petri
1321 2206 1356 2262 ad
1368 2207 1520 2277 periculum
1533 2221 1616 2261 suum
1638 2194 1773 2276 provoca-

972 2300 1012 2356 bit
1022 2310 1050 2357 01
1063 2301 1226 2357 seutentiam
1239 2300 1531 2357 excommunicationis
1544 2300 1573 2354 iu
1587 2299 1720 2355 Tolosana
1730 2313 1774 2372 sy·
1866 2338 1871 2345 -

971 2394 1044 2450 nodo
1059 2394 1179 2466 elegatis
1192 2394 1292 2449 nostris
1306 2394 1507 2466 promulgatam
1516 2392 1664 2464 apostolica
1676 2401 1773 2448 aueto-

931 2511 932 2515 ¹
971 2489 1052 2543 ritate
1062 2486 1296 2543 confirmabimus.
1308 2488 1361 2556 Qui
1373 2502 1439 2543 vero
1448 2485 1579 2542 obediens
1588 2485 1677 2552 luerit,
1685 2486 1771 2558 gratia

970 2590 998 2636 et
1015 2579 1203 2637 benedictione
1228 2579 1352 2652 ejusdem
1372 2579 1530 2650 apostolicae
1544 2580 1619 2635 sedis
1633 2579 1770 2653 gaudebit.

1324 2675 1397 2730 Llll.

970 2769 1095 2833 Gregorii
1118 2769 1173 2822 Vll
1184 2768 1298 2836 epistola
1316 2767 1353 2820 nd
1376 2766 1528 2831 lindulfum
1543 2766 1772 2834 archiepiscopum
1837 2804 1841 2813 .

1007 2842 1188 2894 Turonensem
1198 2842 1222 2891 et
1229 2838 1373 2893 Eusebium
1380 2838 1531 2905 episcopum
1538 2836 1769 2904 Artdepnuensern.

1004 2939 1038 2949 —
1063 2910 1177 2965 llumlnt
1188 2913 1219 2962 ut
1231 2910 1420 2975 berengarium
1436 2907 1630 2961 sacerdotemu
1651 2906 1770 2961 Fnicmtm

1003 2976 1771 3048 corruitisandegavensisaliorumqueirtjrariisdelendant.

1276 3069 1368 3131 (anun
1382 3069 1472 3131 1080.)

91 3160 217 3217 ’00111010
246 3176 328 3233 quam
357 3161 545 3234 spiritualibus
582 3161 704 3234 undique
738 3170 765 3217 et
799 3162 911 3235 ubique,
929 3193 952 3255 C
967 3161 1137 3230 [Franciscus
1155 3159 1189 3216 de
1209 3162 1305 3219 Rors,
1332 3161 1407 3222 Vita,
1426 3160 1542 3215 Heresis
1565 3163 1591 3213 et
1612 3160 1771 3214 Paenitentia

88 3264 245 3327 quantum
267 3264 393 3327 possunt,
407 3257 460 3312 nisi
481 3256 560 3329 digne
575 3255 749 3324 satisfecerit,
765 3259 911 3329 insequan-

86 3357 161 3405 tur.
184 3351 322 3406 Volumus
344 3350 438 3422 itaque
465 3359 494 3406 ut
520 3350 649 3422 praeiatus
671 3351 815 3423 episcopus
838 3350 913 3423 prius

82 3457 287 3516 quoscunque
309 3453 399 3516 potest
413 3445 557 3516 episcopos
576 3455 604 3501 et
624 3445 745 3515 reliquos
758 3443 914 3500 sacerdotes

78 3537 158 3593 stoi
173 3538 317 3611 adjungat,
331 3546 358 3593 01
372 3539 449 3594 illum
464 3540 514 3593 Dei
535 3539 676 3594 inimicum
690 3538 726 3593 ad
741 3537 853 3610 dignam
868 3553 912 3594 sa·

82 3724 195 3782 ablata
212 3726 357 3781 restituere
378 3725 508 3793 noluerit,
523 3724 598 3781 datis
619 3726 669 3782 sibi
686 3725 842 3780 redieram
865 3724 910 3779 in-

85 3819 204 3887 duciis,
224 3819 339 3876 introitu
354 3821 476 3877 eeclesias
498 3820 629 3893 privetur,
654 3830 681 3876 et
704 3818 817 3892 praelato
831 3817 914 3875 mndo

84 3925 120 3968 ιι
120 3915 133 3987 j
139 3914 198 3970 uria
210 3914 282 3970 beati
293 3915 366 3972 Petri
375 3915 527 3971 vindicetur
542 3930 630 3987 usque
639 3913 674 3971 ad
683 3912 912 3970 satisfactionem.

483 4027 547 4081 Ltt.

89 4133 232 4201 Gregorii
265 4134 318 4188 l'll
351 4133 465 4202 epistola
487 4131 523 4185 nd
536 4132 710 4200 numerarunt
736 4131 912 4186 vicecomitem

394 4208 420 4258 01
434 4203 630 4261 Narbonenses.

420 4300 509 4362 (Anno
524 4297 614 4361 10110.)

306 4398 426 4466 inausa,
438 4398 535 4454 Coneii.
552 4396 622 4465 XX,
641 4398 717 4464 011.)

133 4510 321 4567 (incantus
330 4509 589 4581 episcopusservus
599 4522 741 4565 servorum
750 4508 812 4574 Dei,
827 4506 910 4573 clero,

88 4601 260 4663 vicecomiti
278 4605 443 4659 drusion
455 4618 506 4659 nec
516 4617 574 4658 non
586 4601 714 4658 universo
730 4600 832 4673 popule
843 4602 913 4657 Nar·
926 4591 952 4653 Ι)

84 4691 222 4756 &arensi
247 4696 426 4768 apostolicam
448 4694 667 4752 benedictionem
694 4692 809 4749 libenter
834 4693 913 4750 vobis

83 4788 313 4856 manderemus,
328 4789 350 4845 si
365 4788 392 4845 in
415 4789 573 4861 apostoticae
592 4785 663 4844 sedis
692 4795 803 4844 reatum
822 4787 914 4843 incur-

83 4886 168 4942 risse
195 4898 247 4939 ros
260 4898 317 4939 non
329 4897 567 4955 cognosceremus.
584 4883 689 4937 Verum
703 4880 749 4937 ubi
766 4880 801 4936 ab
816 4879 911 4936 eadem

81 4988 146 5037 uns
163 4975 315 5046 resipuisse
339 4973 619 5032 excommunicatione
640 4973 864 5047 cognoverimus,
884 4981 911 5030 et

78 5067 363 5142 archiepiscopalem
378 5069 450 5140 patri
465 5076 554 5124 vestro
566 5068 705 5124 Dalmatio
722 5066 909 5125 obedientiam

78 5163 243 5230 exhibere,
258 5160 479 5219 benedictionem
495 5161 565 5218 beati
581 5161 655 5217 Petri
672 5161 871 5218 mandabimus.

127 5256 217 5317 Sicut
239 5255 318 5311 novit
341 5255 486 5327 prudentia
513 5262 614 5322 restra,
639 5253 767 5311 inimicus
793 5253 907 5311 humani

78 5346 380 5419 concrescentem
402 5356 521 5405 vestram
536 5347 617 5403 malis
638 5355 666 5404 et
678 5346 841 5404 Simoniacis
862 5363 908 5420 pa-

83 5441 224 5503 moribus
238 5441 362 5498 invasam
375 5441 454 5515 quasi
470 5440 516 5512 jus
527 5440 667 5513 proprium
681 5438 764 5513 longo
782 5448 905 5513 tempore

85 5535 234 5600 00000011.
262 5533 315 5592 Sed
340 5533 517 5592 condolentes
544 5532 699 5591 necessitati
729 5542 758 5590 01
784 5532 904 5606 per'rculo

88 5639 203 5698 100100,
217 5626 324 5687 bonum
336 5636 366 5686 et
378 5628 494 5701 legalem
508 5636 644 5700 pastorem
658 5627 736 5685 uobis
748 5626 900 5701 praeficien-

95 5718 168 5781 dum
180 5720 341 5781 censuimus
357 5736 416 5778 nnn
428 5719 550 5785 aliunde,
562 5720 610 5777 sed
623 5735 672 5793 per
688 5721 801 5787 ostium,
817 5719 843 5776 id
862 5729 903 5777 est

134 5847 215 5913 1416)
227 5842 299 5903 Vide
313 5844 363 5903 lib.
381 5858 442 5915 ru,
463 5844 535 5918 epist
548 5851 593 5915 10,
615 5852 657 5917 14,
670 5844 799 5919 Registri.

1250 3233 1420 3300 1100009001,
1429 3230 1486 3301 tel

1001 3326 1176 3382 Garanutus
1190 3324 1343 3396 episcopus,
1357 3339 1453 3379 servus
1465 3338 1610 3379 servorum
1623 3325 1687 3390 Dei,
1701 3326 1764 3381 llo-

967 3434 1090 3474 unsrun
1099 3422 1275 3474 Turonorum
1286 3416 1490 3488 archiepiscopo
1501 3425 1529 3473 et
1536 3421 1665 3474 Eussutn
1672 3416 1769 3474 Ande-

966 3527 1097 3585 gavorum
1118 3511 1253 3584 pontifici,
1278 3511 1396 3567 salutem
1415 3519 1444 3567 01
1463 3511 1639 3583 apostolicam
1658 3508 1770 3568 benedi·

75 3631 292 3688 *tisfaetionem
313 3640 458 3688 convocet.
482 3632 600 3703 Quodsi
625 3631 709 3703 digne
731 3632 862 3702 poenitere
886 3640 914 3687 et
966 3607 1097 3661 “mim-

1004 3696 1175 3766 audivimus,
1185 3699 1295 3767 iratres,
1305 3699 1439 3757 comitem
1452 3698 1688 3770 andegavensem,
1703 3712 1770 3770 quo-

964 3791 1094 3847 rumdam
1110 3792 1252 3859 instinctu,
1268 3792 1316 3865 qui
1338 3791 1394 3849 lilio
1415 3799 1512 3848 nostro
1539 3790 1701 3848 cbarissimc
1715 3792 1769 3847 Be·

967 3885 1091 3958 teugario
1113 3884 1299 3953 inimicantur,
1314 3887 1342 3941 in
1356 3885 1416 3957 ejus
1430 3885 1523 3941 odium
1535 3884 1677 3940 excusse.
1702 3884 1772 3954 Qrta·

968 3986 1080 4050 propter
1092 3976 1256 4034 fraternitati
1277 3986 1375 4034 vestrae
1388 3976 1552 4034 mandamus
1564 3985 1702 4050 quatenus
1719 3977 1773 4050 ipsi

968 4071 1073 4139 comiti,
1096 4078 1187 4128 nostra
1213 4072 1281 4138 vice,
1298 4070 1461 4143 praecipiatis
1473 4081 1506 4128 01
1517 4086 1575 4128 000
1588 4070 1704 4129 ulterius
1721 4085 1768 4127 su-

970 4163 1129 4235 pradictum
1144 4164 1232 4220 virum
1246 4165 1397 4237 inquietare
1411 4172 1566 4237 praesumat.
1585 4166 1643 4220 1100
1661 4164 1769 4231 solum,

969 4256 1016 4313 sed
1025 4263 1158 4312 etcontra
1172 4272 1269 4312 omnes
1283 4257 1407 4314 inimicos
1417 4266 1446 4314 et
1458 4259 1663 4329 perturbatores
1676 4271 1769 4314 renum

970 4350 1066 4421 ipsius,
1082 4349 1168 4405 vicem
1182 4358 1307 4406 nostram
1328 4350 1363 4405 nd
1377 4348 1489 4407 ferenda
1503 4350 1542 4406 ilii
1562 4350 1660 4406 auxilia
1679 4349 1770 4407 susci-

967 4443 1057 4516 piatis,
1068 4443 1252 4515 precipiendo
1267 4443 1440 4515 precipimus
1451 4458 1483 4498 ex
1498 4442 1660 4499 auctoritate
1672 4443 1769 4499 beato·

967 4552 1029 4593 rum
1052 4535 1241 4608 apostolorum
1266 4537 1338 4592 Petri
1357 4544 1385 4593 et
1408 4535 1496 4591 Pauli.
1512 4534 1617 4603 valete,
1643 4543 1672 4590 et
1692 4534 1768 4591 nulla

966 4630 1074 4686 ratione
1087 4644 1149 4702 quae
1165 4629 1293 4702 praecipio
1308 4628 1482 4685 contemnite.

1329 4723 1402 4778 LlV.

966 4814 1088 4881 Gregorii
1106 4814 1158 4868 Vll
1168 4813 1345 4883 priuilegium
1359 4828 1412 4883 pro
1426 4815 1593 4871 monasterio
1613 4814 1641 4871 S.
1659 4816 1769 4870 Zenonis

1314 4887 1420 4941 Pisano.

1259 4975 1349 5044 (Anno
1376 4978 1468 5042 1080.)

1110 5067 1270 5138 [Usuerna
1285 5069 1366 5124 ltalia
1376 5084 1463 5133 somn,
1478 5069 1529 5137 lIl,
1547 5072 1621 5139 061.)

999 5162 1171 5232 Gusnnatus
1187 5162 1343 5233 episcopus,
1357 5177 1452 5219 servus
1470 5177 1614 5219 serrorum
1639 5160 1699 5230 Dei,
1724 5159 1769 5217 di·

962 5253 1032 5310 lecto
1045 5255 1073 5310 in
1082 5255 1191 5311 Christo
1205 5255 1260 5311 lilio
1273 5256 1370 5313 Lucus
1388 5255 1478 5313 abbati
1492 5255 1653 5313 monasterii
1668 5256 1696 5310 S.
1715 5256 1768 5310 Ze·

962 5347 1043 5402 nouis
1055 5348 1082 5402 iu
1097 5349 1192 5405 Pisana
1215 5348 1292 5416 urbe,
1309 5357 1338 5405 et
1358 5348 1419 5420 ejus
1432 5347 1644 5405 successoribus.

996 5442 1126 5513 supernae
1139 5441 1325 5499 miserationis
1339 5449 1478 5514 respectu,
1494 5441 1528 5498 ad
1542 5441 1597 5498 boc
1610 5439 1769 5497 uniuersalis

960 5531 1092 5589 Ecclesia
1115 5549 1209 5590 curam
1231 5535 1402 5608 suscepimus
1426 5542 1455 5591 et
1477 5534 1619 5605 apostolici
1641 5531 1768 5590 monna

962 5625 1047 5682 minis
1061 5626 1275 5685 sollicitudinem
1289 5629 1419 5701 gerimus,
1432 5635 1463 5684 ut
1473 5627 1558 5700 justis
1571 5622 1767 5700 postulantium

959 5721 1031 5777 votis
1051 5727 1156 5777 attenta
1178 5720 1345 5795 benignitate
1360 5720 1511 5789 faveamus,
1530 5718 1718 5793 precipueque
1731 5717 1768 5776 ed
