3870 6164
515 114 542 173 S.
561 115 724 173 GREGORH
742 116 787 173 llll
803 116 903 173 PAPAE
919 116 1056 173 OPERUM
1072 117 1158 175 PARS
1177 118 1197 173 1.
1219 145 1254 158 -
1272 114 1473 172 REGISTRUM.
1766 116 1817 171 Μ

172 124 221 180 bbl

172 246 214 301 las
232 249 261 300 et
280 242 410 314 reliquias
430 240 597 309 auferentes,
613 239 817 308 abstrahentes,
839 241 969 299 eumdem
984 248 1010 309 Α
1024 243 1094 298 tiam
1117 256 1199 314 quarn
1214 241 1249 297 ab
1264 239 1472 312 archiepiscopo
1488 228 1688 307 Arelatensis
1712 242 1742 295 te
1753 252 1821 294 ane

172 337 333 412 episcopum
346 335 380 391 ab
393 335 484 402 altari,
495 335 542 390 ubi
555 341 709 407 prostratus
719 334 827 402 orabat,
843 334 966 409 linguam
1020 335 1142 391 themate
1155 318 1293 407 percusso,
1306 333 1465 390 Simoniaee
1484 339 1642 404 acceperat,
1665 331 1778 398 amisit;
1794 339 1820 388 et

172 431 198 487 ei
212 431 369 501 dextraque
378 428 509 485 articulos
522 427 558 484 ad
574 444 703 485 acervum
717 437 861 485 tantorum
881 430 968 486 scete·
1022 429 1067 484 bic
1082 429 1128 501 qui
1140 444 1215 484 nrrnc
1226 437 1328 500 praeest
1337 426 1420 498 paulo
1434 435 1500 482 ante
1514 425 1666 482 memorati
1683 425 1821 497 pontilicis

172 539 236 580 rum
251 522 444 580 detruncastis.
461 522 521 592 Qua
541 523 615 577 inre
633 521 738 578 nullam
760 523 968 578 excreationem
1021 522 1130 578 decreto
1140 521 1301 593 regulariter
1314 521 1489 590 subrogatus,
1502 528 1584 592 atque
1594 516 1819 576 benedictionem

91 672 95 683 ,
172 617 285 675 tentetis
298 615 550 687 obtendere,quasi
564 614 598 670 de
611 614 697 686 ipsius
711 616 768 671 vita
782 616 909 687 reproba,
928 616 967 671 vel
1021 615 1057 671 ab
1077 615 1174 672 eodem
1194 613 1321 687 suscepit.
1337 616 1419 670 Nranc
1438 628 1489 686 ego
1507 612 1620 685 supplex
1640 611 1765 684 implore
1781 612 1821 669 tui

172 709 348 767 ordinatione
361 708 472 781 injusta,
486 724 534 763 seu
549 706 722 779 depositione
740 709 877 781 irrogata;
898 709 968 765 sicut
1021 708 1208 775 clementiam,
1225 717 1257 764 ut
1270 708 1381 780 propria
1402 722 1488 763 manu
1502 706 1646 764 abbatiam
1663 712 1725 763 ate
1738 706 1822 763 mmi-

172 804 249 861 enim
266 818 350 874 supra
369 802 539 868 notavimus,
563 816 647 856 nemo
673 800 763 858 adbuc
786 801 841 857 tale
866 802 968 873 aliquid
1022 803 1080 874 piat
1094 810 1122 858 et
1136 802 1291 874 privilegia,
1309 801 1376 858 olim
1389 800 1450 856 loco
1466 800 1505 856 illi
1517 800 1566 871 qui
1582 808 1626 856 est
1637 798 1759 857 ditionis
1770 806 1822 857 tus

172 896 379 969 presumpsisse
402 894 585 966 dignoscitur,
598 895 653 949 nisi
664 893 793 966 fortequi
811 898 898 951 Deum
911 910 969 951 non
1022 911 1037 950 a
1060 896 1187 952 Patribus
1198 895 1314 963 indulta,
1328 894 1492 951 corrobores
1500 908 1585 950 manu
1604 893 1823 964 propria,etne·

172 990 287 1055 timens,
310 997 338 1044 et
354 987 543 1045 Christianam
557 988 740 1044 reverentiam
756 986 896 1059 abjiciens,
919 1004 969 1059 pro
1023 1004 1088 1045 vum
1106 988 1157 1045 sibi
1172 988 1345 1061 priuilegium
1363 988 1403 1043 tui
1420 1003 1452 1044 ex
1473 994 1551 1059 parte
1563 986 1710 1043 attribuas
1727 988 1823 1044 Noscis

172 1081 258 1139 nihilo
272 1080 350 1137 duxit
363 1097 479 1138 manum
491 1081 521 1135 in
532 1096 626 1137 sacros
641 1080 753 1136 ordines
762 1081 880 1136 mittere.
895 1082 970 1150 Qua-

173 1182 286 1247 propter
299 1189 457 1243 monemus,
481 1183 554 1230 etex
569 1182 646 1246 parte
669 1175 743 1231 beati
760 1174 830 1230 Petri
846 1176 969 1246 praecipi·

172 1282 247 1337 mus,
261 1277 292 1323 ut
305 1275 412 1324 tantam
426 1268 579 1339 nequitiam
596 1277 717 1324 vestram
731 1278 967 1341 recognoscentes,

173 1368 223 1418 aut
235 1368 301 1418 ante
318 1362 424 1433 legatos
435 1371 544 1417 nostros
554 1361 769 1434 Lugdunensem
782 1362 968 1434 archiepisco-

172 1469 241 1526 pum
253 1454 418 1512 etabbatem
432 1454 639 1511 Cluniacensem
655 1454 821 1511 satisfacturi
842 1456 968 1524 veniatis,

172 1557 222 1604 aut
235 1548 387 1604 secundum
398 1549 545 1604 consilium
557 1549 598 1604 vel
611 1549 777 1605 mandatum
790 1550 914 1620 ipsorum
925 1565 968 1605 sa·

171 1639 299 1698 tisfacere
313 1645 370 1698 Deo
384 1648 412 1697 et
427 1649 531 1699 sanctae
554 1641 684 1699 Ecclesiae
698 1643 853 1699 ntrllatenus
877 1642 970 1701 detre·
985 1627 1010 1690 Β

65 1791 68 1796 .
171 1734 263 1792 etetis.
278 1736 414 1792 Volumus
440 1735 577 1808 siquidem
596 1744 625 1792 et
638 1750 751 1809 aequum
773 1752 834 1792 esse
851 1737 972 1793 decerni-

172 1837 277 1886 musut
289 1827 364 1900 quod
374 1828 500 1900 nequiter
513 1829 694 1885 commisistis
714 1830 858 1886 humiliter
879 1846 971 1886 emen·

172 1920 255 1978 detis.
268 1920 349 1990 Quod
370 1921 393 1977 si
404 1921 542 1977 diabolico
560 1922 658 1992 spiritu
677 1921 800 1979 indurati
814 1924 970 1996 nostrisque

172 2014 319 2087 prteceptis
333 2013 500 2070 salutaribus
510 2014 709 2081 inobedientes,
720 2017 969 2087 necpoenitentiam

173 2105 287 2179 dignam
303 2122 384 2179 agere
400 2107 552 2176 volueritis,
583 2109 677 2178 procul
708 2108 791 2165 dubio
815 2110 904 2165 sciatis
920 2127 970 2166 vos

173 2212 234 2258 esse
251 2199 543 2266 excommunicandos,
556 2208 585 2256 et
604 2200 789 2273 quodcunque
801 2203 829 2257 in
840 2218 888 2258 vos
897 2204 971 2275 jucli-

172 2293 248 2351 cium
273 2292 377 2366 legatus
400 2303 496 2349 noster
515 2292 667 2363 dictaverit,
685 2295 851 2369 auctoritate
875 2304 969 2352 nestra

173 2386 353 2445 firmandum.

216 2584 219 2589 .
303 2515 479 2571 Proemouitt'o
491 2519 521 2569 ia
539 2521 689 2587 sequentem
700 2518 854 2587 epistolam.

1022 1079 1099 1135 enim
1112 1077 1348 1151 quemadmodum
1367 1077 1572 1149 dereliquerim,
1588 1076 1641 1132 Dei
1655 1083 1687 1133 et
1701 1076 1729 1133 S.
1739 1077 1823 1144 Petri,

1023 1180 1051 1228 et
1072 1174 1205 1229 Romanae
1223 1173 1353 1229 Ecclesiae
1369 1187 1401 1227 ac
1424 1171 1464 1226 tui
1477 1186 1528 1243 pro
1539 1184 1636 1227 amore
1650 1184 1754 1227 omnes
1766 1170 1824 1243 epi·

1022 1274 1151 1337 scopatus
1163 1275 1191 1322 et
1217 1266 1340 1322 abbatias
1364 1273 1391 1321 et
1407 1265 1476 1321 nolo
1490 1271 1522 1321 ut
1538 1262 1609 1331 uec,
1631 1278 1697 1336 quat
1717 1278 1826 1335 semper

1021 1359 1155 1415 remansit
1172 1359 1257 1416 libera
1278 1359 1389 1415 cuilibet
1406 1357 1515 1426 viventi,
1531 1357 1585 1414 nisi
1610 1364 1711 1414 mnae
1728 1360 1822 1427 nero,

1021 1460 1049 1508 et
1064 1454 1199 1510 Romanae
1213 1453 1342 1510 Ecclesiae
1351 1460 1380 1509 et
1392 1450 1441 1508 tibi
1455 1450 1705 1524 subjaceatutb').

1259 1552 1437 1609 netsrona
1455 1551 1566 1607 xxxi.

1320 1646 1413 1717 (anno
1435 1648 1527 1712 rost.)

1026 1737 1092 1794 Gom
1106 1738 1197 1794 clerici
1211 1740 1466 1809 Auqrtstoduaeuses
1483 1739 1517 1794 de
1530 1738 1648 1808 quodam
1658 1740 1827 1794 mosterio

1062 1825 1122 1865 cum
1134 1812 1269 1866 monacbis
1276 1812 1490 1868 Floriuoerua'bus
1499 1810 1711 1878 ωηιαιάινοπι,
1722 1814 1761 1869 etr
1768 1812 1825 1881 pri·

1065 1883 1195 1950 vilegium
1216 1887 1310 1937 coutru
1330 1885 1486 1953 equitatem
1499 1884 1653 1953 opoottpoe
1664 1882 1826 1953 subrepitur

1060 1954 1202 2016 diceretur,
1222 1954 1281 2008 uuit
1299 1959 1341 2021 ut,
1361 1955 1387 2009 si
1399 1956 1440 2008 ito
1454 1958 1503 2016 est,
1523 1968 1552 2007 eo
1573 1956 1692 2017 cassato,
1717 1957 1826 2009 senten-

1061 2032 1129 2085 tium
1141 2026 1286 2079 secundum
1293 2025 1435 2094 justitium
1446 2026 1587 2095 proferet:
1605 2025 1673 2094 ipsi.
1689 2024 1825 2079 adversm

1062 2117 1089 2156 se
1106 2097 1187 2151 uerbo
1199 2098 1319 2166 jactanti
1327 2095 1399 2165 quod
1412 2098 1562 2165 episcopum
1575 2095 1767 2151 cenetensem
1779 2095 1825 2151 ob·

1061 2167 1191 2235 solvisset,
1204 2168 1320 2223 ostendit
1328 2169 1360 2223 id
1372 2183 1390 2222 a
1408 2182 1435 2222 se
1443 2182 1502 2222 cum
1511 2168 1615 2222 rotem
1626 2167 1747 2233 suctum.

1063 2267 1240 2322 Graeceius
1261 2261 1418 2332 episcopus,
1438 2275 1532 2316 servus
1547 2273 1692 2315 serrorttm
1707 2259 1771 2327 Dei,
1783 2258 1825 2317 di·

1026 2358 1175 2416 lectiesimo
1186 2355 1262 2412 fratri
1288 2362 1316 2409 et
1327 2353 1571 2424 coepiscopali...
1585 2355 1738 2421 [tineosi]
1756 2351 1825 2409 salu·

1026 2462 1082 2508 tem
1096 2460 1123 2507 et
1135 2448 1316 2521 apostolicam
1343 2445 1577 2503 benedictionem.

1061 2545 1158 2602 Clerici
1184 2541 1295 2615 quidam
1314 2539 1576 2613 augustodunenses
1602 2539 1648 2596 his
1674 2538 1770 2598 diebus
1786 2539 1822 2595 ad

209 2632 277 2688 Post
291 2630 479 2704 epistolamto
492 2630 539 2685 lib.
552 2646 583 2687 rx
596 2631 718 2704 Registri
732 2632 970 2689 codexltlutinen·
1025 2654 1076 2695 nos
1109 2644 1243 2693 uenerunt
1275 2634 1405 2691 adversus
1440 2634 1629 2691 Floriacenses
1663 2632 1822 2702 nemetes,

174 2702 212 2759 sis
227 2702 299 2758 hanc
313 2702 410 2757 recitat
424 2701 582 2772 epistolam,
616 2718 659 2759 ttae
673 2704 700 2758 in
714 2703 796 2759 editis
819 2720 876 2760 non
891 2720 968 2760 conr·
1025 2746 1107 2804 supe,
1129 2730 1249 2802 quodam
1268 2726 1449 2794 monasterio,
1476 2725 1570 2784 Sancti
1597 2725 1728 2784 videlieet
1744 2728 1823 2801 sym,

1024 2823 1167 2897 phoriani,
1181 2837 1294 2878 causam
1312 2820 1455 2876 habentes.
1471 2820 1592 2890 Quama
1611 2828 1640 2876 te
1654 2827 1720 2877 ente
1736 2819 1825 2878 renti·

173 2782 251 2846 paret
264 2788 296 2829 ex
312 2789 366 2845 quo
379 2772 423 2829 hic
437 2718 658 2846 subjungendam
676 2790 774 2830 censeo

1932 90 1935 133 l

176 2892 208 2945 Β·
230 2904 313 2944 ⁰⁰m⁶⁸
327 2889 492 2944 Mamm
509 2888 715 2958 “dffresifflum
737 2891 787 2946 VH
802 2906 920 2961 papam·
934 2920 969 2932 “·
1025 2917 1109 2973 latam
1123 2925 1152 2973 et
1168 2914 1313 2973 delinitam
1327 2929 1379 2971 nos
1391 2921 1552 2970 retractasse
1564 2912 1705 2980 dicebant,
1717 2919 1826 2987 tuaeque
1880 2939 1935 2963 -ι

208 2964 247 3018 De
266 2959 402 3017 Beraordo
423 2960 691 3016 obboteSuuctorum
710 2963 740 3015 P.
766 2966 792 3014 et
807 2965 837 3017 ii.
867 2965 970 3017 Montis
1132 3009 1137 3020 .
1182 3009 1188 3019 .
1232 3008 1237 3018 .
1418 3006 1424 3017 .
1473 3005 1479 3017 .
1692 3006 1699 3017 .

208 3032 323 3101 ⁸⁰5⁰?ss
339 3031 461 3100 mago,
482 3037 507 3085 ει
521 3032 663 3089 quiqam,
679 3034 709 3085 ,·„
732 3031 790 3101 ,jus
808 3032 862 3087 1000
881 3035 974 3088 ,um
989 3026 1012 3090 ρ
1026 3010 1190 3066 fraternitati
1204 3008 1283 3063 aliter
1296 3022 1381 3080 quam
1400 3022 1441 3063 ers
1455 3005 1591 3064 videretur
1603 3015 1632 3064 et
1646 3015 1719 3063 rano
1734 3014 1826 3081 postu
1841 3036 1908 3046 -

209 3109 361 3174 potoquem
378 3117 460 3158 cernes
470 3104 594 3172 pontifici
607 3103 783 3167 commendet,
795 3107 844 3174 qao·
860 3105 975 3172 tepitime
1028 3104 1110 3161 lasset
1121 3101 1272 3174 scripsisse.
1293 3099 1374 3171 Quod
1392 3115 1408 3156 a
1426 3099 1507 3156 nobis
1524 3097 1631 3157 lactum
1651 3115 1932 3175 nequaquam

208 3179 312 3230 “ems
330 3174 433 3241 sumn·
1028 3196 1188 3260 recolimus,
1204 3209 1255 3249 neo
1275 3195 1302 3249 in
1316 3193 1433 3266 registro
1453 3201 1548 3249 nostro
1569 3191 1653 3265 hujus
1678 3208 1771 3253 muste
1783 3193 1928 3250 tit—-

209 3292 326 3347 Summo
333 3289 653 3362 pontificietunlversali
663 3304 742 3361 papea
751 3290 911 3348 Gnaoonro
926 3293 975 3348 Vll
1028 3288 1228 3360 terasreperire
1241 3286 1393 3358 potuimus.
1405 3286 1518 3343 Noverit
1524 3285 1613 3358 itaque
1622 3287 1773 3359 prudentia
1782 3295 1928 3345 tufi

173 3386 204 3442 B.
226 3399 319 3441 cemes
343 3383 528 3453 Arelatensis,
552 3399 715 3455 prosperam
734 3384 762 3439 in
784 3386 924 3454 omnibus,
947 3394 975 3440 et
1029 3384 1096 3459 quia
1107 3383 1195 3439 multa
1206 3389 1341 3453 tanquam
1365 3380 1476 3436 anobis
1494 3378 1657 3437 deferuntur
1675 3390 1703 3438 et
1725 3382 1926 3454 scriptun

174 3483 286 3532 aeternae
311 3475 414 3547 pertrui
430 3475 610 3532 beatitudinis
628 3492 745 3533 munere
764 3492 829 3533 cum
852 3478 915 3534 coeli
933 3478 974 3533 ci·
1029 3486 1057 3535 et
1080 3476 1152 3533 dicta
1179 3474 1260 3531 nobis
1279 3472 1476 3530 nescientibus.
1503 3472 1588 3529 blulta
1609 3472 1697 3529 etiam
1721 3472 1868 3546 subripi
1885 3465 1924 3519 *ἰ

174 3566 263 3624 ribus.
944 3600 948 3606 ·
1029 3577 1145 3643 possunt
1176 3568 1260 3625 nimis
1278 3567 1312 3623 ad
1332 3567 1437 3639 singula
1465 3565 1589 3636 intentis,
1611 3573 1710 3639 utpote
1736 3566 1925 3627 divinia-³

209 3661 412 3718 Sublimissimc
436 3661 551 3718 domine
579 3669 608 3717 et
636 3662 765 3734 princeps
787 3664 873 3719 totius
901 3665 975 3721 orbis
1029 3664 1064 3720 ad
1082 3663 1211 3736 plurima,
1228 3669 1256 3718 et
1282 3659 1397 3716 intentis
1412 3659 1449 3716 ad
1463 3660 1596 3729 manime,
1616 3659 1722 3732 quibus
1746 3660 1920 3719 reite‘·

174 3762 272 3822 terrae,
290 3754 314 3810 si
336 3754 406 3810 bene
439 3754 526 3822 vales,
556 3756 734 3825 congratulor
760 3755 847 3812 valde.
880 3758 909 3814 Si
925 3775 974 3814 au·
1030 3763 1138 3813 menter
1161 3764 1312 3813 arctamur.
1327 3752 1410 3810 Unde
1430 3753 1460 3809 in
1477 3752 1528 3810 bac
1545 3768 1639 3823 causa,
1663 3754 1744 3827 quod
1763 3768 1920 3829 pros·

173 3856 251 3911 tem,
278 3846 352 3921 quod
377 3846 467 3913 absit,
497 3845 587 3915 aliter,
611 3847 763 3903 conturbor
790 3848 975 3908 vehementis·
1030 3851 1103 3908 tecto
1117 3850 1234 3905 minime
1255 3846 1445 3917 recordamur,
1464 3845 1569 3920 siquid
1578 3845 1652 3904 torte
1664 3846 1921 3923 snbrepmnss·

175 3940 254 3998 sinae.
272 3940 416 4013 Egoemm
430 3954 491 3996 sum
508 3941 592 3995 vestri
604 3939 721 4012 lservus,
740 3949 768 3997 et
788 3942 822 3999 de
840 3943 975 4017 injustitia
1029 3944 1091 4013 luit,
1109 3952 1203 4016 optato
1218 3942 1306 4015 magis
1314 3955 1441 3999 amamus
1454 3940 1591 4013 corrigere
1600 3942 1895 4017 quamabequiae
1910 3953 1921 3965 ·

175 4049 259 4107 quam
285 4033 421 4089 hactenus
444 4033 518 4105 passi
541 4034 607 4089 estis
641 4032 677 4090 ab
701 4034 797 4108 iniquo
818 4035 911 4109 judice
937 4039 975 4095 ita
1028 4046 1086 4095 tate
1095 4046 1124 4093 et
1134 4036 1248 4093 rationis
1260 4035 1370 4091 tramite
1379 4034 1495 4101 deviare,
1505 4032 1921 4109 vetaltisoorrtgencareA

176 4140 238 4183 sum
250 4126 369 4185 aillictus
382 4127 461 4200 quasi
479 4142 595 4200 corpore
614 4134 643 4183 et
654 4138 747 4185 mente
760 4128 876 4203 flagellis
889 4134 974 4188 niani·
1028 4130 1162 4204 linquere.
1177 4129 1223 4185 Ad
1240 4144 1322 4201 quem
1340 4143 1403 4201 ergo
1415 4128 1496 4201 justae
1513 4127 1661 4186 decisionis
1674 4125 1920 4189 terminandi

175 4220 231 4277 mis
254 4220 422 4278 verberatus.
457 4223 500 4277 De
523 4231 635 4287 caetero,
670 4223 753 4279 Pater
785 4225 968 4294 sanctissime,
1025 4223 1128 4293 negotii
1149 4222 1233 4294 liujus
1247 4222 1362 4294 quaestio
1374 4220 1555 4278 fraternitatis
1571 4229 1627 4278 tute
1649 4216 1917 4283 mostuene&

176 4315 279 4373 mando
293 4314 345 4371 tibi
359 4315 478 4387 qualiter
502 4314 662 4371 Bernardus
684 4316 770 4372 abbas
784 4318 875 4374 Sancti
895 4322 927 4376 P.
946 4327 972 4374 ot
1026 4317 1134 4374 actione
1143 4316 1279 4387 pervenit,
1289 4316 1358 4382 imo,
1370 4316 1394 4372 si
1404 4315 1593 4372 minusadbnc
1601 4314 1782 4377 satisfactum
1792 4320 1883 4377 esf
1908 4302 1919 4353 ²

174 4409 212 4465 lt.
238 4409 342 4465 biantis
365 4408 491 4479 Maioris,
513 4407 623 4464 abbatia
644 4409 772 4481 expulsus
793 4411 829 4465 sit
841 4411 925 4483 juste,
944 4421 973 4469 et
986 4389 1012 4451 Ῑ)
1027 4410 1168 4484 pervenire
1181 4410 1294 4483 poterit,
1310 4411 1471 4466 nouaclum
1485 4425 1544 4465 non
1559 4416 1719 4479 mutamus,
1733 4402 1913 4471 verunss'

175 4501 293 4572 qualiter
306 4502 358 4556 iste
372 4502 526 4573 susceperit
540 4517 623 4574 quern
636 4502 686 4558 tibi
702 4503 793 4572 mitto,
809 4503 974 4561 Guillelmus
1028 4514 1140 4561 auctore
1154 4506 1214 4561 Deo
1228 4503 1379 4560 annuimus
1393 4511 1422 4558 et
1436 4502 1581 4559 laudamus
1599 4520 1607 4558 z
1640 4503 1750 4577 quippe
1767 4497 1912 4563 curass¹

175 4592 298 4650 nomine.
308 4593 562 4665 lllenamquetanti
571 4595 771 4668 eratllagitiiet
782 4605 868 4655 tantae
882 4598 973 4670 impu·

176 4684 278 4743 diuitiae
290 4686 366 4759 quod
377 4686 461 4757 pudet
476 4703 522 4743 me
532 4687 635 4759 aliquid
651 4687 768 4762 dignum
783 4690 899 4749 honesto
913 4692 972 4749 viro

176 4777 346 4837 diceresed
358 4796 447 4837 unum
458 4794 492 4836 ex
507 4780 632 4852 pluribus
644 4798 751 4855 nequeo
765 4791 867 4841 tacere.
883 4784 971 4843 Sodo-

177 4869 273 4929 mitica
286 4872 387 4944 quippe
399 4871 486 4930 libido
496 4873 568 4930 ultra
582 4873 697 4932 modum
710 4875 740 4932 in
749 4893 813 4933 eum
827 4878 972 4951 regnabat,

177 4972 206 5021 et
217 4963 319 5022 deinde
335 4964 370 5021 ab
384 4965 440 5024 ullo
466 4966 568 5022 viventi
580 4969 681 5041 corripi
704 4986 762 5026 non
776 4978 894 5043 poterat.
912 4975 971 5046 Ego

177 5066 325 5131 quoquest
342 5058 473 5116 monachi
490 5060 640 5132 supradicti
656 5063 707 5119 loci
720 5062 913 5121 detestabilem
923 5065 973 5121 bu·

172 5151 297 5223 jusmodi
321 5168 380 5209 rem
407 5162 595 5226 agnoscentes,
622 5157 800 5229 nequivimus
827 5157 874 5215 diu
902 5160 970 5230 pati,

174 5242 235 5314 sed,
263 5246 380 5302 consilio
401 5247 520 5305 invicem
557 5248 664 5316 babitu,
696 5249 854 5310 audivimus
881 5252 971 5309 archi·

175 5338 322 5409 presulem
341 5340 557 5413 Lugdunensem
570 5343 618 5415 qui
632 5343 658 5399 ei
680 5343 904 5404 benedictionem
918 5346 971 5402 tri-

173 5428 274 5489 buerat
285 5430 404 5502 abbatis,
418 5443 447 5489 et
459 5433 517 5506 ejus
534 5437 649 5493 consilio
663 5445 746 5510 atque
761 5437 867 5510 judicio
886 5438 972 5496 abba-

1028 4598 1119 4671 magis
1129 4598 1228 4655 rationi
1242 4604 1461 4653 consentaneum
1482 4595 1605 4653 videatur
1619 4604 1654 4652 ut
1675 4597 1786 4667 elerici,
1808 4575 1907 4657 ¹5

1026 4692 1156 4749 canonice
1169 4693 1258 4748 vivere
1272 4690 1378 4756 volunt,
1393 4690 1461 4746 etin
1474 4704 1507 4746 eo
1522 4689 1667 4763 persistere
1681 4692 1764 4764 qnod
1783 4699 1904 4751 rof

1027 4793 1137 4852 verunt,
1152 4800 1202 4840 suo
1220 4782 1295 4857 quod
1308 4783 1459 4855 antiquitus
1473 4781 1618 4854 possedere
1633 4798 1694 4841 non
1706 4771 1901 4845 debeanfl

1026 4894 1120 4936 carere
1138 4877 1317 4946 monasterio,
1330 4876 1406 4951 quod
1422 4884 1449 4932 et
1466 4877 1516 4948 ipsi
1533 4874 1896 4950 intertentupeeuniff

1026 4973 1180 5030 obtinuisse
1190 4970 1319 5028 monachi
1335 4969 1516 5027 infamantur.
1532 4966 1689 5042 superbae
1703 4987 1777 5049 ergo
1791 4974 1894 5031 inf

1026 5064 1185 5123 dubitanter
1198 5078 1359 5135 cognoscas,
1376 5062 1440 5135 quia
1458 5078 1601 5135 perperam
1614 5070 1677 5119 acta
1689 5064 1752 5123 sire
1763 5066 1890 5125 subl

1026 5166 1103 5231 repta
1118 5158 1296 5223 damnamus,
1311 5158 1384 5229 iuste
1405 5165 1469 5214 acta
1488 5165 1516 5213 et
1535 5153 1653 5213 diffinita
1667 5156 1887 5227 firmanam!

1026 5261 1054 5309 et
1068 5266 1084 5307 a
1098 5259 1125 5307 te
1140 5250 1277 5307 firmanda
1294 5259 1321 5306 et
1336 5249 1482 5308 statuenda
1501 5248 1681 5308 mandamus.
1703 5254 1752 5311 De
1762 5255 1889 5314 cars

1026 5346 1134 5403 notensi
1157 5354 1251 5400 autem
1271 5344 1399 5418 episcopo
1416 5342 1492 5401 unde
1510 5342 1674 5401 fraternitas
1689 5352 1744 5405 tua
1761 5347 1905 5405 subl.

1025 5453 1200 5497 murmurare
1222 5438 1327 5496 ridetur
1344 5437 1419 5494 nosti
1445 5436 1522 5510 qnod
1536 5434 1694 5497 dilectionis
1711 5448 1773 5501 mre
1785 5441 1878 5499 inf

209 5587 323 5650 (tttlln
332 5586 448 5659 registro
462 5587 614 5648 Mutinensi
625 5590 751 5662 superior
759 5591 874 5663 epistola
885 5591 1009 5664 signatur
1022 5604 1140 5649 numero
1156 5591 1267 5658 xxxi,
1283 5605 1344 5662 quae
1356 5588 1400 5646 lrie
1412 5588 1538 5662 sequitur
1551 5589 1582 5644 in
1593 5588 1695 5649 eedem
1707 5592 1881 5666 remes?

174 5660 214 5708 est
228 5655 352 5725 XXth,
363 5666 391 5714 et
405 5658 445 5714 sic
454 5658 592 5732 deinceps.
