3870 6164
615 300 795 363 cohortatur
812 306 980 367 uolutauit
999 311 1041 366 lx.
1602 323 1653 378 82²

129 418 362 492 ethedrmptorie
383 423 550 481 commissu
571 424 725 495 christiin
744 432 937 503 qnapmtter
956 433 1139 492 laudaverunt
1155 450 1247 495 muns
1269 454 1313 495 res
1335 440 1521 498 Ecclesiarum
1534 443 1653 502 nullate-
1749 442 1753 451 '

110 519 190 570 ctera
207 514 373 572 nuntiam
386 515 569 589 depositionis
580 520 801 597 archiepiscopo·
855 542 907 585 nur
918 529 948 585 in
961 526 1057 585 militia
1068 529 1193 588 annulari
1209 532 1394 605 exponendas,
1410 534 1464 591 ulei
1480 530 1508 592 in'
1521 536 1651 595 alimonia

110 604 250 665 caletensis
268 615 297 664 et
315 609 501 668 Narbonensis
514 619 799 685 atqueexoommuni·
854 639 1016 696 paupcmm,
1039 624 1177 683 ineancto
1197 642 1249 683 usu
1277 642 1371 685 rernm
1395 627 1561 702 divinarum,
1583 640 1611 689 et
1624 633 1652 690 h

110 714 180 774 rpsr
193 702 296 773 legatos
316 704 474 776 apostolice
494 706 567 762 sedis
584 709 799 783 pmmulgatam,
854 716 1045 789 redemptione
1064 719 1247 791 captivomm.
1269 723 1311 777 lta
1324 723 1424 796 quippe
1447 723 1501 781 sub
1520 740 1651 798 procura·

110 808 137 850 rs
148 808 231 868 papa,
245 794 287 853 luis
301 796 348 869 (pri
370 797 486 855 aderant
505 799 735 874 collaudantibus,
750 804 798 861 dr·
852 811 928 867 tione
940 812 1041 886 ioseph
1061 812 1169 870 hiemat
1188 814 1321 872 immunia
1336 832 1352 872 a
1366 816 1469 874 tributo
1487 818 1589 892 prredia
1607 834 1651 877 sa·

853 903 1007 976 oerdotum,
1022 922 1074 963 nee
1095 908 1281 980 exponebatur
1294 917 1343 966 aut
1361 908 1524 969 mittebatur
1536 911 1566 970 in
1586 928 1650 971 eor·

109 980 189 1039 inim
210 997 321 1056 qunque
341 983 447 1043 dictum
468 1002 571 1060 regem,
585 995 614 1044 et
627 1003 723 1047 omnen
736 989 798 1048 iau·
852 998 1082 1073 bunampretium
1094 1002 1354 1076 sanguinisillcttb.
1370 1008 1651 1075 aurasiacensis

109 1075 216 1148 ittaqui
237 1077 267 1133 in
280 1078 420 1151 amolita
434 1081 722 1140 excommunicatione
737 1085 799 1140 ani·
851 1091 936 1150 dorus
953 1101 1048 1167 raptor
1067 1110 1207 1153 sacramm
1228 1113 1322 1154 rerum
1351 1098 1403 1155 sub
1423 1100 1495 1157 Onia
1521 1102 1650 1174 pontillcc

109 1168 297 1240 odoraremur,
309 1172 410 1229 iterum
423 1175 679 1233 excommunicarit.
852 1185 905 1242 luit
917 1186 1071 1260 impunitus
1092 1192 1133 1258 (ll
1149 1193 1217 1247 linc.
1239 1198 1300 1258 ml.
1316 1192 1423 1263 Quibus
1437 1193 1506 1251 actis
1518 1194 1649 1252 inurlne·

109 1263 289 1321 hematizavit
315 1266 383 1322 itam
406 1266 590 1325 ildimundum
614 1278 642 1326 ct
669 1271 798 1330 landum
851 1288 917 1337 runt
928 1282 1050 1338 ioannes
1060 1282 1204 1356 episcopua
1216 1287 1404 1356 romonensis,
1417 1289 1541 1345 loannes
1550 1289 1651 1359 ephee

109 1358 186 1415 ninoe
198 1366 339 1431 tyrannos,
353 1375 506 1433 omnesque
526 1361 667 1436 adjutores
687 1379 795 1422 corum.
850 1389 903 1446 pur
919 1377 1140 1445 Tusculanensis,
1165 1378 1319 1435 {imbertus
1334 1380 1483 1453 episeopus
1499 1382 1649 1439 menoc-

109 1452 326 1524 ereasuspendit
340 1454 376 1509 ab
387 1453 479 1512 cidem
491 1455 629 1528 qrrosdrm
640 1457 795 1532 episcopos,
850 1482 913 1538 uus,
935 1470 1046 1527 Dmnur
1077 1470 1221 1543 episcopus
1237 1472 1379 1546 Signinus,
1401 1476 1476 1530 beno
1501 1474 1650 1533 cardinalis

119 1546 265 1603 ennodium
284 1547 508 1620 indutiaeque
530 1549 581 1621 ipsi
600 1565 689 1624 neque
707 1552 796 1610 nuntii
850 1561 1069 1631 manubiarum,
1080 1566 1190 1621 Ber.....
1205 1564 1351 1622 cardinalis
1364 1566 1546 1640 Chrysogoni,
1557 1571 1647 1626 Dens.

109 1653 157 1711 pro
169 1639 386 1712 ipsisrenerunt.
849 1653 939 1712 dictus
961 1655 1104 1713 cardinalis
1125 1658 1234 1715 Sanctae
1253 1658 1441 1729 Pudentianae,
1463 1662 1540 1718 Cnno
1560 1660 1649 1718 cardi·

109 1746 221 1791 tcruruu
235 1747 390 1792 nouarum
404 1748 550 1794 manarunt
566 1744 741 1797 aunolool.
849 1748 921 1805 nalis
953 1750 1060 1807 Sancta
1087 1751 1250 1818 hmstasiae,
1288 1756 1345 1809 hzo
1375 1752 1522 1810 cardinalis
1556 1754 1648 1811 Sancti

109 1842 115 1880 r
134 1826 261 1899 Gregorii
275 1829 326 1884 Vll
346 1844 425 1902 papae
445 1845 531 1897 nono,
547 1846 580 1889 lv
599 1834 693 1890 Nonas
716 1833 795 1903 Maii.
812 1819 837 1882 Β
853 1842 947 1921 Murci,
962 1845 1106 1900 Romanus
1117 1843 1263 1901 cardinalis
1277 1846 1388 1902 Sancte
1398 1848 1539 1915 Susanna,
1554 1848 1649 1903 Bonus

109 1920 222 1979 munus
238 1921 320 1979 amur
334 1922 479 1997 episeopis,
496 1924 688 1994 cardinalibus
710 1925 794 1985 mss-
848 1935 939 1993 nster
967 1936 1115 1995 oraturus
1142 1938 1248 2015 msere
1289 1937 1398 2009 unte,
1418 1940 1533 1997 manno
1563 1939 1648 1997 abbas

109 2013 349 2090 crclipresbytsrie
370 2025 402 2073 ut
432 2016 570 2075 dhcment
594 2027 687 2077 utrum
720 2018 793 2079 bona
848 2028 941 2085 Sancti
958 2026 1068 2100 sabbe,
1082 2030 1248 2089 Lamachus
1266 2028 1647 2106 annumerandum

109 2123 184 2165 amm
206 2118 318 2181 possent
332 2110 395 2182 poni
416 2110 445 2166 in
472 2111 585 2184 pignore
609 2129 658 2186 pro
679 2115 792 2187 pecunia
847 2121 942 2194 sbyter
956 2122 990 2180 de
1004 2132 1083 2196 porta
1109 2123 1356 2191 launardiaca
1377 2123 1598 2199 archipresbyter
1611 2125 1646 2182 de

109 2200 149 2259 ida
167 2200 202 2258 ad
222 2203 404 2260 resistendum
425 2204 570 2274 Guiberto,
591 2207 793 2281 archiepiscopo
848 2215 947 2272 Sancto
958 2216 1131 2285 Sebastiano,
1147 2219 1267 2274 loannes
1277 2218 1496 2290 archipresbyter
1504 2218 1539 2276 de
1548 2220 1647 2276 Sancta

108 2297 147 2353 ati
157 2298 314 2353 itomanam
323 2296 417 2353 sedem
430 2298 707 2370 lacedaemonii,
720 2317 793 2374 qum-
846 2308 955 2366 caecilia
956 2350 1037 2381 .......
1051 2309 1269 2385 archipresbyter
1278 2312 1434 2379 Salvatoris,
1447 2318 1475 2368 et
1488 2311 1531 2368 alii
1543 2312 1645 2385 piures.

108 2390 277 2449 ctoutmibus
295 2391 479 2465 exemplisque
498 2402 670 2463 martorum,
693 2397 792 2453 uuani-

426 2636 756 2737 CONClLlUM
792 2643 1217 2743 solitaurilia,

562 2792 648 2853 Areua
661 2792 784 2854 Domini
799 2796 876 2857 1083
891 2796 1081 2858 eelebrrrlrrm.

495 2907 585 2978 (hpud
601 2909 714 2976 lliusr,
730 2908 827 2967 dorecil.
841 2919 911 2966 tom.
927 2912 997 2980 XX,
1011 2909 1063 2967 col.
1079 2916 1150 2976 587).

112 3113 433 3170 Annoablncarnatione
444 3113 712 3171 Domiuimillesimo
721 3120 792 3182 (451)
807 3074 830 3181 i]
846 3114 948 3171 biennii
962 3114 1033 3170 bello
1045 3112 1204 3186 fatigatum,
1225 3114 1280 3171 acri
1295 3113 1384 3170 inedia
1396 3112 1559 3171 laborabat:
1582 3129 1645 3170 curu

108 3205 179 3263 uma
195 3214 303 3279 quarto
322 3207 498 3280 pontificatus
512 3190 574 3265 verb
594 3207 698 3265 domini
720 3210 793 3267 Gre·
847 3224 898 3265 nec
910 3208 978 3279 ipsis
990 3206 1025 3264 ad
1041 3207 1128 3265 vicina
1143 3205 1244 3280 oppida
1267 3207 1309 3264 vei
1331 3216 1420 3265 eastra
1440 3208 1516 3285 exire
1540 3207 1644 3274 liceret,

108 3314 155 3373 ipre
166 3300 274 3372 septimi
285 3316 358 3356 anun
372 3300 702 3368 undecimo,duodecimo
713 3305 793 3371 [mv]
848 3317 897 3357 uec
910 3298 1040 3371 illiJurati
1053 3300 1164 3357 flenrici
1183 3301 1211 3357 iu
1226 3300 1332 3358 Urbem
1347 3292 1451 3357 vellent
1470 3300 1645 3373 negotiatum

108 3408 136 3449 as
148 3394 317 3463 Decembris,
340 3394 505 3467 praesidente
517 3395 615 3452 eodem
627 3397 790 3468 apostolico,
846 3394 954 3462 venire;
965 3392 1160 3467 multiquoque
1172 3391 1244 3450 larue
1252 3392 1343 3450 abacti
1349 3394 1455 3453 Urbem
1466 3393 1642 3466 reliquerant.

108 3498 130 3542 ta
145 3496 187 3543 est
209 3486 298 3544 tribus
321 3488 417 3545 diebus
432 3489 459 3544 iu
482 3490 660 3544 lateranensi
679 3488 789 3545 basilica
847 3487 965 3543 Proinde
974 3486 1068 3542 caeteri
1082 3485 1153 3542 bello
1167 3487 1309 3543 remissius
1323 3488 1417 3543 attenti
1432 3503 1490 3544 rem
1503 3503 1537 3544 cx
1550 3488 1644 3544 animo

107 3595 127 3647 r,
147 3581 174 3636 iu
203 3596 257 3654 qua
289 3579 399 3637 luerunt
429 3581 637 3654 archiepiscopi,
662 3582 790 3653 episcopi,
848 3582 938 3637 minus
952 3579 1091 3653 gerebant,
1107 3579 1321 3651 etncustodiis,
1336 3583 1525 3653 proutcuique
1536 3581 1643 3648 licebat,

108 3677 169 3743 tet]
192 3673 307 3731 abbates
325 3676 467 3747 Campani,
489 3684 517 3731 et
536 3675 571 3731 de
596 3674 806 3747 priucipatibus·
846 3676 905 3732 siue
918 3673 1017 3730 timore
1034 3672 1203 3745 negligentes
1217 3673 1340 3729 aberant.
1356 3675 1424 3730 llaeo
1438 3689 1521 3746 super
1532 3673 1646 3729 Henrici

107 3769 206 3840 lpulia,
225 3769 303 3840 pauci
322 3784 433 3841 quoque
448 3769 595 3831 Gallicani:
617 3784 682 3825 nam
704 3768 790 3840 pluri·
847 3765 1004 3841 tyrannide,
1030 3767 1094 3837 quia
1116 3781 1145 3823 se
1170 3767 1277 3824 occasio
1293 3767 1420 3837 praebuit,
1445 3766 1645 3839 prestrinxisss

107 3860 184 3919 eurici
199 3862 306 3935 tyranni
322 3860 437 3935 perfidia
448 3861 499 3920 iter
513 3871 588 3920 retro
600 3870 705 3919 vertere
717 3878 792 3918 com-
846 3862 976 3919 sullloiat

109 3955 136 4011 ui
150 3955 306 4012 Ostiensem
321 3954 480 4026 episcopum
493 3954 529 4011 de
543 3954 694 4028 apostolica
716 3956 790 4027 lega·
882 3956 1159 4014 Caeterum'domiuus
1173 3955 1340 4027 apostolicus
1352 3956 1379 4010 in
1391 3954 1486 4011 eadeur
1495 3957 1601 4027 syuodo
1611 3955 1645 4012 de

107 4048 244 4105 rdeuntem
265 4055 360 4104 contra
377 4046 420 4104 ias
436 4048 623 4120 etjuramenti
638 4047 720 4105 fldem
732 4049 791 4120 capi
847 4048 908 4106 ildri
924 4050 1014 4108 forma
1039 4060 1068 4107 et
1087 4049 1250 4107 Christianae
1264 4049 1404 4122 religionis
1427 4050 1643 4117 conversatione,

109 4156 145 4197 re
157 4141 292 4213 permisit.
308 4145 377 4197 Tres
398 4148 489 4197 autem
504 4141 624 4213 synodos
638 4140 792 4214 quadrage·
847 4144 896 4200 sed
920 4152 948 4200 et
969 4144 1069 4200 robore
1083 4143 1223 4214 animique
1243 4142 1398 4198 consuntia
1419 4140 1455 4197 ad
1479 4151 1643 4213 praesentem

118 4236 241 4307 ejusdem
257 4237 363 4292 henrici
376 4236 529 4308 persecutio
554 4235 694 4308 impedivit
711 4236 791 4307 lprae·
846 4251 1002 4308 pressuram
1015 4235 1180 4299 necessaria,
1205 4250 1252 4290 ore
1275 4251 1331 4291 non
1348 4215 1472 4291 humano
1489 4237 1537 4292 sed
1559 4251 1643 4309 auge·

109 4371 117 4385 .
139 4328 191 4400 Qui
206 4329 408 4386 semelbeatum
422 4330 549 4398 Paulum,
561 4330 605 4387 bis
618 4328 729 4386 beatum
744 4331 793 4386 Pe·
847 4330 900 4385 lico
910 4337 1034 4401 patenter
1044 4328 1212 4393 edisserens,
1220 4327 1265 4383 dic
1277 4330 1353 4383 tertia
1364 4335 1453 4385 tntum
1462 4327 1520 4387 lere
1526 4345 1645 4387 couven-

108 4438 246 4498 ggressrm,
259 4424 371 4482 demum
388 4426 582 4497 postmultum
604 4425 659 4483 iusi
682 4424 792 4497 sangui·
846 4429 906 4478 tum
919 4422 946 4478 in
957 4422 1077 4494 gemitus
1091 4429 1119 4478 et
1136 4421 1271 4493 lacrymas
1289 4421 1434 4492 compulit,
1445 4420 1537 4494 nopae
1550 4424 1644 4479 couci·

107 4534 121 4574 n
141 4528 198 4577 mm
212 4535 327 4577 suorum
343 4521 504 4578 fortitudine
518 4537 601 4594 quam
625 4520 788 4595 negligentia
803 4498 829 4562 D
847 4516 912 4572 lium
937 4515 1085 4589 apostolica
1112 4512 1304 4572 benedictione
1330 4510 1499 4572 laetificatum
1530 4516 1558 4572 lu
1577 4530 1645 4590 pace

116 4614 357 4687 porticu[p0rticae]
370 4630 465 4672 muros
476 4615 620 4688 subripuit.
634 4617 792 4671 Romanum
847 4609 962 4666 dimisit.

107 4721 136 4763 nr
155 4705 264 4779 vulgus,
283 4724 348 4781 pars
372 4707 498 4766 videlicet
512 4709 649 4780 copiosior
663 4708 792 4776 civitatis,

114 4845 224 4901 Dantur
237 4846 370 4902 variantes
385 4863 418 4904 ex
430 4846 491 4903 cod.
510 4845 609 4903 Mutin.
843 4841 1050 4916 terquamquod
1061 4857 1107 4899 an.
1120 4848 1198 4906 loti,
1210 4856 1249 4898 m.
1261 4840 1421 4911 Novembri,
1429 4845 1581 4917 Gregorius
1592 4846 1645 4904 llll

113 4917 273 4989 Lugendum
293 4924 371 4985 10⁸3,
394 4927 423 4974 ut
443 4934 534 4974 annus
557 4933 590 4974 xi
612 4917 790 4974 Pontificius
843 4918 944 4972 Romae
958 4922 1095 4971 nouerat.
1112 4918 1227 4972 Paetus
1238 4914 1277 4970 od
1288 4914 1345 4971 Aa.
1361 4921 1438 4983 1088,
1454 4933 1480 4972 u.
1496 4925 1522 4973 t.

110 4987 118 5044 i
134 4986 188 5045 buc
200 5005 271 5045 auno
281 4988 429 5046 inchoatus
440 4999 515 5046 certo
525 4988 704 5046 demonstrat.
715 4993 789 5046 Prae·

441 5228 772 5322 uuuurcruu
808 5228 1103 5320 uuuuuuu
1135 5229 1201 5343 x,

106 5399 113 5438 r
136 5379 293 5443 Guiberhu
315 5387 461 5464 unlipupu
475 5391 503 5447 et
516 5382 713 5444 heresiarcha
736 5392 825 5462 atque
838 5380 990 5444 Heorr'orrs
1003 5384 1283 5464 pseridoimprrulor
1301 5404 1366 5447 cum
1382 5385 1518 5449 omuibus
1531 5389 1595 5447 ruis

395 5465 579 5544 leuioribus,
597 5468 886 5543 curuummuur'cutur,
910 5482 988 5525 orno
1011 5463 1137 5526 Domini
1154 5468 1242 5529 loti.

614 5573 737 5637 (blansi,
752 5571 852 5627 cond.
865 5570 935 5636 XX,
946 5574 1021 5636 ⁶80).

106 5768 264 5825 mossur
281 5768 529 5829 istcliertioldur:
549 5768 686 5827 Dominus
699 5777 792 5825 autem
847 5768 881 5825 tis
905 5768 935 5825 in
948 5766 1111 5826 Guibertum
1135 5766 1357 5839 heresiarcluarn,
1380 5778 1410 5827 st
1433 5768 1596 5841 ilenricuur,
1618 5783 1648 5833 et

106 5858 794 5935 coenoman,treromreutenrinmrnuhemr·
846 5861 1651 5936 omuereorurniautnmromolgaritsqnodetinlentu
