3870 6164
20 244 277 315 ·u·r··

468 246 498 307 S.
517 244 678 304 eustosii
696 246 740 304 vti
753 246 857 313 ¹i’dPAE
875 247 1013 307 uersuti
1031 246 1118 307 eatts
1136 248 1157 305 Ι.
1177 276 1212 289 -
1229 244 1431 305 resistitur.

1719 248 1772 307 {dd

125 376 188 439 etsi
200 375 265 451 qnls
276 371 419 443 eifecerit,
440 384 505 431 mim
515 370 590 431 bona
609 368 664 429 lide
676 371 827 431 secundum
841 389 921 447 posse
933 380 961 445 Α
1009 342 1188 445 rem-eligent.
1207 374 1319 443 Quodm
1341 376 1402 444 quie
1414 388 1469 429 ooo
1494 376 1618 431 commeo
1634 374 1774 445 episeopus

127 486 222 534 meum
235 472 313 529 iilum
328 467 475 543 adjuvabo.
692 518 699 535 ,

161 568 264 623 domm
276 561 416 633 canusia,
437 560 533 634 quinto
539 558 682 617 Kalendas
689 559 842 631 Februarii,
853 559 921 618 indi·

128 659 220 719 odone
232 657 339 716 decima
355 657 460 731 quinta.

392 760 567 819 bristout
578 760 660 816 xiil.

127 884 166 927 nn
193 880 383 927 nonunrrturt
406 876 677 923 rncntnrvscoeurr
705 873 921 918 runonnnsnrr.

428 960 621 1028 (Annottttt.)

127 1067 187 1125 Nou
209 1065 306 1122 debere
326 1078 387 1119 eum
406 1061 537 1131 conqueri
563 1059 596 1114 de
613 1056 697 1129 pollio
722 1070 841 1113 concesso
864 1058 924 1126 epl-

162 1152 240 1208 seopo
253 1135 369 1200 boemi,
388 1132 550 1189 cumiciaco
572 1131 675 1197 lectum
693 1129 816 1184 silenico
840 1130 923 1182 Ture·

164 1211 255 1263 nemu
268 1205 393 1263 Ecclesia
398 1204 472 1273 jure,
487 1203 520 1257 dc
532 1216 585 1271 quo
594 1202 764 1271 exploratius
777 1214 806 1254 se
816 1203 924 1254 senter-

164 1282 232 1334 tiom
242 1276 360 1332 laturum
368 1290 423 1330 esse
436 1275 566 1343 affirmet,
578 1287 637 1327 eum
647 1275 695 1326 out
705 1274 799 1341 ipsein
810 1271 922 1328 Germe-

161 1350 250 1416 m‘om‚
260 1352 291 1404 ut
305 1347 460 1408 destinauit,
471 1345 629 1410 transierit,
643 1347 693 1397 out
711 1342 923 1411 archiepiscopus

161 1422 220 1491 ipse
236 1434 292 1473 uuo
303 1433 363 1473 cum
380 1417 488 1473 belensi
499 1416 618 1486 episcopo
641 1416 751 1470 Romam
761 1417 869 1467 vocotus
880 1427 924 1467 oe-

163 1492 279 1546 eessem'l.
302 1490 411 1546 iuterim
426 1502 511 1558 quere
530 1486 560 1539 td
573 1487 675 1552 fecerit,
697 1499 806 1539 causum
821 1483 922 1539 reddit.

162 1594 339 1652 Gnsoontus
352 1591 507 1664 episcopus,
526 1604 620 1647 servus
637 1602 782 1646 serromm
793 1586 854 1656 Dei,
865 1588 923 1644 llo·

126 1687 412 1758 nmeno'furonensi
420 1683 635 1758 archiepiscopo,
651 1682 769 1739 salutem
779 1688 807 1738 et
816 1688 923 1754 aposto·

128 1782 211 1843 licam
230 1780 460 1839 benedictionem.

161 1875 243 1946 Quod
260 1875 295 1933 de
306 1873 521 1932 consecratione
533 1868 661 1927 bolensis
678 1868 800 1940 episcopi
814 1875 842 1925 et
855 1883 925 1925 eon-

127 1985 206 2027 cesso
218 1969 273 2025 sibl
285 1967 390 2024 bonore
413 1966 490 2038 pallii
504 1962 649 2021 adversum
663 1977 716 2019 nos
736 1959 924 2034 conquereris,

125 2078 177 2137 pro
203 2061 346 2118 voluntate
362 2059 453 2134 potius
473 2073 556 2130 quarn
576 2057 682 2112 ratione
707 2054 797 2111 faeere
812 2053 924 2121 videris,

126 2156 175 2232 qui
189 2170 241 2212 nos
254 2155 285 2211 in
299 2168 330 2211 ea
343 2169 373 2210 re
391 2150 518 2210 Ecclesiae
531 2150 588 2220 nui,
601 2152 661 2207 Deo
675 2147 793 2218 volente,
809 2162 926 2220 pracesse

126 2248 308 2324 dignosceris,
320 2248 406 2303 totius
416 2244 531 2319 justitiae
546 2243 637 2299 locum
651 2257 804 2299 reservasse
819 2256 925 2314 cogno-

126 2343 191 2401 scis.
206 2344 275 2400 Cum
290 2339 363 2397 enirn
392 2336 551 2396 audivimus
573 2335 709 2407 principes
732 2333 803 2390 iliius
830 2342 924 2403 terrea,

125 2444 220 2495 contra
242 2434 382 2506 antiquam
403 2439 432 2488 et
452 2430 601 2502 pessimam
623 2426 860 2496 consuetudinem,
875 2442 925 2501 pro

124 2528 279 2587 reverentia
291 2526 344 2584 Dei
360 2523 556 2596 omnipotentis
569 2531 598 2578 et
609 2521 765 2594 apostolica
779 2521 926 2578 auctorita·

125 2623 173 2691 tis,
195 2619 351 2679 ulteriusin
365 2615 524 2675 ordinandis
544 2615 680 2689 episcopis
702 2630 752 2671 nec
769 2614 925 2672 dominium

124 2715 293 2773 investituras
305 2721 410 2780 tenere,
423 2726 473 2767 uec
482 2710 606 2782 pecuniae
612 2708 790 2765 commodum
804 2723 926 2781 quaerere

124 2808 295 2880 vellentque
307 2806 343 2863 ob
355 2806 408 2863 boe
417 2803 452 2861 ad
462 2803 644 2876 apostolicam
653 2802 762 2859 misisse
771 2802 882 2871 sedem,
894 2811 926 2861 ut

124 2903 153 2965 ln
165 2903 280 2978 praelato
296 2904 356 2959 loco
368 2901 443 2973 justa
458 2909 619 2959 sanctorum
638 2903 754 2957 Petrum
768 2907 870 2957 statuta
884 2900 926 2956 ie·

125 2998 195 3072 galis
210 2996 384 3055 ordinaretur
395 2996 549 3068 episcopus,
575 2994 712 3051 devotioni
726 3009 824 3051 eorum
846 2993 925 3050 valde
997 3046 1003 3057 ,

125 3090 356 3165 congaudendum
368 3099 395 3148 et
410 3090 590 3163 petitionibus
609 3087 787 3146 annuendum
809 3087 922 3161 dignum
939 3105 962 3169 ρ

125 3184 265 3245 duximus.
292 3186 395 3241 Verum
417 3199 503 3256 quam
520 3190 602 3238 caute
619 3197 672 3238 nos
696 3181 850 3239 'turonensi
871 3183 923 3239 Ec-

125 3279 215 3338 clesite
228 3278 330 3351 eteius
346 3276 476 3350 dignitati
489 3273 703 3349 providerimus,
717 3275 746 3331 in
760 3274 858 3331 litteris
871 3274 924 3332 illis

124 3389 193 3447 quas
205 3372 241 3430 ad
255 3371 431 3429 Britannicos
443 3370 580 3443 principes
593 3378 622 3427 et
644 3369 786 3443 episcopos
798 3369 924 3426 misimus

125 3465 211 3539 (quod
222 3474 252 3523 et
266 3473 294 3522 te
310 3465 470 3540 adgnouisse
479 3469 634 3537 putamus),
645 3463 787 3537 aptissime
796 3463 924 3519 eontine-

126 3566 180 3617 tur.
197 3560 371 3632 Quapropter
386 3558 544 3615 fraternitas
569 3566 617 3614 tua
632 3557 692 3613 sine
706 3556 782 3612 omni
801 3571 924 3613 murmu-

125 3652 232 3709 ratione
255 3652 457 3708 discussionem
473 3658 501 3708 et
512 3651 616 3723 justam
639 3647 830 3706 definitionem
843 3648 924 3722 hujus

126 3758 216 3801 causas
229 3750 386 3816 exspectare
400 3759 456 3799 non
477 3749 584 3810 renuet,
606 3741 738 3814 quoniam
749 3750 775 3799 et
787 3742 861 3814 quod
884 3741 924 3799 fa·

126 3844 252 3895 ctumest
263 3836 484 3894 consideratione
494 3833 621 3903 fecimus,
637 3844 666 3891 et
678 3834 752 3908 quod
768 3833 924 3892 faciendum

126 3929 252 4001 diligenti
273 3928 461 4002 inquisitione,
480 3928 551 3989 sicut
576 3944 620 3985 res
633 3942 733 4001 magna
754 3935 781 3983 et
794 3927 923 4000 ambigua

125 4022 257 4099 postulat,
271 4029 435 4095 pertractare
458 4030 486 4079 et
498 4022 611 4093 exsequi
624 4021 760 4077 volumus.
781 4023 876 4093 Neque
894 4020 923 4078 id

125 4116 291 4191 iniongum,
306 4119 368 4173 Deo
379 4114 554 4187 providente,
579 4112 773 4185 protelabitur,
790 4113 922 4186 quoniam

126 4210 150 4268 ei
163 4210 292 4281 inpertes
301 4207 611 4282 regniTeutonieorum,
622 4206 922 4280 proutdestinavimus,

126 4302 181 4361 boc
195 4302 362 4377 intempore
374 4301 574 4370 transierimus,
587 4300 652 4358 inde
663 4308 712 4357 aut
719 4300 880 4374 nosmetipsi
886 4298 922 4356 ad

126 4411 176 4455 vos
187 4395 411 4471 pertransiemus,
427 4402 475 4453 aut
488 4393 557 4452 tales
581 4395 628 4469 qui
640 4393 714 4452 banc
735 4410 848 4451 causam
866 4394 922 4451 sin-

125 4506 186 4549 cera
200 4491 391 4566 exploratione
399 4487 547 4546 discutiant
561 4496 644 4567 atque
665 4486 799 4546 definiant
815 4488 927 4545 mittere

126 4586 345 4659 procurabimus.
363 4582 444 4655 Quod
458 4584 483 4641 si
499 4598 532 4639 eo
556 4582 641 4639 modo
655 4588 758 4639 nostra
770 4580 925 4653 dispositio·

127 4678 170 4736 nis
181 4679 326 4735 consilium
341 4678 454 4751 transigi
468 4693 526 4734 non
540 4691 620 4750 posse
633 4675 788 4747 contigerit,
803 4690 924 4747 congruo

126 4779 252 4845 tempore
261 4780 288 4828 et
295 4780 322 4829 te
332 4777 360 4828 et
367 4770 517 4828 Dolensem
526 4770 688 4844 episcopum
702 4768 738 4826 ad
749 4768 924 4842 praesentiam

128 4864 200 4939 redis
213 4864 370 4933 spouotice
388 4862 618 4932 convocabimus,
632 4871 660 4918 et
682 4862 721 4919 ibi
744 4877 857 4919 causam
874 4877 923 4918 ve-

127 4966 216 5016 stram
226 4958 356 5031 utrinque
365 4956 511 5030 diiigenter
521 4955 922 5028 examinatumproutsineera

129 5051 232 5109 veritas
245 5060 274 5109 et
284 5050 391 5124 justitia
401 5049 572 5124 exquisierit,
586 5047 622 5106 ad
632 5048 851 5118 irrevocabilem,
863 5052 923 5107 Deo

128 5144 245 5214 favente,
261 5145 345 5202 tinem
359 5144 549 5217 perducemus.

161 5241 235 5295 Data
248 5240 277 5296 in
288 5238 519 5313 Longobardiain
529 5239 588 5296 iooo
597 5238 644 5312 qui
654 5238 756 5297 dicitur
765 5238 922 5314 carpineta,

125 5330 261 5391 Kalendis
274 5333 378 5403 biartii,
391 5332 448 5389 ind.
465 5347 518 5390 xv.

383 5435 558 5494 aristote
582 5437 659 5495 xiv,

355 5551 700 5611 inconsentiens.

428 5632 619 5705 (sonorem.)

78 5758 89 5775 ω
122 5732 162 5790 Ne
177 5732 299 5805 deinceps
314 5737 345 5789 irs
358 5738 509 5807 episcopum
522 5740 652 5808 recipiunt
669 5740 814 5796 liebertum
828 5741 921 5812 perp'u·

1009 449 1102 517 piretus
1111 449 1155 509 sit,
1176 448 1245 517 ipse,
1258 461 1346 502 omues
1355 447 1474 515 remores
1494 444 1598 516 ejusce
1613 448 1775 503 consentiae·

1009 523 1059 582 tes,
1071 520 1337 573 excommunicentur.

1010 611 1186 669 Gnnonnrus
1200 610 1353 684 episcopm,
1368 625 1464 668 servus
1481 626 1625 667 servornm
1640 609 1702 676 Dei,
1715 610 1775 667 uni-

975 720 1055 762 verso
1065 704 1138 762 ciero
1150 712 1179 760 et
1191 704 1292 777 populo
1305 704 1482 762 cemorensis
1496 703 1635 769 Ecclesiae,
1653 703 1774 763 salutem

975 806 1004 856 et
1017 798 1196 871 apostolicam
1207 796 1435 855 benedictionem.

1010 894 1176 966 Quanquam
1197 890 1226 948 id
1247 892 1338 964 ipsum
1353 892 1387 948 ad
1402 907 1482 959 aures
1496 900 1600 949 vestras
1618 890 1776 965 pervenisse

975 985 1129 1053 credanms,
1144 993 1251 1053 tamen,
1265 993 1297 1041 ut
1305 984 1380 1041 nulia
1394 985 1466 1041 inter
1478 1000 1527 1043 vos
1541 984 1639 1042 diversi
1653 986 1776 1042 nemoris

975 1088 1023 1136 aut
1036 1079 1171 1152 opinionis
1180 1078 1312 1136 dissensio
1330 1094 1441 1136 causam
1450 1078 1500 1136 Dei
1520 1077 1653 1153 impedire
1675 1078 1775 1149 valeat,

976 1181 1141 1245 presentem
1155 1172 1298 1245 epistolam
1313 1172 1391 1230 robis
1402 1172 1543 1229 notificare
1557 1173 1672 1246 dignum
1696 1171 1776 1230 duxi·

976 1282 1049 1336 mus,
1071 1266 1145 1340 quod
1168 1266 1307 1324 Robertus
1328 1265 1488 1334 monachus,
1501 1266 1547 1340 qui
1567 1265 1713 1323 ecclesiam
1732 1280 1776 1322 ve·

976 1369 1062 1418 stram
1082 1359 1199 1417 nefanda
1212 1359 1362 1416 ambitione
1375 1360 1524 1432 occupavit,
1535 1357 1564 1417 in
1571 1359 1686 1417 terribili
1695 1360 1775 1433 eulpa

976 1453 1084 1527 perjurii
1106 1469 1136 1510 se
1148 1453 1288 1525 obligavit,
1307 1469 1371 1509 cum
1385 1453 1572 1526 episcopatum
1595 1453 1674 1510 ittam
1699 1451 1774 1510 band

975 1547 1058 1604 dubie
1072 1562 1088 1604 a
1108 1554 1202 1603 nostro
1213 1546 1302 1619 legato
1315 1546 1503 1603 commonitus
1515 1545 1595 1618 (sicut
1612 1562 1697 1619 supra
1711 1562 1774 1604 eor·

977 1656 1028 1713 pus
1042 1639 1111 1696 beati
1127 1640 1197 1696 Petri
1217 1640 1405 1713 apostolorum
1419 1641 1549 1713 principis
1558 1640 1711 1713 juraverat)
1733 1638 1774 1696 di·

939 1741 964 1807 Β
979 1734 1088 1790 mittere
1098 1733 1196 1802 noluit,
1210 1741 1237 1789 et
1250 1733 1301 1789 alia
1320 1749 1382 1806 quae
1395 1734 1422 1790 in
1436 1732 1533 1789 eodem
1544 1741 1721 1790 sacramento
1736 1741 1775 1790 te·

979 1828 1114 1884 nebantur
1126 1825 1246 1900 infregit.
1272 1825 1355 1884 Unde
1373 1827 1521 1899 apostolica
1541 1842 1589 1884 ros
1608 1826 1775 1884 auctoritate

979 1936 1126 1977 monemus
1140 1930 1231 1994 atque
1255 1920 1442 1993 praecipimus,
1466 1930 1497 1977 ut
1526 1935 1590 1977 eum
1617 1921 1776 1978 nullatenus

978 2014 1106 2087 deinceps
1120 2030 1169 2085 pro
1187 2014 1315 2087 episcopo
1328 2023 1378 2070 aut
1390 2012 1503 2070 domino
1514 2013 1647 2084 babeatis,
1661 2030 1716 2071 nec
1729 2016 1777 2072 aii·

979 2125 1062 2183 quam
1097 2107 1146 2165 sibi
1171 2106 1355 2164 obedientiam
1385 2107 1426 2165 vel
1454 2106 1595 2163 servitium
1614 2106 1775 2167 exhibeatis.

978 2205 1081 2260 Verum
1109 2217 1144 2259 ns
1164 2201 1282 2259 Ecclesia
1301 2200 1346 2257 illa
1365 2200 1468 2257 ditibus
1488 2200 1545 2257 sine
1566 2209 1674 2273 pastore
1688 2217 1776 2259 rema-

978 2304 1052 2363 neat,
1068 2296 1108 2351 vel
1128 2296 1256 2352 introitus
1279 2295 1338 2367 ejus
1358 2294 1519 2351 Simoniactc
1537 2294 1710 2366 subreptioni
1733 2296 1776 2353 ui-

978 2389 1063 2447 terius
1087 2397 1187 2462 pateat,
1201 2388 1297 2445 eadem
1323 2388 1486 2445 auctoritate
1504 2387 1583 2445 vobis
1600 2389 1776 2463 precipimus

979 2492 1019 2553 ut,
1033 2481 1357 2555 praemissisorationibus
1366 2490 1447 2554 atque
1456 2480 1584 2539 triduano
1590 2482 1699 2556 jejunio
1711 2500 1777 2541 eum

978 2576 1170 2650 eleemosynis,
1183 2592 1233 2649 pro
1245 2575 1344 2632 nullius
1356 2575 1457 2631 timore
1464 2575 1510 2632 vel
1523 2577 1625 2649 gratia,
1636 2592 1689 2650 pro
1701 2577 1776 2635 nulla

978 2687 1100 2744 unquam
1114 2670 1256 2728 occasione
1271 2668 1499 2741 praetermittatis,
1512 2670 1577 2742 quin
1594 2670 1676 2727 talem
1700 2672 1776 2729 vobis

978 2765 1006 2821 in
1031 2766 1188 2838 episcopum
1202 2764 1317 2836 eligatis,
1334 2763 1382 2834 qui
1398 2778 1454 2819 non
1466 2763 1574 2820 aliunde
1593 2764 1663 2820 sicut
1690 2764 1734 2823 lur
1749 2774 1777 2823 et

978 2859 1058 2926 latro,
1073 2858 1121 2914 sed
1131 2875 1178 2931 per
1190 2857 1291 2914 o‘stium
1305 2858 1409 2913 intrans
1424 2864 1515 2928 pastor
1525 2858 1619 2914 ovium
1636 2860 1730 2916 vocari
1748 2869 1776 2918 et

978 2967 1038 3008 esse
1052 2950 1151 3007 debeat
1168 2954 1253 3017 (Joeo.
1266 2956 1309 3009 xi
1328 2949 1399 3007 liiud
1410 2950 1486 3007 enim
1508 2951 1620 3021 scitote,
1640 2954 1776 3026 quonism

978 3060 1003 3102 sr
1018 3044 1079 3119 quis
1101 3043 1134 3101 ad
1155 3043 1247 3101 sedem
1267 3044 1341 3101 illam
1365 3052 1458 3102 eontra
1481 3046 1602 3118 regulam
1616 3056 1777 3107 sanctorum

978 3141 1091 3196 Petrum
1115 3139 1288 3210 aspiraverit,
1312 3139 1403 3211 ipsum
1416 3146 1444 3195 et
1465 3154 1562 3196 omnes
1583 3141 1705 3200 fautores
1718 3144 1777 3217 ejus

978 3234 1020 3290 vei
1033 3234 1060 3290 in
1073 3248 1105 3290 ea
1117 3248 1147 3288 re
1159 3232 1362 3289 consentientes
1371 3233 1521 3306 apostolica
1538 3250 1653 3294 cemma
1668 3246 1699 3294 et
1710 3255 1777 3297 ann-

977 3326 1106 3384 tbematis
1120 3326 1208 3401 gladio
1226 3325 1370 3396 feriemus,
1383 3335 1411 3384 et
1421 3342 1437 3383 a
1449 3342 1565 3400 corpore
1578 3330 1663 3388 totins
1680 3334 1776 3391 Eccle-

978 3420 1026 3479 site
1035 3421 1203 3478 decidemus.
1227 3421 1399 3494 Quapropter
1418 3430 1585 3479 mementote
1597 3424 1673 3495 quod
1691 3442 1778 3486 nemo

978 3531 1029 3590 pro
1042 3515 1120 3573 vobis
1141 3530 1245 3588 passus,
1258 3530 1341 3571 nemo
1364 3531 1413 3587 pro
1429 3515 1505 3572 vobis
1519 3525 1710 3588 mortuusest,
1722 3520 1777 3580 nisi

978 3608 1118 3677 Christus,
1140 3609 1218 3682 eujus
1236 3607 1390 3665 libertatem
1407 3608 1479 3665 sicut
1495 3609 1583 3666 dilecti
1598 3611 1644 3667 lilii
1668 3614 1721 3671 Dei
1734 3622 1776 3671 te·

977 3709 1073 3760 nentes
1083 3710 1110 3758 et
1122 3701 1309 3767 defendentes,
1328 3702 1427 3775 jugum
1448 3701 1651 3776 iniquitatisaut
1664 3705 1778 3781 aliquod

977 3795 1132 3853 dominium
1155 3793 1190 3851 ad
1204 3795 1383 3868 perditionem
1396 3795 1549 3853 animarum
1561 3806 1715 3856 vestrarum
1728 3816 1777 3858 vo

978 3889 1019 3947 bis
1036 3888 1140 3961 imponi
1153 3889 1308 3946 nullatenus
1325 3888 1473 3960 patiamini,
1488 3890 1605 3947 scientes
1619 3892 1695 3966 quod
1708 3910 1778 3952 nun·

977 4000 1061 4056 quam
1074 3983 1152 4039 robis
1165 3982 1194 4038 in
1207 3980 1260 4038 bac
1273 3997 1354 4039 causa
1367 3982 1516 4055 apostolica
1527 3983 1613 4041 deerit
1626 3987 1778 4047 auctoritas

976 4082 1004 4131 et
1016 4072 1147 4130 defensio.

1012 4165 1083 4219 Data
1095 4161 1256 4235 Carpinetae,
1277 4168 1373 4234 quarto
1398 4163 1491 4220 Nonas
1504 4162 1605 4233 Martii,
1625 4164 1778 4227 indictione

976 4252 1195 4323 decimaquinta.

1248 4346 1424 4402 aristote
1442 4348 1505 4402 XV.

938 4463 966 4528 D
979 4456 1021 4499 AD
1033 4453 1208 4498 ntcrtmttrt
1216 4453 1492 4498 ARCHIBPISCOPU!
1498 4455 1711 4513 ΒΕΝΟΙΒΜΒΙ,
1720 4454 1775 4504 θῙθ.

1264 4532 1356 4603 (Anno
1383 4537 1472 4600 1077.)

982 4632 1016 4685 tit
1028 4630 1057 4683 tn
1078 4628 1187 4686 lioberli
1199 4628 1409 4683 locumoliumo
1430 4631 1498 4684 ciero
1513 4635 1539 4684 et
1556 4630 1658 4700 populo
1677 4633 1777 4690 como

1014 4701 1084 4756 tensi
1107 4702 1231 4754 ecuom'ce
1248 4699 1398 4767 eliqeudum
1413 4704 1600 4764 curcumitu
1622 4705 1775 4775 episcopum

1013 4777 1177 4835 mosecrmt3
1205 4773 1229 4825 et
1250 4768 1373 4825 eumdem
1404 4771 1547 4826 bobertum
1574 4788 1605 4826 oc
1636 4776 1774 4845 liuqonem

1012 4845 1127 4968 [retem
1146 4842 1304 4912 compellam
1327 4844 1467 4897 restituere
1478 4858 1538 4914 quo
1557 4846 1671 4902 ecclesio
1686 4847 1774 4904 obsto

1054 4930 1090 4969 un

1012 5006 1601 5078 Gnnooarusepiscopus,servusservcrum
1609 5010 1775 5077 ueterem·

977 5115 1021 5154 nro
1043 5096 1196 5155 senonensi
1214 5093 1416 5168 archiepiscopo
1435 5106 1462 5154 et
1482 5098 1648 5171 coepiscopis
1670 5098 1775 5158 suffra-

977 5190 1071 5263 ganeis
1083 5190 1153 5262 ejus,
1179 5195 1290 5257 excepto
1303 5202 1336 5243 eo
1347 5188 1393 5259 qui
1408 5188 1569 5248 interdictus
1581 5198 1634 5261 est,
1656 5191 1774 5251 salumin

976 5287 1005 5337 et
1016 5277 1195 5352 apostoticam
1206 5274 1433 5336 benedictionem.

1011 5370 1075 5425 Non
1107 5367 1230 5439 ignorare
1261 5364 1400 5424 credimus
1425 5367 1621 5428 fraternitatem
1653 5380 1775 5431 vestram

976 5456 1074 5531 quibus
1095 5456 1129 5513 de
1143 5456 1232 5512 causis
1244 5457 1400 5515 Robertum
1424 5460 1600 5526 monachum,
1627 5460 1774 5535 aliquando

975 5545 1079 5603 dictum
1092 5545 1288 5603 (lamotensem
1303 5547 1474 5619 episcopum,
1487 5548 1523 5605 ab
1547 5549 1694 5623 episcopali
1707 5548 1776 5609 sede

975 5642 1002 5693 et
1028 5632 1119 5690 ofdcio
1142 5634 1271 5692 canonica
1293 5645 1322 5693 et
1337 5636 1483 5708 apostolica
1511 5653 1625 5695 censura
1645 5639 1775 5710 paravit,

974 5737 1129 5796 quanquam
1156 5722 1245 5780 adbuc
1266 5723 1390 5780 eamdem
1406 5724 1499 5783 sedem
1523 5725 1558 5783 ad
1580 5725 1774 5786 confusione!

158 5817 219 5861 rum
236 5810 263 5859 et
284 5807 479 5877 Simom'ccum,
492 5814 560 5865 erut
573 5810 658 5865 olium
670 5811 818 5881 ieqitimum
826 5818 921 5885 poeto·
973 5828 1065 5886 sunm,
1081 5821 1176 5873 onuba
1187 5824 1389 5876 sacramentum
1399 5815 1474 5890 quod
1489 5832 1573 5890 supra
1584 5832 1685 5890 corpere
1697 5816 1775 5877 beau

213 6080 249 6103 k
