3870 6164
132 262 185 321 l'ld
517 286 520 291 ·
691 269 792 327 LIBER
810 270 977 341 Quantus.
996 302 1032 315 -
1050 272 1155 331 arisi.
1174 274 1227 332 XX.
1729 288 1781 346 itt

135 398 163 447 ct
173 398 299 464 exparte
312 396 402 449 restra
416 388 594 464 confirmare,
603 395 755 467 apostolica
767 398 934 455 auctoritate
946 398 974 466 Α
988 400 1031 473 gis
1044 398 1136 458 debita
1145 416 1201 457 non
1214 410 1338 474 accusat,
1353 418 1404 476 pro
1417 403 1472 462 bac
1485 406 1515 462 ln
1525 406 1647 479 capitulo
1660 407 1781 469 fratrum

135 485 325 557 praecipimus.
984 495 1124 551 claustrali
1138 494 1284 569 disciplina
1299 506 1465 569 consotient,
1480 508 1508 557 et
1522 502 1684 574 punitentia
1698 506 1783 563 rasti·

172 580 248 635 Data
262 578 434 651 bibianello,
447 580 556 641 decimo
572 582 717 645 Kalendas
726 585 847 661 Aprilis,
860 587 933 646 iudi·
984 598 1092 663 gatum,
1111 590 1141 645 in
1156 591 1319 648 societatem
1333 590 1452 650 fratrum
1470 593 1505 650 ad
1526 597 1670 667 proprium
1689 597 1782 657 locum

134 673 229 732 atione
243 673 351 735 decima
371 676 479 748 quinta.
985 699 1050 740 uam
1063 683 1199 742 charitate
1210 684 1295 759 recipi
1309 684 1407 743 facias.
1422 688 1473 744 Est
1486 696 1514 745 et
1528 688 1581 746 alia
1597 706 1680 749 causa
1696 708 1783 766 mam

422 788 597 847 EPISTOLA
614 791 681 848 XX.
983 794 1049 834 uam
1064 780 1142 835 omni
1156 778 1343 836 sollicitudine
1355 788 1384 837 te
1397 782 1536 856 suscipere
1551 792 1579 840 et
1591 800 1722 858 peragere
1733 801 1782 847 ra-

181 906 224 950 p„
243 907 423 952 mmm
441 910 616 955 mmm
634 911 892 958 mmmm
985 872 1086 939 lumus,
1104 872 1231 929 videlicet
1244 872 1364 931 duorum
1381 872 1501 933 fratrum
1515 880 1677 936 monasterii
1691 882 1782 938 sancti

432 1002 522 1066 (Anno
546 1006 638 1071 ¹077.)
984 968 1117 1040 Remigii,
1136 966 1253 1024 uobeui
1266 975 1295 1025 et
1307 967 1462 1039 lamberti,
1486 970 1535 1044 qui
1549 986 1580 1030 se
1592 972 1628 1028 ab
1646 973 1785 1048 archiepis

139 1102 290 1159 mmm
314 1102 458 1172 quandam
476 1104 510 1157 ab
535 1104 731 1177 mmmm
748 1110 930 1164 Remm-
985 1076 1069 1133 scopo
1084 1059 1190 1118 idcirco
1211 1063 1481 1133 excommunicatos,
1499 1072 1539 1134 et,
1560 1076 1697 1124 excaecato
1709 1083 1780 1141 quo-

170 1176 408 1242 wmmmgmgum‚
420 1179 447 1228 ,g
461 1191 478 1228 a
491 1190 519 1230 ,3
533 1177 584 1231 ,ug
597 1179 703 1233 camp,
717 1178 881 1243 absolutum,
897 1180 932 1235 ab
985 1156 1051 1213 dam
1061 1152 1146 1212 fratre
1156 1171 1254 1213 eorum
1268 1155 1350 1225 laico,
1359 1158 1439 1213 omni
1454 1158 1568 1215 miseria
1578 1161 1782 1219 circumuentos

168 1246 384 1315 archiepiscopo,
408 1247 435 1300 si
455 1247 533 1316 eulpa
555 1251 700 1317 samiera,
723 1249 825 1304 absolui
842 1252 930 1321 jubet.
984 1264 1045 1306 esse
1059 1248 1156 1305 dieunt
1179 1250 1335 1323 :quoniam
1350 1249 1463 1308 suidam
1485 1259 1617 1309 extraneo
1632 1253 1725 1311 abbati
1739 1254 1783 1312 in·

170 1316 930 1457 fflmlwgffsfm'llssuffissatvffs‘ggffiag’ggffi
983 1350 1111 1399 tereentu
1122 1344 1256 1415 pecuruer,
1270 1350 1299 1400 et
1312 1344 1429 1401 omnino
1440 1352 1537 1402 contra
1552 1346 1676 1417 regulam
1691 1347 1781 1403 sandi

169 1458 269 1515 Mem
283 1463 475 1528 quomam
489 1428 607 1515 A'wm
621 1463 764 1531 quemdam
775 1410 932 1520 camme&
983 1434 1127 1493 Benedicti
1141 1438 1376 1494 etauctoritatem
1390 1446 1556 1496 sauctorum
1569 1441 1696 1509 Petrum,
1711 1440 1783 1497 indi·

169 1529 305 1595 ebsotuot3
320 1530 457 1584 maumites
468 1530 562 1587 Sancti
577 1534 729 1601 bimberti,
741 1536 791 1605 qui
802 1540 931 1591 entrance
984 1545 1038 1601 gne
1051 1530 1104 1585 illis
1117 1538 1144 1587 et
1154 1530 1270 1601 praefato
1284 1535 1454 1589 monasterio
1468 1548 1520 1603 pro
1534 1532 1635 1589 abbate
1649 1534 1781 1605 appesito

170 1600 861 1730 mffrb‘effiffluaffiufflffmlfflm
872 1622 931 1732 5⁸51*
984 1622 1111 1687 obedire,
1140 1631 1168 1679 et
1181 1623 1233 1680 sub
1247 1624 1305 1697 eJus
1328 1625 1464 1697 regimine
1477 1624 1505 1679 in
1527 1623 1628 1681 endem
1652 1625 1782 1683 coenobio

169 1742 368 1805 ,mmm-m,
381 1712 448 1812 (3145,
459 1743 622 1799 simoniam
629 1751 655 1801 e,
664 1691 930 1815 &immi-332}
985 1730 1099 1773 manere
1113 1716 1254 1773 noluerint
1276 1736 1283 1773 ι
1300 1732 1352 1774 nec
1374 1718 1404 1773 in
1417 1716 1462 1774 his
1484 1717 1614 1775 omnibus
1628 1717 1781 1792 quidquam

169 1813 302 1869 celebrare
317 1829 371 1868 nou
390 1814 485 1869 debere
498 1821 637 1879 assereret,
660 1821 875 1888 excommunicet,
894 1835 931 1877 sp
943 1804 968 1868 B
983 1809 1025 1866 eis
1038 1808 1172 1882 profuisse
1183 1827 1233 1884 pro
1246 1810 1411 1868 confusione
1422 1811 1596 1878 monasterii,
1607 1819 1640 1868 et·
1650 1810 1780 1870 habenda

169 1901 218 1955 ΨΜ
236 1886 359 1940 EM&
373 1885 478 1954 Metam
492 1888 647 1943 ministrum
661 1888 795 1946 wdibffll·
980 1903 1065 1976 justae
1081 1902 1251 1961 defensionis
1265 1919 1324 1962 suae
1341 1904 1508 1973 lieentia,ad
1522 1904 1694 1961 audientiam
1707 1905 1782 1963 sedis

168 1992 343 2050 (lanceatus
354 1995 510 2063 episeopus,
528 2009 623 2051 servus
634 2012 778 2053 seruorum
792 1999 855 2069 Dei,
873 2002 931 2056 ios
985 1997 1143 2070 apostolieae
1158 1998 1352 2070 proclamasse.
1370 1998 1483 2068 Quodsi
1495 1998 1535 2056 ita
1551 2007 1604 2069 est,
1616 2015 1703 2070 quam
1716 2014 1780 2072 gra·

138 2099 234 2143 saeuo
257 2087 440 2147 Parislacensi
455 2088 597 2159 episcopo,
616 2090 778 2147 salutemet
799 2094 930 2163 apostoli·
984 2092 1055 2147 riter
1070 2090 1298 2163 archiepiscopus
1311 2092 1340 2147 in
1359 2092 1412 2148 hac
1425 2107 1518 2162 causa,
1536 2092 1659 2148 maxime
1672 2091 1707 2149 da
1718 2107 1783 2148 con·
1809 2128 1812 2133 -

137 2194 195 2237 mm
219 2178 451 2237 benedictionem.
983 2192 1091 2258 temptu
1109 2186 1268 2256 apostoliaae
1282 2185 1468 2255 auctoritatis,
1482 2200 1511 2242 se
1523 2184 1689 2256 culpabilem
1707 2183 1780 2242 fece·

168 2274 218 2331 Vir
237 2274 289 2330 iste
307 2272 435 2331 videlieet
452 2277 631 2347 praesentium
655 2279 774 2349 portitor
789 2280 930 2346 walterus
983 2279 1031 2349 rit,
1046 2286 1076 2333 tu
1091 2279 1148 2351 ipse
1159 2277 1329 2351 perpendere
1347 2286 1437 2352 potes.
1455 2280 1633 2352 Quapropter
1644 2277 1679 2335 ds
1692 2279 1735 2333 bis
1752 2284 1781 2335 et

136 2365 168 2423 de
180 2369 279 2424 Duaco
301 2366 336 2424 ad
350 2382 402 2424 nos
421 2369 543 2438 veniens,
566 2370 661 2426 multis
681 2359 933 2443 supplicationibus
983 2370 1017 2429 de
1031 2372 1128 2428 multis
1142 2372 1204 2429 aliis
1222 2372 1338 2445 aptioris
1353 2372 1405 2428 loci
1424 2380 1452 2429 et
1464 2372 1598 2444 temporis
1611 2372 1779 2444 opportuni-

137 2460 213 2517 nobis
230 2461 349 2529 institit,
370 2470 510 2534 quaetenus
521 2463 547 2518 ei
568 2479 616 2534 per
636 2464 797 2536 apostolicae
819 2466 929 2538 pietatis
982 2473 1070 2521 tatem
1081 2464 1266 2522 conveniendi
1280 2481 1355 2534 etam,
1367 2468 1428 2523 Deo
1443 2466 1605 2534 auxiliante,
1619 2463 1782 2537 praestolan-

137 2552 356 2611 misericordiam
369 2556 517 2612 consilium
530 2555 716 2615 absolutionis
730 2568 828 2616 nostro
840 2561 929 2616 inter·
982 2566 1034 2625 tes,
1045 2557 1112 2616 illud
1122 2557 1158 2615 ad
1169 2574 1290 2631 praesens
1303 2567 1360 2615 tuae
1370 2557 1555 2616 fraternitatis
1564 2560 1780 2627 committimus,

136 2656 214 2705 reatu
224 2648 451 2720 impenderemus
460 2652 533 2722 apud
540 2649 710 2707 confratrem
722 2653 930 2711 nostrumlihe-
982 2660 1010 2708 et
1024 2652 1175 2722 apostoliea
1188 2653 1353 2708 auctoritate
1367 2653 1555 2724 praeeipimus,
1566 2661 1598 2708 ut
1610 2668 1685 2723 eum,
1699 2654 1778 2710 omni

137 2756 259 2800 mensem
280 2740 529 2815 arehiepiscopum,
549 2746 597 2816 qui
616 2760 680 2801 eum
704 2748 930 2805 excommunica·
984 2746 1130 2802 occasione
1143 2752 1266 2814 minata,
1282 2745 1450 2801 sententiam
1465 2744 1778 2815 excommunicationis,

136 2844 208 2892 terat
224 2853 233 2892 r
248 2834 376 2893 indicans
387 2837 469 2893 uobis
482 2838 557 2911 quod
572 2837 703 2895 decanea
718 2847 929 2914 propterquam
984 2856 1068 2914 quam
1078 2840 1109 2895 in
1118 2838 1248 2911 praefatos
1259 2838 1413 2895 monachos
1427 2840 1550 2911 pretulit,
1567 2840 1691 2895 relaxare
1700 2855 1779 2897 eom·

135 2930 393 2986 excommunicatus
405 2931 441 2987 sit
458 2932 621 2988 multotiens
642 2930 677 2989 ud
698 2931 929 3004 disceptationem
968 2940 1112 3002 'nroneas,
1127 2941 1155 2990 et
1171 2948 1218 2989 eos
1231 2930 1360 3003 deinceps
1374 2932 1435 2989 sine
1456 2932 1533 2988 ontui
1555 2930 1733 2990 infestatione
1752 2942 1780 2991 et

136 3031 162 3079 et
179 3022 340 3081 faciendam
356 3022 497 3096 justitiam
521 3034 587 3082 ante
612 3028 930 3085 excommunicationem
982 3026 1104 3100 periculo
1116 3028 1146 3083 in
1159 3042 1225 3099 pace
1238 3040 1353 3083 manere
1364 3024 1488 3081 dimittat
1501 3044 1508 3081 ε
1521 3040 1740 3098 recognoscens,
1753 3033 1781 3083 ct

136 3125 162 3174 et
179 3124 245 3190 post
264 3120 583 3176 excommunicationem
598 3136 627 3177 se
641 3129 770 3193 paratum
786 3121 926 3180 obtulerit.
983 3121 1097 3191 superni
1106 3119 1207 3193 iudicis
1213 3118 1351 3194 judicium
1366 3120 1469 3176 timens
1482 3118 1557 3192 quod
1574 3120 1614 3175 eis
1624 3127 1704 3175 tanta
1717 3134 1779 3176 ma-

135 3214 247 3282 torum,
262 3212 327 3285 quia
337 3211 467 3298 relationi
478 3228 535 3271 suae
547 3215 608 3271 sine
619 3215 743 3288 legitima
758 3214 929 3274 discussione
944 3172 966 3234 C
983 3215 1010 3272 la
1026 3215 1086 3270 sine
1105 3213 1303 3272 deliberatione
1311 3214 1428 3287 justitiae
1445 3213 1496 3270 sub
1510 3212 1692 3287 appellatione
1715 3228 1782 3286 apo·

134 3304 244 3363 umere
266 3320 326 3363 non
340 3306 407 3363 satis
428 3314 543 3363 cautum
558 3316 606 3363 aut
626 3309 793 3366 rationabile
818 3312 930 3381 putaui·
983 3307 1086 3365 stolieae
1100 3307 1174 3365 sedis
1187 3306 1291 3364 fecerit.
1306 3308 1336 3365 Si
1347 3322 1412 3364 vero
1426 3323 1492 3364 eum
1503 3307 1534 3362 in
1547 3305 1601 3363 hac
1615 3322 1645 3364 rs
1658 3322 1709 3380 pro
1728 3322 1779 3363 sua

135 3414 204 3469 nius,
223 3398 373 3456 delinitam
392 3400 562 3457 sententiam
591 3417 642 3474 pro
669 3401 728 3474 ejus
754 3402 929 3461 absolutione
982 3400 1173 3474 magnitudine
1193 3408 1221 3457 et
1246 3399 1362 3456 arbitrio
1384 3399 1622 3457 contradicentem
1638 3408 1666 3456 et
1685 3400 1780 3456 minus

134 3490 195 3549 dare
207 3491 365 3562 noluimus,
380 3508 444 3549 eam
462 3494 639 3552 solummodo
659 3496 881 3553 misericordiam
897 3513 929 3554 er
983 3494 1160 3552 obedientem
1175 3492 1322 3563 inveneris,
1337 3493 1437 3566 tuipse
1449 3492 1535 3550 fultus
1549 3500 1645 3549 nostra
1659 3493 1780 3550 auctmi·

134 3586 219 3658 gratia
229 3592 259 3642 et
273 3583 447 3659 indulgentia
461 3587 652 3659 apostolorum
667 3590 741 3645 Petri
751 3597 780 3645 et
790 3589 879 3659 Pauli,
894 3590 929 3649 ad
981 3596 1039 3645 tate
1056 3603 1104 3644 eos
1122 3588 1259 3654 absolvas,
1273 3594 1302 3644 et
1316 3585 1449 3644 abbatem
1462 3586 1553 3656 illum,
1569 3587 1617 3661 qui
1630 3585 1778 3660 praefatnm

134 3693 252 3750 quornm
270 3678 369 3735 limina
394 3680 536 3750 veniebat,
558 3681 610 3737 sibi
633 3680 838 3754 concedentes,
853 3692 884 3739 ut
899 3685 929 3740 in
982 3682 1185 3738 monasterium
1199 3681 1289 3737 sancti
1300 3681 1421 3754 Remigii
1433 3678 1555 3737 nefanda
1566 3678 1720 3737 ambitione
1735 3695 1780 3737 oe-

135 3770 222 3829 eundo
244 3778 274 3829 et
297 3770 438 3829 redeundo
457 3788 544 3831 sacrae
561 3776 769 3833 communionis
786 3775 928 3835 licentiam
982 3790 1094 3847 cupasse
1109 3773 1220 3844 dieitur,
1236 3774 1272 3831 ita
1288 3788 1483 3844 commoneas,
1498 3782 1529 3831 ut
1543 3781 1592 3831 aut
1612 3774 1640 3829 in
1658 3772 1780 3847 partibus

136 3864 255 3937 baberet,
272 3880 361 3938 usque
374 3866 405 3921 in
416 3874 547 3923 oetamm
562 3866 637 3925 diem
656 3878 806 3943 postquam
825 3870 929 3928 rediret
982 3868 1034 3925 illis
1049 3866 1179 3924 confratri
1194 3876 1290 3924 nostro
1304 3867 1414 3941 Hugoni
1435 3865 1584 3925 venerabili
1606 3866 1699 3923 Diensl
1719 3866 1776 3940 epi·

134 3956 311 4031 adpatriam.
322 3960 519 4029 centenimus
533 3959 638 4017 diritius
649 3963 741 4034 aliqua
755 3964 868 4037 indigna
885 3980 930 4022 oc·
982 3977 1077 4035 scope,
1097 3962 1140 4019 cui
1155 3961 1227 4019 vices
1247 3970 1357 4018 nostras
1376 3961 1578 4032 commisimus,
1598 3970 1647 4017 aut
1659 3960 1719 4017 aliis
1737 3959 1778 4016 le-

133 4054 242 4109 tatione
261 4050 315 4109 surb
337 4054 636 4110 excommunicationis
655 4057 771 4112 nexibus
789 4064 928 4128 teneatur,
982 4056 1050 4129 gatis
1064 4055 1175 4121 nostris,
1190 4055 1213 4111 si
1232 4070 1281 4113 eos
1294 4054 1322 4111 in
1337 4054 1424 4112 Gallia
1437 4053 1575 4129 synodum
1594 4053 1779 4111 celebraturos

134 4146 284 4218 apostolica
295 4152 323 4203 te
339 4148 663 4205 auctoritatemauemus
677 4156 719 4216 ut,
733 4147 819 4205 fultus
830 4151 928 4208 bislit-
981 4149 1164 4222 cognoscerit,
1184 4164 1213 4206 se
1231 4156 1430 4223 repraesentare
1449 4164 1499 4221 pre
1513 4146 1650 4205 reddenda
1668 4146 1778 4204 ratione

133 4241 195 4297 teris
207 4238 326 4309 nostris,
341 4239 579 4313 arehiepiscopum
592 4242 739 4299 conuenire
751 4243 874 4313 studeas,
888 4252 926 4314 et,
980 4241 1022 4299 sui
1042 4242 1170 4299 introitus
1188 4242 1344 4299 nullatenus
1357 4241 1561 4314 pretermittat,
1575 4249 1624 4298 aut
1637 4239 1672 4297 ad
1686 4256 1737 4297 nos
1750 4240 1779 4296 in

134 4334 284 4407 perquisita
307 4347 339 4389 ac
353 4334 466 4406 cognita
486 4348 563 4389 mera
580 4333 661 4407 hujus
681 4336 786 4409 negotii
800 4337 925 4407 ueritate,
980 4334 1106 4408 proxima
1115 4334 1257 4392 isauriae
1270 4335 1395 4391 omniunt
1409 4334 1687 4390 sanctornmueniat:
1702 4349 1778 4390 com·

134 4425 219 4484 tiiste
233 4432 286 4483 aut
300 4440 350 4498 pra
365 4441 416 4482 sua
431 4426 590 4484 innocentia
607 4435 656 4484 aut
667 4443 798 4502 congus
819 4428 927 4487 satisfa-
981 4428 1092 4485 monitis
1114 4429 1198 4485 etiam
1223 4427 1353 4485 iratribus
1376 4426 1501 4501 ejusdcm
1525 4425 1704 4494 monasterii,
1730 4426 1777 4498 qui

135 4520 231 4577 monn
247 4518 420 4576 exhibitione
437 4518 490 4576 tibi
505 4519 687 4578 absolvendus
700 4522 847 4593 videbitur,
862 4538 928 4580 con·
942 4537 967 4600 Ι)
983 4520 1113 4579 adversus
1130 4537 1193 4578 eum
1207 4520 1242 4578 de
1256 4536 1339 4577 eausa
1357 4519 1456 4577 illicitae
1473 4516 1655 4593 subreptionis
1675 4531 1734 4575 sun
1749 4518 1778 4575 in

136 4612 207 4671 inno
226 4612 470 4686 archiepiscopum
485 4620 516 4669 ut
539 4629 603 4670 eum
623 4615 683 4671 sinc
705 4615 928 4675 contradictione
982 4614 1117 4673 abbatiam
1134 4622 1350 4687 conqueruntur,
1368 4620 1400 4670 ut
1417 4619 1446 4669 et
1466 4612 1515 4685 ipsi
1534 4609 1685 4669 secundum
1704 4626 1778 4685 pree·

138 4704 256 4767 abolem
278 4722 313 4763 ex
329 4714 425 4763 naara
447 4714 526 4779 parte
538 4722 743 4766 commoneas:
767 4709 853 4781 quisi
878 4710 928 4767 ali-
980 4709 1111 4781 scriptam
1123 4707 1346 4764 terminationem
1361 4704 1396 4762 ad
1410 4704 1612 4763 discutiendnm
1628 4704 1683 4762 boc
1695 4720 1778 4779 nego·

140 4812 184 4871 pta
198 4800 255 4858 boc
267 4800 446 4857 mensations
459 4802 597 4870 renuerit,
619 4809 651 4856 tu
671 4801 731 4874 ipse
746 4817 810 4859 eum
830 4812 927 4861 neura
979 4802 1050 4859 tium
1071 4816 1100 4858 se
1119 4808 1268 4874 praesentes
1288 4798 1446 4856 exhibeant.
1469 4802 1539 4857 item
1559 4798 1677 4856 relatum
1697 4799 1779 4857 nobit

142 4892 188 4953 titt
212 4893 358 4951 absolvere
385 4892 542 4951 nullatenus
570 4895 779 4966 pretermittas.
808 4898 837 4954 si
862 4912 927 4955 vero
980 4904 1023 4952 est
1036 4896 1248 4952 camaracenses
1261 4893 1402 4951 bominem
1421 4892 1572 4965 quemdam
1587 4892 1709 4950 flammis
1722 4901 1778 4950 tra·

143 4982 215 5044 mm
229 4987 354 5059 inculpa
368 5002 438 5056 esse,
458 4993 487 5042 et
503 4985 579 5060 quod
589 4986 699 5060 justum
718 4986 802 5045 buerit
815 4992 926 5063 exsequi
979 4986 1093 5058 didisse,
1107 5004 1140 5045 co
1158 4986 1235 5062 quod
1254 4987 1425 5045 simoniacos
1443 4994 1472 5043 et
1490 4985 1665 5060 presbyteros
1685 4985 1777 5043 forui-

144 5080 204 5137 tallc
221 5080 391 5145 constiterit,
415 5094 501 5152 usque
516 5079 551 5138 ad
564 5079 682 5153 diguam
702 5079 925 5141 satisfactionem
979 5091 1085 5141 catores
1098 5081 1198 5139 missas
1218 5097 1274 5138 uon
1289 5079 1389 5137 debere
1406 5080 1557 5149 celebrare,
1576 5088 1604 5135 et
1622 5068 1695 5152 qiuod
1714 5079 1776 5137 illo·

145 5170 182 5227 ab
203 5172 508 5230 excommunicationis
528 5174 637 5231 vinculo
662 5176 799 5232 coarctari
826 5175 926 5233 debere
978 5192 1042 5233 rum
1053 5174 1177 5233 officium
1190 5175 1305 5231 minime
1319 5171 1521 5245 suscipiendum
1533 5171 1615 5239 foret,
1630 5172 1776 5231 ‹liceretu-

145 5256 314 5323 lsermmns.
329 5268 465 5323 Praeterea
475 5271 534 5323 Ata
548 5266 663 5339 quidam
678 5269 829 5326 canonicus
841 5270 926 5327 eccle-
978 5285 1026 5327 sus
1045 5268 1136 5327 luerit.
1159 5269 1240 5342 Quod
1261 5268 1323 5341 quia
1336 5266 1419 5324 uobis
1442 5265 1520 5323 valde
1542 5264 1676 5334 terribile,
1698 5273 1736 5336 et,
1751 5267 1776 5323 si

146 5352 276 5417 maneti
286 5360 381 5416 amati
392 5358 429 5417 de
438 5360 641 5431 praenominato
652 5360 790 5434 locn,pro
802 5362 925 5435 quodam
978 5377 1074 5420 rerum
1108 5370 1166 5432 est,
1199 5362 1279 5419 omni
1314 5360 1405 5433 rigore
1446 5358 1586 5416 canonicae
1622 5357 1774 5416 severitatis

146 5440 212 5519 fleta,
232 5454 299 5511 licet
312 5467 389 5522 sero,
402 5454 488 5510 nimis
508 5452 604 5511 leuiter
616 5462 645 5510 et
662 5455 844 5513 irreverenter
862 5472 925 5528 pro
977 5453 1371 5525 vindicandumessetidetur‚
1385 5452 1585 5511 fraternitatem
1599 5458 1676 5507 tuam
1696 5451 1774 5509 solll-

146 5534 197 5613 lttu,
211 5564 228 5603 a
243 5547 386 5605 consortio
401 5545 522 5605 fratruun
536 5562 566 5604 se
584 5547 703 5621 ejectum
717 5564 777 5606 esse
789 5550 920 5610 innotuit.
976 5549 1029 5607 cite
1042 5548 1123 5622 hujus
1136 5549 1177 5606 rei
1191 5549 1334 5606 ueritum
1349 5546 1489 5621 inquirere
1510 5545 1693 5604 admonemus
1709 5563 1717 5603 ε
1731 5551 1769 5613 et,

146 5628 217 5703 ditm
226 5640 357 5699 similiter
373 5641 530 5713 apostolice
543 5641 731 5699 miserationis
743 5641 922 5700 elementiam
976 5643 999 5702 si
1012 5659 1061 5701 eos
1080 5644 1115 5702 ad
1129 5650 1237 5700 mntem
1251 5642 1443 5700 crudelitatem
1464 5641 1563 5713 impias
1584 5654 1685 5695 manus
1707 5648 1772 5695 suat

143 5738 181 5797 pa
202 5746 249 5791 tua
275 5735 502 5793 mwnu'liatione
526 5735 726 5810 implorantem
748 5734 846 5793 itidem
868 5737 921 5794 tibi
976 5736 1130 5795 extendisse
1141 5736 1313 5810 cognoveris,
1328 5735 1362 5793 ab
1381 5734 1537 5792 inuoituet
1554 5729 1631 5788 amni
1645 5744 1772 5789 commu-
1864 5768 1873 5783 ..

139 5826 340 5899 cumeanus,
351 5834 385 5885 ut
395 5826 422 5887 ti
434 5828 488 5887 alia
501 5845 565 5893 eum
577 5829 659 5904 calpa
667 5828 843 5888 damnationi
857 5847 918 5889 ma·
973 5831 1055 5891 niune
1076 5830 1196 5890 mesiae
1216 5837 1346 5886 acueres
1359 5824 1459 5900 pariter
1480 5834 1508 5885 et
1528 5820 1675 5894 complices
1691 5820 1773 5897 buius
