3870 6164
482 218 656 277 EPISTOLAE
674 222 785 280 Exshh
802 222 995 283 budisslaus
1012 226 1201 283 VAGANTES.
1614 234 1666 293 'lle

116 350 159 393 uus
182 335 253 394 circa
272 335 374 395 festum
392 340 421 399 S.
440 342 552 401 loannis
575 345 714 419 napuras,
735 352 856 421 prouti
871 349 995 409 Roberto
1016 350 1230 425 bambergense,
1248 340 1413 423 quinorum
1431 354 1556 413 omnium
1571 366 1668 417 sueter

116 446 150 487 nu
167 446 201 488 eo
215 432 399 503 condiximus,
420 437 541 495 Feclesia
559 455 609 497 sua
629 440 664 498 ad
677 441 816 499 celebrau·
870 451 899 501 et
911 444 1038 503 incentor
1045 452 1099 503 est.
1114 447 1178 503 Eto
1192 445 1299 505 ιιιίιιιιιι
1309 446 1404 506 desem
1414 455 1443 506 et
1454 449 1595 509 socierum
1608 451 1668 525 eius

116 522 224 583 ilicium
244 525 320 583 illam
334 527 458 602 accipiat,
472 532 537 604 quia
552 534 630 592 valde
645 542 816 609 opportunus
868 537 977 597 iailaeis
1000 538 1067 597 satis
1089 538 1204 597 eductus
1223 538 1359 599 inissetisl
1387 542 1492 611 ilolite,
1506 542 1668 603 cbarissim

116 618 393 696 radoppngnandsm
401 625 611 698 provincialium
620 630 814 705 arrogantiam.
869 631 992 702 munus,
1016 632 1137 705 amplius
1148 630 1187 691 ad
1206 633 1366 693 irrisionem
1377 636 1467 695 murti
1485 637 1608 697 numium
1621 653 1668 695 re·

116 729 176 772 sem
191 723 285 772 antem
299 716 419 776 amioum
440 728 568 779 nosram
591 722 621 779 in
636 722 754 787 Christo,
769 724 816 799 qui
870 724 920 783 stri
933 724 1095 799 bnlrrsnrodi
1116 726 1241 785 homines
1258 728 1397 799 mulome,
1414 737 1520 804 etpost
1540 738 1598 789 tam
1610 729 1666 791 ire·

116 818 280 867 romontano
299 811 418 871 concilio
435 815 583 873 hamensis
603 817 732 875 missiae
745 819 818 877 maie
870 826 985 891 quentes
1008 819 1133 893 repulsas
1144 820 1245 879 iterum
1266 820 1399 883 ducemus
1415 824 1452 883 ab
1475 824 1516 883 eis
1532 838 1666 898 ιιιιιιιι.

116 902 187 961 itam
204 905 414 977 praeposituram
433 906 461 963 in
481 924 565 966 manu
585 919 683 969 nostra
697 911 812 981 dimisit,
870 911 1014 971 Adventus
1024 922 1116 972 vestm
1127 913 1162 971 ad
1176 931 1229 973 nos
1239 923 1349 975 mutum
1360 916 1521 977 nobum
1529 916 1668 977 desidere-

116 996 248 1055 sndamus
264 998 357 1071 gratias
379 1002 531 1061 sanctitatis
549 1013 656 1074 ιιιιιιι,
678 1007 750 1063 sicru
768 1022 816 1065 ce·
869 1004 934 1065 bilis
943 1014 1079 1081 qurntum
1091 1015 1120 1065 et
1136 1009 1317 1078 nummasius,
1338 1010 1388 1069 sed
1400 1026 1465 1069 rere
1478 1010 1581 1069 seimus
1600 1012 1667 1086 quie

116 1090 204 1148 sildei
215 1091 351 1150 sincerum
362 1093 537 1153 defensorem
550 1104 578 1154 ιι
584 1097 735 1157 domiuum
744 1102 816 1157 Bru·
869 1108 967 1172 monte
978 1099 1091 1159 illorum
1106 1100 1141 1159 ed
1151 1108 1262 1161 nasim
1274 1110 1368 1177 portes
1380 1118 1524 1179 nunqusm
1541 1102 1665 1173 venietis,

116 1186 279 1243 rhemensis
302 1185 479 1246 Ecclesiam
503 1190 577 1247 omni
591 1190 736 1250 honestate
759 1208 820 1250 ma
871 1193 1004 1253 uisieerti
1015 1194 1071 1253 sint
1084 1210 1134 1253 sos
1148 1196 1261 1254 illorum
1275 1195 1512 1270 prensaveram
1526 1204 1668 1271 prosper
1787 1224 1793 1231 ·

116 1294 139 1336 n
156 1279 239 1351 (ιιι).
256 1280 340 1353 Digni
352 1290 418 1338 sunt
433 1283 509 1340 enim
522 1285 630 1342 amboa
646 1287 732 1355 vobis,
748 1294 776 1344 et
788 1287 818 1343 in
871 1303 904 1345 oo
929 1289 1064 1363 :Ergosi
1083 1304 1140 1347 non
1161 1298 1273 1363 propter
1285 1306 1348 1361 nos,
1370 1299 1464 1349 umen
1486 1301 1599 1364 propter
1614 1290 1668 1349 ho·

116 1386 140 1430 se
151 1373 199 1431 Dei
211 1381 276 1430 sunt
289 1382 377 1432 vestra
391 1378 555 1435 anctoritate
565 1379 734 1449 confirmari,
750 1396 818 1455 quo·
872 1396 969 1439 norem
989 1380 1064 1441 sedis
1085 1382 1245 1456 apostolieae
1264 1384 1428 1443 eomrmste
1443 1383 1521 1458 quod
1538 1390 1669 1457 eperum

116 1466 178 1539 ligni
190 1466 277 1524 hahiti
288 1476 352 1525 suut
361 1485 410 1542 pro
420 1471 535 1528 nomine
544 1474 609 1530 Jesu
620 1474 817 1532 contumeliam
870 1484 913 1533 est
933 1474 1057 1549 eiusdem
1082 1475 1155 1535 sedis
1176 1476 1293 1551 legatus,
1311 1477 1349 1535 its
1368 1486 1403 1535 nt
1419 1476 1668 1551 einssmbiguitste

116 1560 218 1618 itideo
240 1563 413 1620 consultores
434 1562 594 1638 profuturos
611 1583 703 1625 musra
717 1570 769 1625 Dei
790 1577 818 1626 et
870 1566 1039 1627 denuntietis
1049 1569 1114 1643 quid
1129 1569 1157 1626 in
1168 1569 1220 1627 beo
1230 1570 1503 1629 Pedesiaedirisioue
1515 1569 1667 1629 emendam

116 1661 212 1711 atores
237 1655 408 1729 inpartibus
438 1658 561 1716 Franeiae
579 1659 739 1718 adhibeatis.
761 1666 816 1719 lte·
871 1662 916 1731 sit,
941 1662 1010 1736 qnid
1028 1663 1213 1737 sequendum
1232 1662 1309 1737 qnod
1332 1663 1357 1721 si
1371 1662 1538 1737 jamdudum
1561 1662 1668 1721 hemer

116 1747 465 1823 resauciuemmaonem
475 1769 528 1811 oon
531 1794 586 1811 .....
597 1755 746 1812 saeuam
764 1756 815 1812 ιιι.
830 1739 855 1802 u
871 1754 979 1826 mmet,
992 1756 1065 1814 rom
1076 1772 1139 1830 pars
1151 1757 1246 1831 iniqua
1257 1755 1329 1815 suso
1343 1756 1483 1830 janum
1496 1754 1667 1828 μιιιιιιιι,

116 1856 153 1898 em
176 1845 362 1916 sanguiscneli
375 1853 403 1902 et
406 1887 484 1903 .......
513 1846 626 1916 clamat,
646 1849 817 1906 auctoritatis
871 1850 1124 1908 ntnccnoblsnec
1137 1849 1327 1909 vobisnocere
1344 1849 1670 1923 premeresuogrmns

116 1938 246 2010 escripto
269 1938 367 1994 robora
373 1981 449 1996 .......
474 1940 525 1997 hos
542 1956 673 2013 rogamur
687 1944 817 1999 itemensi
871 1942 1004 2001 etiamne
1018 1944 1229 2003 inbreestetuta
1239 1942 1372 2001 mucules
1382 1942 1502 2001 deficere
1514 1940 1668 2015 patimini.

115 2029 150 2088 ias
175 2031 310 2088 destinate
314 2071 394 2091 .......
414 2050 494 2090 suam
521 2034 750 2103 satisfactionem,
770 2043 818 2092 aut
871 2044 904 2093 nt
917 2052 1032 2107 corpore
1045 2036 1362 2105 excommunicatorum,
1376 2036 1466 2108 quiin
1483 2035 1670 2108 persequme

116 2172 117 2177 ,
140 2124 313 2196 placit........
331 2135 377 2182 aut
395 2126 477 2184 uobis
497 2128 699 2201 suscipiendam
720 2129 816 2202 praeei-
872 2129 1021 2188 Ecclesium
1044 2130 1125 2189 ouda
1138 2139 1204 2188 sunt
1221 2130 1249 2187 iu
1270 2130 1350 2189 striis
1368 2128 1548 2187 ιιιιιιίιιιω
1559 2127 1670 2202 sepeliri

116 2217 319 2291 Quia...........
347 2221 660 2280 excommunicationem
685 2232 816 2293 vestram,
870 2239 928 2281 non
941 2224 1179 2297 permittatis;nbi
1202 2232 1299 2283 auum
1310 2223 1418 2297 sepulte
1431 2230 1507 2293 mut,
1518 2220 1614 2281 dirius
1625 2220 1670 2281 el·

132 2310 303 2383 inconsultis,
338 2315 459 2388 episcopi
494 2315 658 2375 electionem
684 2316 815 2374 lecerunt.
871 2316 933 2375 dein
946 2318 1078 2376 celebrari
1091 2318 1269 2392 prohibeatis.
1286 2317 1368 2376 idulti
1385 2332 1420 2375 es
1434 2317 1475 2375 eis
1496 2316 1525 2373 in
1545 2318 1670 2389 Αυμι

116 2404 190 2463 iilius
201 2415 290 2463 vester
303 2407 363 2481 jam
381 2408 498 2466 redisset
509 2409 544 2466 ad
558 2425 617 2480 sos,
630 2410 685 2466 nisi
702 2412 738 2469 ad
750 2427 817 2467 con·
870 2411 980 2469 civitate
992 2411 1093 2485 sepulti
1107 2419 1174 2469 sunt
1186 2429 1195 2468 r
1206 2409 1335 2485 ejusdem
1346 2409 1401 2467 loci
1414 2407 1672 2483 summallsnlhss

115 2499 174 2557 lum
188 2501 335 2559 concilium
352 2517 436 2559 rvsrr
450 2503 588 2561 Kalendas
605 2505 757 2577 Februarii,
772 2506 817 2561 Pi·
871 2503 1092 2563 litteressestras
1100 2504 1345 2577 perdiscurreutct
1353 2503 1516 2576 peregrims
1528 2501 1671 2561 satiemit-
1778 2550 1782 2561 .

137 2596 197 2651 Deo
212 2605 361 2666 annuente,
376 2596 571 2675 celebrandum
585 2598 770 2670 detineretur,
788 2600 817 2655 in
872 2605 930 2655 tere
945 2598 1072 2670 potestis.

116 2688 818 2762 nciliomeritorumvestrorumpatrociuiumadesse
968 2729 971 2735 ,
1252 2692 1291 2749 X.

116 2783 275 2855 suppliciter
294 2799 450 2842 exoramus.
474 2786 558 2841 Orate
581 2785 734 2856 pronubis,
753 2800 817 2841 san·
871 2784 1669 2856 Summanodslpuotooouiunoddrrporiumrpssoto.

116 2890 144 2932 ιι
158 2878 247 2933 Pater.
1114 2877 1207 2950 [Apud
1221 2880 1339 2946 Massi,
1348 2876 1430 2947 ibid]

122 2975 254 3055 marre,
270 2971 404 3056 austros,
418 2990 480 3058 ‚rw
493 2974 578 3060 'sams
598 2976 743 3058 seponas
756 2990 819 3045 pon-
909 2979 1220 3039 smismexosllentia
1232 2978 1473 3037 immersissem
1486 2984 1672 3051 venemur

116 3058 191 3185 perro
205 3049 275 3113 epist
290 3084 297 3097 .
311 3050 343 3099 ιι
359 3045 424 3099 labro
440 3060 471 3113 v,
486 3045 583 3101 codrot.
595 3061 617 3113 1,
632 3051 745 3117 sopitam
754 3046 820 3102 idus
875 3074 903 3132 in
921 3073 1112 3133 mimium
1126 3071 1272 3142 mmm,
1286 3070 1351 3145 quia
1366 3086 1417 3129 m
1431 3087 1482 3145 μθ
1493 3070 1609 3129 mu„
1622 3085 1673 3127 ω,

121 3156 126 3165 ’
389 3206 443 3261 lx·
873 3177 931 3227 stro
944 3184 997 3226 nec
1011 3184 1060 3242 pro
1072 3183 1156 3224 causa
1170 3173 1276 3234 noema,
1288 3164 1340 3223 sed
1358 3180 1409 3239 pru
1430 3164 1514 3273 ibatis
1526 3162 1587 3222 sedi
1604 3177 1673 3268 spo·

116 3300 290 3384 tusscorum
303 3301 340 3357 nd
347 3303 504 3371 Gregorium
517 3303 578 3359 Vll.
589 3333 624 3344 -
637 3304 709 3372 Quid
720 3305 822 3373 operiat
871 3262 979 3369 2⁸⁰5?
996 3262 1107 3367 inmun
1119 3275 1212 3366 ΜΨ
1229 3266 1359 3366 ww
1380 3272 1460 3332 ψ
1472 3257 1606 3363 ΨΜ..
1619 3272 1673 3331 μ’

116 3370 224 3428 dometis
239 3388 297 3443 ajars
317 3378 455 3444 parerent·
474 3375 547 3444 quod
571 3376 660 3430 minus
682 3376 744 3439 sibi,
756 3376 821 3445 plus
875 3363 969 3424 mille
983 3354 1120 3427 ⁰⁰b¹⁸ll¹¹⁰
1133 3352 1249 3411 “mim
1266 3360 1504 3419 mmmm·
1520 3364 1557 3455 ψ
1566 3365 1593 3455 ξι
1602 3356 1675 3407 ⁸¹⁰²

116 3446 228 3500 mariis
250 3447 357 3513 foueas,
377 3451 538 3514 queruntur.
874 3450 932 3522 regi
945 3447 1108 3514 ιιιιὶιιιιιιι,
1121 3445 1310 3515 interdixistis,
1323 3452 1352 3503 et
1371 3443 1676 3503 omuessstrtslmntss

213 3535 335 3610 imanes,
351 3539 452 3596 concil.
472 3540 540 3605 xx,
557 3536 632 3611 tes]
875 3543 984 3599 vinculo
1000 3540 1150 3615 iuramenti
1162 3539 1239 3613 quud
1256 3538 1282 3596 ei
1304 3537 1431 3596 iecerunt
1443 3537 1485 3595 sel
1503 3536 1613 3605 laedent,
1625 3534 1675 3593 ab·

116 3633 142 3690 it
161 3635 293 3691 seueritas
307 3642 396 3691 vestra
415 3644 442 3691 et
456 3634 586 3691 omnibus
609 3635 821 3708 circumquaque
875 3634 1005 3705 solvistis,
1017 3649 1139 3708 eumque
1152 3631 1262 3690 vinculo
1281 3630 1466 3689 anathematis
1484 3629 1629 3703 sllimst‘u.
1642 3628 1674 3687 ls

116 3745 124 3783 ι
145 3734 188 3784 ιιι
211 3742 294 3799 quam
318 3726 468 3785 dilliculter
491 3737 650 3801 quantoque
665 3727 821 3801 baiulorum
876 3728 920 3785 his
931 3726 1061 3785 omuibus
1075 3726 1235 3800 paternitati
1249 3732 1348 3783 ιιιιιο
1360 3739 1427 3783 eum
1437 3737 1540 3797 meges
1551 3719 1674 3795 perietis

116 3820 182 3878 niue
205 3820 356 3895 legationes
374 3821 411 3878 ed
431 3838 480 3879 ros
507 3822 734 3889 transmittimus,
758 3824 822 3895 quia
875 3830 984 3892 neure,
994 3821 1067 3879 siem
1078 3836 1155 3878 nunc
1168 3826 1254 3892 patet,
1267 3817 1452 3888 obedivimus,
1470 3824 1501 3873 et
1509 3814 1575 3889 quia
1587 3813 1675 3873 sidu

116 3912 181 3987 quod
194 3915 325 3972 omnibus
341 3915 526 3988 temporibus,
542 3916 663 3989 populis,
681 3915 821 3983 tribubus,
875 3915 1003 3990 deposito
1015 3913 1050 3972 ed
1067 3912 1267 3987 depositionem
1280 3920 1401 3969 restra-
1411 3924 1480 3969 mm
1489 3908 1598 3969 enterls
1610 3920 1676 3967 en·

116 4024 125 4065 s
149 4006 200 4066 luit
213 4009 356 4082 pervium,
379 4025 452 4066 nunc
473 4009 610 4066 clauditur
628 4009 683 4065 illis
702 4009 823 4067 urasime
876 4010 992 4068 eordare
1005 4008 1159 4075 noluimus,
1169 4016 1276 4065 tantam
1289 4005 1318 4063 in
1328 4018 1382 4063 nus
1392 4002 1585 4062 crudelitatem
1598 4016 1675 4059 eser·

116 4117 146 4158 sn
163 4103 309 4159 minimum
329 4119 378 4175 pro
401 4102 505 4159 honore
525 4102 596 4159 illius
620 4102 823 4170 laboraverunt,
876 4104 945 4171 cuit,
959 4110 991 4159 ut
1008 4102 1101 4176 plures
1120 4115 1154 4158 ex
1168 4098 1284 4168 nostris,
1307 4098 1409 4157 smine
1420 4096 1498 4157 omni
1510 4093 1676 4161 substantie,

118 4210 153 4252 ιιι
169 4212 269 4268 corpus
289 4195 385 4253 eadem
406 4197 449 4252 ria
464 4194 552 4251 ducit.
577 4199 614 4252 ut
624 4200 687 4267 post
704 4197 822 4266 aliqum
876 4197 1002 4253 animam
1018 4194 1048 4251 in
1059 4193 1114 4251 hoe
1123 4193 1274 4250 oerumius
1286 4197 1423 4265 ponerent
1435 4188 1545 4247 ethlios
1555 4186 1679 4247 exburs-

116 4304 214 4363 numm
228 4291 459 4363 exspectationem
478 4305 587 4347 reverso
604 4290 703 4346 nuntio
716 4298 823 4358 nostro,
878 4288 929 4346 des
948 4297 977 4345 et
994 4303 1027 4345 ex
1044 4286 1174 4344 divitibus
1192 4300 1327 4358 pauperes
1343 4285 1513 4356 reliquerunt
1535 4280 1610 4356 :qai
1629 4296 1679 4338 su-

116 4382 189 4440 rliud
207 4384 287 4440 uobis
301 4384 497 4440 consolationis
514 4385 630 4440 relatum
645 4391 698 4452 est,
720 4383 771 4440 nisi
794 4392 825 4439 ut
877 4391 936 4441 ιιιιι
948 4380 1051 4439 residui
1062 4388 1139 4448 sunt,
1153 4379 1190 4436 de
1201 4379 1257 4435 rita
1268 4377 1393 4449 quotidie
1406 4376 1529 4445 solliciti,
1539 4376 1604 4433 sites
1614 4374 1679 4431 sub

116 4477 262 4550 ishisqnse
271 4477 551 4534 mandavimusiidem
561 4477 821 4534 vosnonhsbuisse.
836 4492 862 4555 ῃ
878 4476 946 4534 sidia
958 4490 1028 4548 peno
1041 4472 1135 4530 omnia
1145 4472 1309 4529 emiserunt.
1322 4468 1378 4527 Sed
1389 4482 1458 4525 eum
1467 4467 1607 4525 nullsnos
1619 4481 1678 4538 per-

116 4586 187 4635 are,
202 4571 361 4628 charissime
375 4570 497 4639 domine,
512 4571 670 4629 incredibile
687 4570 765 4627 vobis
783 4570 822 4626 ri·
877 4570 1019 4628 secutione
1036 4575 1187 4640 mpemret,
1201 4571 1346 4637 superatus
1359 4570 1402 4621 est
1423 4560 1480 4630 ills,
1496 4567 1529 4619 ut
1538 4558 1605 4617 lieet
1621 4573 1676 4619 ttu-

116 4672 147 4722 st
162 4664 237 4738 quod
249 4663 347 4722 iratres
361 4665 450 4722 nostri
467 4673 496 4721 et
509 4665 660 4737 coepiscopi
674 4664 821 4721 Wicebur·
877 4665 937 4722 lens
956 4677 1037 4721 suem
1060 4661 1140 4718 nobis
1153 4656 1329 4733 presentiam
1342 4654 1494 4723 exhiberet,
1508 4651 1574 4713 etei
1593 4667 1679 4726 quem

116 4794 118 4811 .
139 4767 167 4815 et
186 4758 355 4815 pataviensis
369 4774 433 4815 cum
456 4757 516 4814 aliis
538 4757 673 4830 religiosis
693 4757 772 4814 vobis
796 4758 823 4814 in
880 4756 1130 4815 inhonoraritoum
1145 4768 1196 4810 suo
1211 4748 1348 4809 dedecore
1360 4748 1497 4807 bonorem
1507 4744 1681 4819 impenderet

116 4860 141 4909 te
156 4851 370 4921 nuntiaverunt,
384 4849 513 4924 quodque
528 4867 557 4907 se
570 4850 666 4907 vidisse
677 4859 705 4907 et
716 4850 825 4909 audisse
881 4868 931 4925 pro
950 4864 1007 4924 que
1020 4846 1115 4905 labore
1127 4846 1201 4904 huuc
1217 4842 1338 4903 tractum
1353 4841 1521 4914 recepimus,
1534 4838 1612 4913 quud
1634 4837 1680 4897 his

116 4992 118 5001 .
140 4954 224 5015 sunt;
245 4954 319 5002 certe
332 4961 388 5001 non
403 4946 430 5002 iu
443 4944 534 5002 verbis
553 4944 689 5001 mendacii
710 4944 823 5001 conlidi·
881 4944 931 5017 qui
945 4958 1009 4999 eum
1023 4940 1144 5014 periculo
1156 4938 1316 4995 animarum
1328 4944 1490 4994 nostrerum
1502 4931 1616 5006 vestigia
1627 4944 1678 5003 ps·

116 5038 235 5106 liberari,
258 5039 308 5096 scd
327 5039 463 5095 credimus
485 5038 549 5110 quia
572 5038 682 5096 veritas
696 5037 824 5095 liberabit
880 5038 950 5096 dum
964 5042 1120 5094 rumorum
1138 5031 1253 5090 adorare
1263 5038 1376 5089 ιοιιιιιι
1389 5035 1441 5101 ιιι,
1462 5027 1566 5099 absque
1583 5031 1679 5081 nosho

122 5135 199 5191 uene
221 5148 278 5188 nou
299 5132 419 5189 deseruit
431 5139 571 5204 sperantes
591 5132 619 5187 in
632 5147 676 5200 se;
691 5147 756 5189 nam
777 5147 824 5188 rex
881 5130 999 5189 consilio
1010 5138 1041 5187 et
1048 5128 1107 5186 sine
1119 5126 1291 5185 correctione
1299 5124 1457 5192 absolutus,
1470 5118 1507 5179 ed
1522 5116 1680 5177 nocendum

116 5225 284 5293 rltodollus,
299 5224 377 5282 inrtis
395 5226 424 5282 in
437 5240 470 5282 eo
488 5226 536 5297 qui
554 5224 603 5281 dat
616 5225 734 5282 salutem
755 5225 824 5298 regi·
881 5224 963 5283 nobis
985 5222 1139 5281 libertatem
1160 5218 1272 5293 recepit.
1306 5222 1343 5276 st
1361 5218 1457 5289 peuda
1479 5212 1647 5285 letapoeillt
1670 5228 1681 5262 ··

116 5320 139 5377 le
147 5319 268 5377 inimicis
279 5319 393 5376 Domini
400 5327 526 5390 potenter
534 5318 725 5391 triumpharit.
740 5304 826 5375 Hein-
882 5321 957 5393 Ergo
976 5333 1043 5376 cum
1052 5317 1113 5390 jam
1125 5314 1197 5371 ultra
1211 5312 1277 5371 anni
1291 5310 1442 5369 terminum
1451 5307 1510 5367 siue
1523 5313 1631 5363 mettre
1640 5316 1682 5361 es·

119 5421 215 5471 autem
229 5429 294 5470 cum
314 5414 372 5469 suis
393 5411 585 5485 eomplicibus,
600 5420 700 5484 prater
716 5413 825 5485 eosqui
883 5428 990 5482 murus,
1009 5412 1038 5469 in
1061 5410 1153 5468 locum
1171 5406 1206 5465 ds
1220 5402 1482 5479 quoprsersriostus
1493 5406 1546 5469 est,
1557 5396 1684 5455 illealius

115 5506 163 5565 dio
175 5507 342 5576 ceciderunt,
354 5504 382 5562 in
395 5504 486 5579 lugam
498 5521 592 5563 versus
601 5515 654 5577 est,
662 5507 764 5563 comite
778 5506 825 5561 illo
884 5504 1040 5579 principum
1053 5511 1215 5562 nostrorum
1229 5499 1347 5557 lectione
1359 5495 1525 5568 subrogatus
1534 5499 1588 5549 est.
1601 5490 1684 5547 cam

120 5600 256 5659 malitiam
267 5616 317 5657 ros
330 5600 360 5656 in
371 5597 443 5657 bono
453 5599 562 5656 sincere
573 5597 673 5657 frustra
688 5600 824 5663 tentastis,
885 5612 940 5670 que
954 5588 990 5653 de'
1003 5596 1092 5654 eleeto
1104 5593 1187 5650 nobis
1199 5606 1276 5664 rege,
1289 5598 1318 5649 et
1333 5602 1392 5645 non
1407 5586 1444 5645 de
1454 5582 1563 5659 regibus
1574 5594 1637 5653 epe·
1650 5576 1686 5635 d

116 5788 143 5851 ι)
155 5784 227 5840 nrm
241 5781 365 5856 iutelligit
376 5781 422 5854 qui
437 5779 683 5840 carthusianorum
698 5778 829 5837 fundator
850 5783 945 5851 postea
965 5775 1076 5835 exstitit.

171 5872 292 5928 Parnon.
313 5870 443 5929 Clibvlll.
1477 5854 1517 5911 ‘lh
