3870 6164
140 284 209 336 1157
589 280 734 337 avenni).
754 282 798 334 ΙΙΙ.
819 309 854 320 -
871 279 1085 337 nonuncium
1103 281 1334 339 annuentem.
1484 312 1488 324 =
1719 286 1788 340 1158

137 410 219 469 xrrr).
247 426 260 453 n
276 404 321 460 Ad
343 403 417 461 hunc
437 404 555 462 modurn
577 403 716 461 credimur
728 412 757 460 et
775 404 828 460 bos
851 420 931 476 posse
946 404 1022 470 Ado
1044 404 1095 462 bac
1109 406 1164 462 vita
1185 407 1356 479 migraverit,
1380 421 1438 463 non
1458 420 1524 464 eum
1537 408 1590 465 nisi
1619 407 1788 466 catholicum

137 498 320 554 ecclesiastica
336 498 445 554 efficere
467 506 656 566 sacramenta,
670 497 737 555 dum
755 498 878 555 noudum
891 514 939 555 eos
991 501 1168 570 deputamus.
1196 500 1223 557 Sl
1247 508 1338 557 autem
1356 499 1438 557 fucrit
1464 501 1629 572 acorpornli
1653 511 1741 558 niorte
1756 502 1788 560 li·

139 592 298 664 publicavit,
313 591 638 664 etquodammodoante
653 591 835 665 episcopalem
852 592 937 648 eccle·
993 593 1117 661 beratus,
1144 610 1209 650 cum
1245 609 1274 649 se
1303 595 1446 653 catholicae
1471 594 1673 668 congregationi
1700 597 1785 653 etiam

138 685 279 743 siasticam
298 685 615 742 excommunicationem
638 685 672 740 ab
694 686 815 742 Ecclesia
838 685 938 758 praeju·
993 687 1454 760 praesentiacorporalireddiderit,
1470 688 1695 761 undecunquam
1708 687 1789 745 corde

138 778 241 837 dicaris
255 778 407 835 eliminavit
427 795 525 835 eornm
540 795 570 836 se
582 776 695 835 effrenis
715 780 902 836 contumacia.
993 779 1151 850 dicesserat‚
1167 798 1224 837 non
1239 782 1329 838 solum
1352 798 1408 838 non
1422 781 1614 854 improbamus
1626 781 1700 854 qaod
1712 780 1789 852 fecit,

175 881 268 942 (1021)
294 875 335 932 nb
369 876 421 931 illis
447 891 510 932 veru
530 876 577 948 qui
595 875 630 932 de
659 875 754 947 baereqi
781 875 940 933 simoniaca
993 874 1137 932 sedetiam
1153 875 1328 932 securissime
1343 876 1537 948 verissimeque
1549 877 1702 934 laudamus.
1716 876 1789 950 Quia

140 978 206 1026 sunt
227 968 366 1025 evidenter
378 970 427 1031 rei.
456 970 507 1025 etsi
533 969 658 1026 noudum
680 968 788 1040 publice
815 968 939 1041 judicati,
993 976 1158 1040 praesentem
1172 968 1325 1025 Dominum
1334 972 1445 1040 [00010]
1456 969 1569 1026 credidit
1581 970 1656 1027 cordi
1665 985 1727 1040 suo,
1740 968 1788 1026 ubi

139 1063 260 1120 firmiter
272 1063 735 1121 diffitemurEcclesiaesacrameuta
744 1062 939 1134 posseaonbci.
993 1063 1130 1119 unitatem
1142 1062 1277 1119 servabat.
1294 1085 1307 1112 v

140 1156 253 1214 Publica
272 1158 349 1213 enim
375 1165 403 1212 et
430 1156 518 1213 fronte
532 1173 630 1214 carens
653 1156 833 1229 presumptio
850 1152 953 1229 major
1030 1158 1176 1215 Discamus
1188 1174 1265 1229 ergo,
1277 1159 1342 1232 quia
1363 1160 1387 1216 si
1403 1159 1633 1217 cumSimoniaoo
1653 1177 1717 1235 ago,
1740 1159 1790 1234 qui

142 1259 185 1308 est
196 1251 258 1324 ipso
273 1251 373 1307 scelere
386 1251 517 1307 admissu.
537 1252 615 1320 Quae,
630 1248 698 1306 dum
719 1251 814 1319 claret,
827 1249 941 1306 evidens
994 1260 1037 1308 est
1050 1251 1140 1309 adbuc
1150 1260 1258 1309 tanturn
1270 1250 1306 1309 de
1318 1251 1485 1323 manifestis,
1498 1254 1623 1311 noudum
1633 1254 1667 1310 de
1682 1254 1789 1326 publiea

141 1353 183 1401 est
195 1345 338 1414 exemplar
355 1344 500 1414 peccandi3
516 1344 561 1416 qui
576 1343 652 1409 dicit,
667 1343 721 1400 nisi
745 1360 800 1410 me,
815 1360 860 1400 me
874 1343 940 1400 imi·
993 1345 1144 1413 damnatis,
1157 1363 1222 1404 cum
1235 1347 1283 1416 illi,
1308 1347 1430 1420 inquam,
1450 1347 1577 1420 quadam
1599 1348 1728 1406 Ecclesiae
1743 1363 1790 1406 sa*

141 1437 250 1494 tamini.
266 1436 350 1493 Verbi
364 1437 458 1510 gratia,
474 1437 520 1508 qui
541 1437 829 1493 bonoresSimoniace
845 1436 940 1510 acqui·
993 1448 1134 1496 eramenta
1166 1440 1305 1497 conficere
1330 1450 1481 1515 nequeant,
1506 1458 1571 1499 cum
1600 1440 1713 1516 perlecti
1737 1457 1789 1500 nae

142 1531 281 1588 sitosnou
295 1529 421 1602 deponit,
435 1531 500 1603 quid
512 1530 596 1598 aliud,
613 1530 828 1599 nisiSimonem,
842 1531 869 1587 io
884 1547 939 1603 quo
993 1532 1056 1590 illos
1068 1549 1149 1605 posse
1157 1532 1305 1601 conficere,
1316 1550 1408 1591 necas
1422 1534 1546 1593 confecta
1564 1535 1599 1593 ab
1612 1536 1653 1593 eis
1666 1535 1790 1608 accipere

143 1624 222 1695 vivit,
238 1625 405 1682 imitandum
421 1625 564 1698 proponit?
590 1625 642 1697 Qui
665 1634 759 1682 autem
782 1624 940 1698 pudibunde
993 1627 1116 1698 credant,
1130 1635 1224 1684 tamen
1238 1628 1312 1700 quod
1333 1643 1392 1686 non
1407 1628 1507 1688 babeat
1521 1630 1673 1702 nequitiam
1685 1629 1789 1698 dantis,

143 1727 171 1776 ct
183 1727 290 1776 tantum
302 1727 366 1775 ante
375 1722 465 1776 Deum
480 1727 583 1792 peccat,
597 1718 827 1793 quaudoqueesse
835 1727 941 1777 metuet
994 1719 1092 1792 accipit
1111 1720 1227 1793 pleniter
1241 1719 1309 1778 fides
1322 1729 1351 1777 et
1374 1723 1511 1794 sapienter
1532 1721 1666 1795 simplicia
1685 1730 1713 1777 et
1726 1721 1792 1779 sim-

146 1811 222 1886 quod
234 1812 318 1870 videri
328 1812 423 1885 pudet.
955 1799 978 1861 Β
994 1813 1100 1886 pliciter
1115 1814 1257 1887 sapientis,
1279 1822 1371 1872 totum
1383 1815 1517 1887 implente
1529 1815 1615 1889 gratia
1628 1817 1706 1886 Jesu,
1720 1815 1791 1872 sicut

176 1906 233 1963 Sed
246 1922 368 1979 oppones
381 1905 462 1975 rniln,
478 1906 546 1974 scio,
563 1908 632 1963 Cum
645 1922 711 1964 usus
725 1905 849 1980 quotidie
860 1906 942 1963 nobis
995 1907 1087 1966 inille
1107 1904 1180 1965 felici
1192 1909 1309 1979 latrone,
1324 1910 1380 1978 cui,
1395 1917 1427 1966 ut
1439 1910 1609 1983 Augustinus
1621 1910 1672 1978 ait,
1689 1931 1702 1958 ι
1718 1906 1792 1981 quod

133 2007 294 2074 ‘praesentet
304 2017 392 2057 unum
414 1998 598 2072 eumdemque
610 2000 808 2070 simoniacum,
822 2000 866 2057 alii
884 2000 942 2057 cui·
995 2016 1030 2057 ex
1040 2001 1171 2073 baptismi
1185 2011 1358 2059 sacramento
1375 2000 1476 2072 defuit,
1499 2002 1655 2076 benignitas
1668 2002 1721 2060 Dei
1733 2002 1792 2074 spi·

141 2110 226 2168 quam
235 2094 391 2152 Christiano
403 2093 493 2151 adbuc
506 2094 695 2167 inexpertum,
711 2094 755 2151 alii
771 2109 835 2150 vero
849 2092 954 2165 perlu·'
995 2093 1112 2150 ritaliter
1125 2092 1291 2165 adimplevit.
1308 2116 1322 2143 ι

144 2202 208 2246 cere
220 2186 409 2256 manifestum,
429 2186 569 2261 quomodo
592 2188 636 2246 ille
659 2195 865 2245 sacramentum
892 2202 942 2244 ne·
1029 2188 1091 2243 Hoc
1105 2196 1198 2244 autem
1210 2186 1312 2244 distare
1326 2185 1433 2244 ridetur
1444 2187 1517 2245 inter
1527 2186 1675 2245 manifeste
1688 2204 1750 2247 reos
1763 2196 1792 2248 et

139 2282 240 2339 scienti
254 2281 390 2353 conficiet,
408 2281 483 2355 quod
496 2290 633 2355 quantum
658 2282 695 2339 ad
708 2282 840 2339 scientem
854 2280 940 2338 confi·
995 2280 1103 2352 publice
1114 2281 1378 2350 excommunicatos,
1394 2281 1458 2354 quia
1470 2298 1534 2339 cum
1548 2282 1791 2340 excommunicatis

141 2391 206 2434 cere
223 2392 280 2433 non
294 2376 388 2433 valet?
416 2376 631 2448 Respondetnr:
654 2379 733 2432 Justa
749 2391 829 2433 mens
842 2393 876 2432 eu
889 2377 943 2445 [vde
994 2375 1198 2432 communicare
1214 2374 1403 2447 prohibemur,
1418 2375 1471 2432 nisi
1498 2384 1704 2435 convertantur.
1721 2378 1791 2434 ibini

140 2473 211 2527 01011
223 2474 310 2538 (Rom.
326 2475 359 2538 1).
372 2470 451 2528 Fidei
457 2469 574 2527 effeetus
582 2469 717 2527 salubrius
727 2469 942 2542 crediturquam
995 2467 1317 2526 manifestisetuondum
1321 2469 1451 2542 judicatis
1459 2471 1615 2528 conversari
1629 2479 1749 2543 oportet,
1759 2478 1792 2528 ut

140 2578 209 2621 curn
224 2564 334 2621 ratione
347 2564 534 2637 investigetur.
546 2564 616 2620 Dico
631 2563 759 2636 equidem
773 2567 865 2630 (1025)
877 2562 954 2634 quia
995 2568 1200 2619 convertantur.
1214 2561 1273 2618 lllis
1297 2560 1377 2619 nefas
1391 2570 1444 2629 est,
1460 2571 1491 2619 ut
1501 2563 1627 2621 dicamus
1639 2581 1699 2633 aue,
1714 2564 1792 2623 nefas

140 2657 211 2715 illud
224 2657 297 2730 quod
312 2673 360 2730 per
379 2658 569 2716 simoniacum
595 2673 651 2714 non
668 2672 748 2730 posse
769 2655 867 2714 conllci
882 2671 941 2713 cre·
995 2665 1037 2713 est
1050 2670 1114 2711 cum
1126 2655 1182 2712 illis
1195 2653 1238 2711 vel
1250 2653 1343 2711 cibum
1353 2670 1473 2711 sumere.
1488 2657 1559 2713 Cum
1583 2656 1642 2713 istis
1657 2658 1792 2729 permittit

140 2748 229 2819 ditur,
253 2749 332 2820 illud,
358 2751 481 2824 inquam,
496 2749 578 2807 alicui
605 2749 764 2821 simpliciter
778 2749 899 2805 credenti
913 2756 943 2806 et
993 2747 1666 2823 ApostoluscommunicarodiceusnNonutique
1679 2750 1793 2808 fornica·

140 2842 262 2901 fideliter
288 2844 420 2902 nescienti
432 2849 524 2913 (1020)
550 2852 753 2901 sacramentum
776 2858 845 2912 esse,
872 2841 941 2899 fides
994 2843 1043 2898 riis
1054 2842 1136 2915 hujus
1149 2840 1257 2911 mundi,
1269 2849 1319 2897 aut
1332 2841 1430 2911 avaris,
1441 2850 1490 2899 aut
1498 2843 1655 2914 rapacibus,
1673 2851 1723 2900 aut
1733 2844 1792 2902 ida·

141 2946 283 3012 operatur.
313 2943 376 3012 lpsc
401 2946 495 2996 tamen
524 2938 686 3006 conficiens,
714 2953 748 2995 ex
776 2938 839 3003 boc,
864 2936 940 3010 quod
994 2936 1027 2993 lis
1040 2935 1233 3004 servientibus,
1257 2935 1380 3008 alioquin
1393 2935 1553 2994 debueratis
1566 2953 1599 2993 ex
1617 2936 1671 2993 boc
1686 2937 1790 2995 mundo
1821 3009 1824 3014 Ι

141 3032 268 3101 confiat,
291 3031 452 3090 damnatur.
466 3035 505 3089 Ne
518 3032 637 3102 mireris,
652 3031 716 3104 quia
731 3047 779 3105 per
801 3030 884 3089 fidem
899 3046 941 3087 sa·
996 3031 1084 3088 exisse
1106 3033 1131 3097 (1
1142 3031 1201 3088 cor.
1226 3034 1265 3096 v).
1281 3053 1295 3079 ι
1323 3031 1438 3088 illorum
1465 3030 1557 3104 igitur,
1584 3031 1631 3103 qui
1647 3030 1791 3088 manifeste

140 3135 288 3185 cmmento
302 3127 425 3185 reficitur
439 3127 586 3198 accipiens.
601 3126 683 3195 nudi,
699 3125 763 3199 quia
773 3124 942 3182 sacramenti
995 3125 1118 3194 srmtrel,
1131 3122 1251 3181 formam
1264 3122 1423 3180 babuerunt
1433 3124 1571 3196 publicani
1582 3133 1609 3180 et
1621 3133 1789 3196 peccatores,

141 3221 233 3296 gratia
247 3222 339 3292 (1021)
355 3221 536 3294 participatur
550 3221 637 3277 etiam
648 3236 704 3278 nou
717 3220 866 3293 accipiens.
883 3224 941 3276 Aa·
995 3234 1058 3276 cum
1084 3217 1186 3291 quibus
1212 3217 1338 3275 Salvator
1367 3215 1586 3274 manducaverat
1608 3220 1716 3285 (blattb.
1734 3224 1789 3287 rx).

140 3315 271 3390 gostinus
280 3315 309 3371 in
320 3330 450 3372 sermone
463 3314 498 3372 ad
512 3315 630 3371 inlautes
653 3314 689 3370 ad
703 3314 788 3371 altare
801 3313 836 3371 dc
850 3330 942 3371 sacra·
995 3311 1235 3370 Excommunicati
1253 3318 1347 3367 autem
1364 3310 1557 3384 significantur
1584 3327 1634 3383 per
1647 3312 1709 3368 illos
1723 3327 1793 3386 quus

141 3417 240 3466 mento
255 3412 307 3476 (De
321 3423 444 3466 consecr.
459 3408 489 3465 d.
503 3415 531 3476 1,
545 3425 569 3465 c.
588 3414 650 3477 101,
664 3409 742 3467 Nulli
751 3412 798 3473 est)
814 3426 822 3465 :
839 3429 852 3458 a
868 3408 943 3465 Nulli
994 3406 1146 3480 Apostolus
1155 3407 1265 3463 Satanae
1278 3403 1433 3462 tradiderat
1450 3406 1475 3472 (1
1485 3406 1545 3461 Gor.
1563 3411 1603 3474 v).
1620 3404 1787 3479 Huiusmodi

138 3510 186 3561 eet
207 3502 382 3575 aliquatenus
400 3502 598 3575 ambigendum
620 3511 687 3559 tunc
713 3516 943 3573 unumquemque
996 3498 1160 3568 manifestis,
1173 3498 1296 3556 nondum
1318 3498 1580 3573 publieejudieatis,
1594 3515 1646 3572 ego
1659 3515 1789 3558 commu·

140 3595 270 3655 bdelium
283 3597 405 3670 corporis
423 3595 617 3670 sanguinisque
630 3596 767 3653 Dominici
781 3594 943 3667 participem
995 3595 1101 3663 nicans,
1125 3609 1170 3651 mo
1193 3609 1251 3651 non
1274 3592 1495 3662 excommunico,
1521 3593 1588 3650 dum
1603 3593 1748 3652 hominem
1762 3603 1793 3652 ut

140 3689 214 3760 llari,
225 3690 337 3765 quando
352 3691 380 3747 iu
392 3690 556 3762 baptismate
567 3689 724 3747 membrum
741 3688 842 3748 Christi
857 3687 943 3746 effici·
996 3687 1314 3761 Christianumdiligans,
1325 3687 1430 3744 factum
1443 3686 1513 3761 ejus,
1527 3694 1558 3745 ut
1567 3703 1621 3744 uun
1630 3687 1792 3759 Christiani,

138 3792 210 3856 tur3
234 3800 286 3842 nec
300 3784 414 3842 alienari
429 3784 464 3841 ab
478 3783 550 3841 illius
564 3784 643 3856 panis
666 3783 816 3857 calicisque
828 3798 943 3841 consor·
996 3784 1135 3858 improbo,
1150 3782 1343 3857 praescribente
1355 3781 1530 3855 Augustino:
1545 3806 1558 3832 «
1576 3782 1691 3839 Duobus
1703 3782 1793 3840 modis

141 3878 199 3950 tio,
219 3879 302 3936 mium
325 3879 360 3947 si,
374 3887 527 3950 antequam
552 3893 653 3949 panem
674 3877 752 3935 illum
775 3877 901 3934 comedat
915 3885 943 3934 et
995 3894 1053 3935 non
1065 3887 1093 3935 ta
1104 3877 1228 3935 maculat
1241 3876 1343 3945 malus,
1357 3876 1381 3933 si
1407 3891 1465 3933 nou
1479 3876 1638 3935 consentias
1663 3885 1691 3934 et
1704 3876 1728 3933 si
1745 3892 1792 3934 re·

139 3972 261 4032 calicem
283 3973 372 4043 bibat,
397 3972 432 4029 de
453 3972 505 4029 hoc
518 3972 619 4029 saeculo
641 3972 669 4028 iu
692 3971 794 4029 unitate
818 3970 943 4044 corporis
995 3972 1126 4045 darguas,
1141 3994 1155 4021 ι
1171 3973 1224 4029 troc
1238 3978 1289 4040 ast,
1303 3985 1359 4026 nou
1370 3970 1588 4039 communicare,
1603 3985 1659 4027 uon
1673 3986 1793 4028 consen·

139 4065 249 4127 ctum
255 4067 422 4124 constitutus
431 4065 569 4123 abscedat.
582 4065 753 4123 sacramenti
763 4065 943 4137 quippeillius
994 4066 1058 4123 tire.
1072 4066 1301 4123 communicatur
1315 4064 1426 4137 quippe,
1440 4062 1552 4137 quando
1564 4062 1636 4121 factu
1649 4066 1708 4137 ejus
1722 4081 1791 4122 eon-

140 4159 359 4235 participatione
381 4176 414 4217 aa
438 4159 573 4217 beneflcio
603 4174 661 4215 uon
687 4158 818 4231 privatur,
834 4157 942 4230 quando
996 4160 1114 4218 sortium
1125 4157 1335 4226 voluntatis,vel
1347 4157 1553 4230 approbationis
1568 4156 1738 4231 adjungitur.

140 4254 206 4329 ipso
217 4253 272 4311 boc
285 4254 360 4328 quod
380 4252 448 4311 illud
462 4259 670 4311 sacramentum
688 4260 732 4308 est
746 4252 859 4308 invenit.
874 4274 887 4301 ι
902 4254 944 4309 Ne
1034 4252 1078 4309 nb
1093 4251 1137 4308 bis
1159 4259 1261 4318 autem,
1277 4249 1304 4307 id
1320 4257 1363 4306 eat
1383 4251 1558 4319 Simoniacis,
1582 4251 1645 4307 licet
1669 4251 1793 4310 nondum

139 4348 231 4423 igitur
242 4347 351 4405 dubites
364 4346 527 4419 simpliciter
540 4345 696 4404 credentem
719 4345 864 4403 salubriter
876 4343 944 4402 illud
998 4345 1106 4419 publice
1126 4342 1382 4408 excommunicatis.
1407 4358 1466 4399 non
1478 4359 1560 4415 posse
1583 4343 1694 4401 clericos
1716 4346 1790 4402 ordi·

135 4441 268 4514 aoefpere
285 4440 372 4498 abillo
380 4456 463 4514 quem
473 4441 561 4498 nescit
572 4439 745 4507 haereticum,
762 4439 838 4497 audit
849 4439 943 4510 etiam,
997 4440 1070 4508 nari,
1082 4454 1141 4495 non
1162 4452 1242 4511 posse
1256 4435 1434 4495 Dominicum
1454 4451 1555 4508 corpus
1575 4436 1682 4505 confici,
1697 4439 1792 4496 credas

133 4535 216 4612 quod
241 4535 446 4608 simplicitatem
470 4537 517 4604 [t.,
530 4533 702 4606 simplicitas]
713 4533 778 4590 fidei
797 4533 944 4591 efficaciter
956 4540 985 4611 1)
999 4533 1156 4607 apostolicis
1170 4531 1330 4589 Innocentio
1342 4538 1370 4586 et
1381 4529 1514 4587 Pascbali.
1526 4531 1705 4589 innocentius
1723 4547 1792 4608 papa

134 4628 290 4702 accipiam
313 4629 503 4702 eoquemscit
524 4627 696 4686 haereticum.
712 4628 941 4701 augustinumin
994 4627 1031 4686 de
1054 4626 1218 4687 simoniacis
1232 4625 1301 4682 dicit
1315 4624 1407 4696 (1020)
1433 4641 1441 4679 :
1469 4647 1483 4674 ι
1498 4624 1640 4681 deseritur
1663 4642 1729 4684 eum
1743 4629 1791 4702 qui

134 4723 243 4784 00000]
257 4727 441 4790 sennoneltd
456 4738 482 4795 q.
496 4727 559 4791 2,0.
577 4729 623 4791 10,
638 4724 669 4780 Si
681 4721 872 4793 quamsortel:
891 4721 942 4778 asi
995 4721 1130 4779 honorem
1155 4717 1396 4775 amislthonorem
1421 4716 1487 4774 dare
1500 4733 1558 4774 uon
1571 4733 1663 4791 posse.
1677 4722 1735 4777 Nec
1748 4737 1793 4779 ac·

134 4832 229 4893 quem
244 4816 325 4885 forte,
340 4816 478 4890 inquiens,
497 4815 617 4889 coegerit
633 4823 759 4872 extrema
773 4816 939 4886 necessitas,
993 4814 1163 4888 quiescimus
1178 4813 1265 4869 ullum
1288 4810 1390 4886 aliquid
1401 4811 1436 4868 ab
1450 4826 1483 4868 eo
1497 4813 1644 4884 accepisse.
1661 4815 1734 4888 Quia
1753 4817 1792 4872 nil

135 4910 190 4973 uni
203 4911 377 4971 catholicum
390 4926 440 4983 per
453 4925 537 4983 quem
552 4909 669 4981 accipiat
679 4925 737 4965 non
750 4909 895 4977 invenerit,
911 4917 940 4966 et
993 4917 1052 4967 erat
1072 4909 1101 4964 in
1123 4906 1217 4976 dante,
1227 4905 1301 4980 quod
1315 4905 1385 4962 alius
1396 4905 1430 4962 eb
1441 4920 1475 4962 eo
1488 4913 1583 4979 posset
1602 4907 1732 4981 accipere.
1761 4911 1795 4964 lit

136 5006 171 5065 in
183 5005 291 5073 animo,
307 5020 372 5076 pace
385 5003 520 5061 catholica
531 5003 681 5072 urstodita,
696 5019 743 5076 per
754 5003 874 5075 aliquem
890 5019 939 5060 ex·
994 5018 1091 5060 verum
1103 5010 1144 5059 eat
1158 5008 1232 5058 certe
1257 5000 1323 5073 quia
1342 4999 1416 5073 quod
1440 5014 1496 5056 non
1521 5000 1627 5071 babuit,
1645 5001 1711 5059 dare
1739 5018 1795 5059 non

135 5106 186 5159 m
197 5099 336 5156 mutatam
346 5097 513 5155 catholicam
525 5097 646 5171 positum
655 5096 871 5170 acceperitquod
882 5106 941 5155 erat
995 5096 1094 5169 potuit
1112 5118 1127 5146 ι
1136 5095 1209 5152 Audi
1226 5094 1385 5152 Pascbalem
1395 5109 1495 5166 papam
1509 5095 1538 5152 iu
1551 5096 1668 5169 epistola
1683 5094 1719 5152 ad
1734 5096 1795 5152 Me·

136 5192 172 5255 ftt
183 5192 245 5267 ipsa
260 5191 398 5251 catholica
412 5191 519 5248 unitate
532 5199 702 5263 accepturus,
718 5192 739 5248 si
753 5191 847 5248 statim
858 5192 941 5248 etiam
996 5190 1184 5247 diolanensem
1198 5188 1351 5246 Ecclesiam
1363 5191 1455 5260 (1020)
1472 5208 1479 5247 :

179 5348 277 5419 (1024)
290 5350 345 5405 flac
356 5365 390 5406 ec
403 5348 691 5420 diffinitamadmdum
700 5363 733 5402 ne
742 5362 846 5403 cariscos
858 5363 942 5418 usque
1032 5350 1123 5415 (tuta)
1144 5347 1175 5405 Si
1187 5346 1257 5402 lianc
1272 5348 1434 5404 setrlcatiam
1457 5347 1496 5401 ita
1520 5345 1740 5415 interpretamur,
1763 5348 1794 5403 ul

140 5422 214 5481 datm
231 5422 356 5493 perlegas
376 5422 477 5478 librum
496 5421 525 5478 S.
541 5422 616 5490 Aua.
631 5424 670 5477 Dc
695 5420 826 5490 baptismo
847 5425 943 5474 contra
998 5419 1152 5474 haereticum
1165 5417 1288 5474 duamur
1304 5419 1375 5474 rribil
1388 5418 1516 5491 proficui,
1538 5414 1579 5470 nii
1599 5416 1706 5472 baumes
1717 5433 1795 5488 posse

139 5495 313 5555 1100010100.
999 5491 1076 5552 dure,
1101 5490 1166 5543 dum
1181 5494 1268 5545 tamea
1282 5490 1380 5546 babeat
1404 5491 1600 5545 sacramentum
1615 5487 1796 5547 ordinationis

180 5566 275 5635 (1025)
290 5566 347 5620 liae
357 5580 411 5620 non
425 5564 575 5636 metuitur,
585 5567 613 5622 et
624 5562 733 5636 quidem
744 5562 780 5618 ab
789 5565 943 5635 aliquotam
999 5563 1053 5616 sibi
1065 5561 1174 5630 quidam
1198 5566 1223 5616 at
1240 5562 1274 5616 ab
1289 5577 1317 5617 ao
1339 5560 1481 5632 accipienti
1501 5560 1530 5612 in
1550 5558 1760 5629 damnantium,
1773 5564 1798 5616 si

137 5638 248 5699 3010010
257 5650 309 5709 per
321 5637 511 5692 simoniacum.
999 5636 1051 5703 ita,
1064 5634 1186 5702 iuquam,
1201 5633 1390 5702 intelligimus,
1401 5630 1503 5686 abacto
1510 5629 1667 5700 Augustino
1678 5633 1797 5689 noadia-

180 5712 276 5777 (1020)
291 5708 359 5764 iiaec
368 5716 433 5763 sunt
445 5721 570 5765 erronea.
1000 5718 1146 5774 crepemus.

181 5782 279 5850 (1027)
295 5780 331 5834 ite
349 5776 400 5834 leuc
417 5780 548 5835 scatentia
563 5794 675 5850 sequens
695 5779 811 5849 epistola
824 5794 878 5836 non
891 5782 944 5836 im·
1036 5779 1127 5841 (1029)
1141 5775 1219 5832 Hauc
1233 5773 1379 5846 epistolam
1392 5786 1451 5828 non
1470 5773 1610 5832 Pascbaiis
1631 5787 1699 5846 papa
1718 5773 1795 5845 fecit,

136 5849 322 5927 probabiliter
329 5850 446 5921 umam
457 5851 548 5909 dabit.
1000 5846 1172 5918 sedquidam
1192 5847 1287 5912 Wido,
1310 5845 1395 5916 quiet
1410 5845 1549 5907 musicam
1572 5845 1810 5914 composuit.ch

1451 6044 1471 6083 ἱ
