3884 6158
106 268 112 275 ’
193 298 243 361 lca
757 298 762 321 ¹
805 299 834 355 s.
854 297 1045 356 canaonas
1063 299 1108 356 ιιι
1126 292 1224 355 naor.
1788 294 1837 351 ιοι

191 436 310 503 gregata
328 442 362 509 ex
390 428 474 501 ipsius
492 425 656 499 plerumque
679 424 827 493 sententia,
842 438 930 481 unum
945 425 984 481 vel
999 427 1025 492 Α
1040 439 1118 498 papa
1130 427 1154 480 ll
1173 422 1283 481 saecula.
1300 425 1360 493 Quo
1367 430 1525 496 temporum
1541 426 1640 489 tractu,
1651 418 1836 492 Langobardi,

192 539 227 580 ex
252 523 317 597 ipsis
339 521 473 593 collegiis,
489 519 531 575 vel
544 535 578 576 ar
593 518 698 588 amicis,
711 525 739 575 ct
752 518 909 592 capellanis,
931 534 984 576 cte-
1040 518 1092 575 sub
1103 518 1216 591 iuniore
1238 516 1347 575 Justino
1366 521 1493 591 Augusto
1508 514 1623 573 initalia
1642 529 1677 571 er
1691 513 1838 570 Pannoniis

191 617 310 689 terisque
322 612 487 681 domesticis,
511 620 540 669 et
554 611 735 670 familiaribus
746 612 813 682 suis,
834 612 912 687 juxta
934 611 985 669 loci
1039 611 1164 687 ingrcssi,
1192 612 1252 685 eJus
1276 611 1398 685 primum
1424 610 1562 685 potiorem
1587 617 1704 683 partem,
1739 606 1838 664 deinde

191 709 360 783 dignitatem,
371 715 401 763 ut
413 707 437 763 ei
457 705 568 763 libitum
588 714 657 775 erat,
672 722 722 781 pro
736 705 851 764 arbitrio
863 723 879 762 a
889 723 918 764 se
933 707 988 764 ele·
1041 706 1172 779 paulatim
1182 705 1240 763 ferc
1251 721 1374 775 omnem,
1389 715 1580 780 praetcrunam
1592 711 1701 760 tantum
1717 704 1838 759 Romam

190 812 275 872 ctum,
288 799 987 876 annulo,etvirgapastoralipraelatldelunctiadse
1041 800 1134 873 (quam
1152 800 1180 857 in
1194 800 1353 874 ejnsgcntis
1377 806 1559 874 potestatem,
1579 813 1640 855 cam
1660 797 1759 853 acriter
1778 799 1839 852 lto-

191 895 360 953 transmissis
371 894 500 966 donabat,
524 895 687 969 eumqucde
712 896 924 954 illosaeerdotio
943 895 986 952 di·

191 989 312 1062 plomate
323 1005 373 1046 suo
388 988 522 1062 imperiali
532 989 641 1062 (uttam
650 988 803 1060 dicebatur)
817 990 985 1058 investitum,

191 1081 245 1140 boc
269 1092 321 1154 est,
347 1082 391 1140 illa
417 1081 548 1156 dignitate
561 1082 709 1153 donatum,
732 1084 929 1157 inepiscopum
946 1085 986 1141 rcl

190 1177 320 1236 abbatem
339 1177 494 1234 consecrari
507 1177 667 1248 mandabat,
691 1178 796 1252 absque
808 1179 863 1235 alia
881 1178 946 1235 cleri
961 1186 989 1236 et

192 1271 394 1329 monachorum
403 1270 533 1330 lectione.
549 1274 610 1330 lice
619 1281 712 1330 autem
724 1288 772 1346 per
782 1272 911 1341 Galliam,
923 1274 989 1330 Ger-

191 1365 324 1433 maniam,
339 1373 367 1423 et
379 1365 497 1437 ltaliam,
513 1382 575 1439 quae
589 1374 657 1424 tunc
668 1366 784 1425 Latinus
801 1366 875 1424 orbis
897 1382 989 1424 ceum-

190 1457 284 1528 batur,
298 1459 422 1532 usurpari
436 1474 497 1517 mos
513 1468 581 1518 erat.

227 1553 312 1625 Cujus
321 1553 449 1627 exemplo
463 1553 554 1612 cateri
565 1570 677 1628 quoquc
690 1570 779 1630 reges,
793 1564 824 1613 ut
834 1555 986 1629 llispaniar,

192 1648 373 1718 Francorum,
399 1649 559 1722 ilungariae‚
583 1657 611 1706 ct
641 1649 776 1723 ejusmodi
791 1649 889 1707 imitati
915 1657 988 1707 sunt.

191 1742 269 1798 lianc
295 1748 388 1799 autem
403 1740 646 1814 consuetudinem3
666 1759 730 1801 curn
745 1759 852 1813 omnes,
877 1752 907 1800 ut
922 1743 978 1800 diri

1041 895 1131 952 manis
1140 894 1315 968 pontificibus
1325 895 1524 968 imperatorum
1531 891 1713 950 Orientalium
1725 890 1838 960 auxilio,

1041 997 1069 1046 et
1098 988 1225 1062 prasidio
1240 987 1315 1047 fultis
1336 988 1557 1057 defendentibus,
1569 1001 1709 1057 nunquam
1732 984 1840 1042 venisse

1042 1083 1159 1157 constat)
1184 1083 1336 1141 obtinuere.
1351 1083 1443 1140 Graeci
1468 1097 1562 1155 porro,
1576 1078 1751 1152 imperatoris
1767 1093 1840 1151 pra·

1041 1176 1119 1235 sidiis
1130 1179 1172 1235 vel
1184 1178 1278 1250 pulsis,
1292 1178 1333 1234 vol
1357 1177 1445 1242 cassis,
1472 1192 1538 1233 cum
1554 1178 1694 1242 Ravenna,
1710 1181 1738 1229 ct
1752 1176 1839 1230 Erar-

1042 1271 1208 1345 cbatu,quae
1230 1273 1288 1330 sola
1302 1272 1333 1329 in
1356 1270 1531 1344 imperatoris
1544 1267 1840 1341 Constantinopolitani

1041 1364 1146 1424 ditione
1169 1366 1306 1439 provincia
1330 1372 1479 1438 supererat,
1504 1363 1600 1436 captis,
1623 1365 1841 1434 Itomaequoque

1042 1460 1094 1517 sub
1108 1476 1171 1533 rege
1192 1459 1337 1533 aistulpho
1363 1458 1540 1532 Langobardi
1562 1456 1710 1525 inhiarent,
1738 1442 1840 1511 multas

1042 1554 1186 1623 Romanis,
1210 1555 1257 1629 qui
1281 1552 1453 1611 deditionem
1476 1552 1566 1609 lacere
1580 1566 1662 1608 suasu
1676 1548 1839 1607 Pontificum

1043 1649 1217 1718 recusabant,
1234 1648 1414 1716 calamitates,
1437 1655 1464 1704 ct
1486 1644 1662 1703 incommoda
1676 1642 1837 1701 intulerunt.

1043 1742 1213 1800 Verebantur
1232 1742 1308 1800 enim
1318 1741 1436 1799 Romani
1446 1736 1839 1814 pontiliccsbongobardorum

981 1785 989 1812 l

191 1834 285 1891 Latini
298 1835 373 1893 orbis
386 1836 527 1906 Ecclesia,
551 1844 611 1895 tum
641 1853 724 1910 sape,
751 1846 779 1895 et
793 1837 841 1895 diu
856 1837 885 1894 in
896 1838 989 1894 multis
1002 1818 1026 1881 Β
1043 1833 1182 1894 feritatem
1198 1844 1226 1894 ct
1238 1835 1403 1905 barbariem,
1418 1835 1554 1908 simulque
1567 1833 1707 1890 naurbem
1717 1834 1837 1887 Romam

192 1943 306 1986 suorum
316 1929 478 2002 pontificum
492 1931 657 1989 lectionibus
667 1932 785 1989 serravit
798 1936 925 1989 Romana
936 1935 989 1989 Ec·
1042 1946 1100 1988 suae
1111 1930 1229 2001 ditionis,
1259 1946 1321 1988 cam
1333 1928 1532 2004 negligentibus
1550 1926 1654 1985 Graecis
1665 1925 1841 1999 imperatori·

191 2021 285 2091 clesia,
300 2031 328 2079 et
342 2025 496 2096 prasertim
519 2024 548 2080 in
570 2025 689 2082 Joannis
708 2028 789 2094 Xlll,
811 2025 933 2098 Gregorii
953 2029 989 2094 V,
1042 2024 1104 2095 bus,
1119 2025 1230 2093 iactam,
1260 2034 1288 2082 et
1311 2024 1390 2098 quus
1402 2033 1537 2096 tanquam
1557 2020 1660 2079 domini
1680 2029 1769 2090 erant,
1785 2019 1837 2077 sibi

194 2115 328 2186 silvestri,
341 2117 509 2190 ‚Clementia
524 2119 648 2187 Damasi,
661 2119 777 2176 Victoris
789 2119 949 2193 Nicolaique
964 2121 988 2175 ll
1043 2120 1187 2193 eriperent.
1210 2122 1270 2193 Quo
1285 2127 1410 2192 tempore
1433 2135 1498 2176 cum
1516 2116 1623 2190 imperii
1641 2115 1766 2172 Romani
1782 2130 1840 2171 ma-

56 2188 63 2199 *
100 2230 103 2235 ·
194 2218 222 2268 ct
243 2210 345 2268 Leoms
365 2212 408 2268 tx
422 2214 615 2301 itomanorum
627 2213 789 2286 pontificum
802 2212 987 2271 lectionibus:
1039 2214 1126 2289 jestas
1139 2212 1300 2281 inoriente,
1316 2211 1469 2269 omniasibi
1485 2210 1609 2268 barbaris
1622 2208 1836 2278 vindicantibus,

193 2304 356 2377 quiomncs,
372 2313 404 2363 ut
423 2321 505 2380 supra
529 2305 662 2377 vidimus,
689 2306 889 2380 imperatorum
903 2305 991 2366 Otho·
1043 2306 1237 2375 obsolesceret,
1265 2322 1297 2363 ac
1321 2306 1423 2363 mnsim
1436 2305 1583 2374 laberetur,
1606 2305 1839 2377 imperatoresque

192 2398 260 2455 nist
274 2406 302 2455 ct
315 2400 365 2469 lll,
377 2399 489 2457 ilenrici
499 2415 608 2474 quoque
620 2403 661 2458 lll
676 2409 704 2458 et
717 2403 755 2458 tv
768 2402 914 2472 sententia,
929 2404 992 2458 Ilo-
1042 2401 1336 2474 constantinopolitani
1354 2400 1382 2457 in
1409 2399 1538 2457 harcsim
1562 2398 1629 2472 lapsi
1655 2397 1838 2455 orthodoxam

193 2492 271 2549 mani
287 2492 432 2566 pontifices
453 2493 511 2550 sine
533 2494 598 2551 cleri
624 2495 743 2552 Romani
755 2495 895 2570 suffragiis
917 2496 990 2565 lecti,
1043 2495 1138 2568 fidem,
1150 2494 1366 2569 catholicamque
1379 2496 1536 2551 Romanam
1550 2493 1711 2561 Ecclesiam,
1727 2491 1842 2565 quaeis

194 2593 223 2643 et
238 2585 273 2643 ab
287 2584 393 2644 eisdem
407 2586 621 2660 imperatoribus
635 2605 682 2661 per
693 2591 826 2647 annulum
845 2599 873 2648 et
887 2590 991 2664 virgam
1045 2591 1178 2649 assentire
1197 2590 1320 2659 nolebat,
1333 2605 1415 2662 super
1432 2587 1583 2661 imaginum
1605 2587 1786 2661 depositione,
1797 2602 1841 2658 op·

193 2678 227 2737 dc
243 2689 344 2754 papatu
353 2683 481 2739 Romano
496 2680 615 2739 investiti
629 2682 749 2741 fuerant.
768 2686 844 2741 Hanc
855 2700 914 2741 rem
929 2693 992 2742 antc
1045 2693 1200 2759 pugnarent
1221 2691 1373 2759 (nunquam
1402 2683 1477 2740 enim
1505 2681 1603 2740 adduci
1623 2689 1770 2755 potuerunt
1790 2683 1843 2737 lto-

193 2773 401 2849 quadringintos
429 2790 516 2833 annos
541 2775 626 2834 tradit
646 2777 810 2836 Guillelmus
830 2778 929 2853 Tyrius
957 2778 992 2836 li-
1044 2780 1119 2837 mani
1134 2779 1289 2854 pontifices,
1301 2786 1332 2836 ut
1352 2778 1444 2851 impiis
1471 2776 1669 2835 abolendamm
1687 2776 1839 2849 imaginum

193 2866 243 2925 bro
258 2882 282 2938 1,
298 2884 358 2943 cap.
381 2874 425 2941 ta,
439 2870 478 2927 De
495 2870 567 2929 bello
583 2887 677 2941 sacro,
694 2871 732 2929 ita
748 2873 819 2945 (itt)
835 2890 843 2931 r
862 2876 991 2931 ilenricus
1046 2873 1163 2932 decretis
1181 2872 1392 2943 subscriberent,
1407 2872 1519 2929 imoeas
1537 2879 1632 2928 conua
1648 2870 1842 2942 imperatorum

194 2960 352 3019 Teutonicus
366 2979 426 3032 ree,
448 2971 474 3021 ct
507 2965 580 3021 mem
603 2970 785 3023 Romanorum
812 2970 991 3039 imperatore
1045 2966 1221 3024 orientalium
1236 2964 1359 3024 lurorem
1382 2964 1499 3022 tuendas
1519 2965 1701 3036 susceperant)
1717 2966 1843 3019 Ronlana

193 3057 322 3128 Gregorio
331 3072 406 3129 papa
418 3058 470 3114 Vn
477 3060 676 3128 pasaasucrut
693 3062 866 3130 questionem,
888 3066 914 3115 et
933 3076 991 3115 cert·
1044 3060 1168 3117 Ecclesia
1180 3059 1216 3116 ob
1230 3074 1277 3115 eas
1302 3074 1400 3115 causas
1423 3057 1601 3115 orientalibus
1627 3056 1755 3113 destituta
1770 3057 1841 3112 auxi·

192 3152 348 3207 noandum
365 3166 423 3205 non
440 3151 573 3206 moenam
591 3166 673 3222 super
686 3152 787 3208 annulo
803 3152 991 3220 destructorum
1043 3152 1097 3223 liis,
1112 3152 1209 3225 quibus
1230 3150 1368 3224 usquead
1392 3166 1424 3207 ea
1437 3159 1563 3222 tempora
1583 3150 1611 3206 in
1626 3148 1728 3205 tuenda
1743 3158 1840 3205 contra

191 3245 374 3316 cpiscoporum
387 3248 413 3300 et
439 3244 541 3300 baculo.
557 3244 709 3301 traiecerat
722 3247 793 3302 atim
818 3247 989 3311 consuetudo,
1006 3211 1029 3275 C
1044 3244 1242 3318 Langobardos
1257 3260 1305 3302 sua
1317 3243 1441 3301 libertate
1453 3260 1502 3300 usa
1514 3243 1614 3309 fuerat,
1631 3243 1666 3299 ab
1687 3240 1790 3298 eisdem
1805 3243 1839 3299 ad

189 3338 344 3409 prasertim
358 3337 391 3393 de
405 3339 528 3409 imperio,
542 3339 614 3410 quod
623 3339 811 3397 decedentibus
823 3339 991 3397 ecclesiarum
1044 3342 1217 3399 Francorum
1232 3338 1384 3413 potentiam
1405 3347 1432 3395 et
1449 3338 1577 3395 virtutem
1598 3345 1658 3393 tum
1673 3336 1793 3393 maxime
1812 3336 1841 3392 in

191 3431 323 3503 maleta,
335 3432 452 3488 amiotus
467 3436 493 3489 et
503 3434 584 3504 uirqu
589 3435 738 3505 pastoralis
750 3435 787 3490 ad
800 3440 835 3493 D.
850 3438 993 3508 imperato
1044 3434 1192 3492 Occidente
1206 3433 1336 3490 llorentes
1349 3432 1494 3506 respicere,
1515 3440 1543 3489 et
1567 3446 1596 3489 se
1613 3439 1774 3488 convertere
1788 3447 1841 3487 ca·

191 3541 251 3582 rem
264 3526 457 3597 dirigebantur
469 3545 479 3597 ,·
491 3527 564 3584 unde
568 3529 742 3599 postmodum
755 3546 839 3586 anum
853 3531 887 3586 de
904 3531 992 3598 fami·
1047 3528 1100 3602 pit,
1114 3538 1196 3602 atque
1210 3528 1245 3585 ab
1259 3527 1299 3585 eis
1312 3526 1511 3585 auriliacontra
1531 3525 1782 3599 Langobardorum
1797 3540 1841 3582 su·

192 3618 309 3679 lioribus
332 3625 358 3676 et
381 3622 527 3693 mpetlanis
545 3624 602 3677 suis
616 3625 774 3679 investitum
797 3625 834 3680 ad
854 3624 991 3680 ecclesiam
1045 3622 1168 3696 perbiam
1178 3623 1326 3695 postulare.

192 3717 333 3769 secantem
340 3712 704 3787 diripebat,utibipastoris
720 3718 881 3787 deoperitur
889 3719 990 3788 asido,
1080 3717 1190 3775 Primus
1199 3717 1274 3774 enim
1284 3714 1438 3789 Stephanus
1458 3718 1496 3784 ll,
1511 3731 1575 3773 cunr
1586 3712 1621 3772 ab
1635 3712 1753 3772 distullo
1764 3717 1840 3771 Lon·

192 3820 246 3862 mu
258 3810 413 3877 inmortale
435 3808 502 3863 cleri
515 3808 649 3865 electione.
667 3810 743 3879 Quod
753 3827 829 3882 papa
847 3812 991 3881 Greqorius
1044 3809 1231 3885 gebardorum
1250 3825 1314 3884 rege
1324 3809 1578 3884 {opprimereturm
1595 3808 1711 3882 Pippino
1724 3808 1843 3865 Franco·

74 3920 78 3925 ·
193 3903 287 3956 caetra
296 3914 400 3956 emnem
409 3902 472 3970 lteri
481 3901 643 3958 donatorem
654 3904 835 3973 considerans,
846 3909 872 3960 et
878 3905 947 3975 jura
962 3908 991 3960 iu
1044 3920 1109 3963 rum
1122 3920 1196 3978 rege,
1211 3913 1239 3962 et
1252 3904 1354 3973 Camli,
1369 3914 1462 3978 postca
1477 3904 1659 3977 imperatoris,
1675 3912 1752 3976 patre
1766 3903 1842 3958 auri·

121 4012 125 4017 ·
192 3995 646 4062 eotactoconculcariecclesiasttca
654 3997 834 4069 perpertdens,
847 3999 938 4065 semet,
953 4013 991 4055 se·
1043 3996 1080 4056 lla
1100 4007 1196 4057 coutm
1217 3998 1416 4073 Langobardos
1434 3997 1596 4071 impetravit
1619 3996 1672 4068 Qui
1690 3997 1718 4051 in
1733 3996 1840 4052 ltaliam

192 4087 288 4151 cundo,
302 4103 334 4143 ac
349 4089 429 4143 tertia
439 4088 561 4143 eumdan
570 4089 762 4161 imperatorem
778 4094 948 4160 commonuit,
958 4097 990 4147 ut
1042 4092 1155 4150 veniens
1168 4091 1266 4150 urbem
1276 4095 1399 4150 Romam
1411 4091 1557 4164 sedemque
1572 4089 1753 4164 apostolicam
1764 4105 1840 4162 egre·

193 4196 212 4236 a
236 4185 292 4237 tam
316 4181 472 4237 detestabili
498 4182 640 4239 desisteret
656 4188 865 4256 presumptione
879 4203 889 4239 .·
913 4202 991 4257 quan
1042 4185 1086 4261 gie
1110 4194 1215 4245 tutatus
1228 4193 1280 4255 est,
1299 4185 1505 4259 aistulfumque
1525 4184 1581 4241 acie
1595 4183 1699 4240 victum
1717 4190 1745 4240 et
1766 4181 1842 4256 pacis

142 4342 145 4347 Ι
189 4274 333 4346 preceptis
344 4275 511 4331 salutaribus
523 4279 715 4333 commonitam
729 4295 790 4334 cum
804 4294 989 4336 reuocareuon
1042 4280 1216 4338 conditiones
1227 4279 1347 4353 accipere
1359 4278 1567 4349 coactum,diu,
1583 4277 1654 4336 dum
1667 4277 1742 4344 uixit,
1755 4276 1784 4332 in
1795 4275 1838 4333 ol·

189 4372 291 4441 posset,
321 4369 426 4426 uinaria
449 4369 631 4428 cantante
663 4373 815 4439 innodavit,
843 4374 916 4444 quod
942 4376 989 4442 ta·
1044 4372 1106 4432 licio
1117 4374 1264 4445 continuit,
1278 4382 1306 4431 at
1317 4372 1653 4443 exarchatumRarcnnae,
1663 4387 1745 4446 quem
1761 4370 1843 4443 paulo

192 4467 265 4519 ctum
277 4464 361 4521 nimis
373 4466 521 4537 imperator
530 4465 645 4536 indique
663 4468 738 4537 tulit,
752 4476 804 4524 etc.
815 4468 884 4525 Haee
897 4477 990 4525 autem
1044 4477 1108 4526 ante
1116 4467 1247 4527 aistulfus
1253 4468 1287 4526 dc
1299 4468 1401 4527 Graccis
1411 4468 1437 4524 ri
1446 4467 1654 4536 abstulerat,eis
1663 4466 1842 4538 ademptum,

193 4556 288 4614 omnia
326 4564 357 4614 ut
385 4557 540 4617 accuratius
561 4558 674 4634 intelligi
708 4569 818 4633 queant,
840 4561 904 4634 quia
926 4570 991 4619 sunt
1044 4565 1251 4622 Romanaetum
1268 4563 1389 4636 primum
1404 4561 1532 4620 Ecclesia
1551 4561 1674 4619 donarit.

192 4650 305 4725 cognitu
326 4666 384 4708 non
411 4651 531 4728 indigna,
563 4669 638 4711 nunc
662 4653 821 4713 brevissime
839 4654 873 4712 ab
887 4626 1030 4730 arianen
1080 4656 1200 4715 distullb
1222 4657 1474 4731 Langobardorum,
1500 4664 1528 4712 et
1541 4654 1657 4728 Pipplno
1669 4656 1843 4713 Francorum

191 4750 329 4817 repetam,
344 4743 613 4819 breviquesermonc
626 4762 869 4824 percurramque
882 4749 991 4808 duobus
1046 4752 1155 4825 regibus
1173 4751 1228 4807 rita
1242 4747 1352 4821 functis,
1367 4751 1482 4808 Carolus
1494 4749 1617 4818 Francis,
1639 4758 1667 4806 et
1679 4747 1840 4807 Desiderius

194 4836 271 4896 libris
285 4853 369 4910 supra
382 4838 488 4913 scripsi.

228 4929 452 4990 PostJustiniani
465 4932 638 5007 imperatoris
667 4944 792 5010 tempora
819 4936 989 5013 Gothosque,

192 5022 282 5095 ltalia,
295 5039 348 5098 qua
359 5040 410 5099 per
432 5039 539 5085 nxxvrr
551 5043 639 5085 annos
649 5030 728 5102 potiti
742 5030 858 5100 fuerant,
881 5033 916 5089 ab
930 5031 990 5105 ojus

190 5116 308 5203 ducibus
333 5118 471 5190 belisario,
494 5128 523 5178 ct
538 5120 637 5191 Narse,
657 5120 730 5180 bollo
748 5138 834 5181 xvttr
851 5141 990 5183 annorum

155 5198 163 5215 “
192 5219 333 5285 postremo
347 5220 466 5280 exactos,
480 5213 607 5287 Vigilius,
632 5216 678 5289 qui
700 5223 767 5274 tunc
788 5216 917 5291 pontifex
930 5221 989 5278 Ro·

81 5340 86 5351 -
192 5320 292 5363 manus
306 5314 375 5371 erat,
387 5307 558 5379 caemrisque,
570 5308 617 5380 qui
632 5318 767 5383 postcom
777 5309 900 5382 fuerant,
913 5329 988 5370 sunr-

192 5398 233 5456 ml
256 5399 412 5469 Pontifices,
425 5404 528 5471 Roma,
541 5409 569 5458 ct
582 5419 613 5461 ea
628 5404 712 5462 ltalia
735 5422 807 5479 pars,
819 5423 881 5479 quac
894 5409 989 5465 aLon-

193 5492 320 5568 gobardir
342 5488 470 5568 occupari
481 5511 538 5553 non
553 5496 651 5569 potuit,
662 5498 708 5556 diu
723 5500 775 5556 sub
794 5500 906 5573 imperii
919 5502 991 5558 Con·

191 5586 427 5662 stantinopelitani
457 5597 591 5663 potestate
609 5600 637 5648 et
657 5594 829 5666 protectione
866 5594 988 5665 luerunt,

192 5681 296 5741 scilicet
320 5698 407 5757 usque
433 5680 471 5740 ad
483 5684 586 5742 [coms
596 5686 783 5758 iconomachi,
805 5696 835 5746 et
859 5689 987 5762 Gregorii

1045 4845 1235 4919 Langobardis
1254 4845 1396 4918 praefuere.
1424 4847 1548 4916 Quorum
1572 4842 1617 4901 ille
1637 4842 1762 4916 obsequii
1777 4857 1842 4914 erga

1046 4940 1202 4996 Romanam
1225 4938 1388 5007 Ecclesiam,
1415 4937 1462 4995 hio
1475 4953 1541 4995 vcro
1569 4936 1626 4996 odii
1642 4934 1767 4995 herma
1782 4934 1844 4991 fuc-

1045 5039 1120 5091 runt.
1144 5029 1312 5102 Desiderius,
1334 5031 1456 5089 Adriano
1488 5032 1575 5105 papa',
1601 5031 1670 5088 adeo
1694 5032 1843 5086 Romanos

1045 5141 1142 5184 vexare
1156 5134 1184 5184 et
1196 5141 1353 5201 oppugnare
1380 5126 1474 5199 coepit,
1499 5132 1530 5183 ut
1548 5122 1678 5199 ponifex,
1698 5120 1745 5195 qui
1759 5121 1843 5195 longc

1045 5219 1135 5295 impar
1161 5219 1409 5295 longobardorum
1435 5219 1540 5276 viribus
1564 5226 1630 5286 erat,
1662 5214 1844 5273 orientalibus

1044 5313 1152 5370 auxiliis
1173 5313 1332 5382 destitutus,
1360 5322 1472 5372 coaetus
1485 5314 1520 5371 sit
1531 5310 1654 5383 exemplo
1670 5309 1803 5383 Stephani
1817 5311 1843 5365 ll

1045 5408 1176 5464 Carolum
1188 5413 1321 5482 Magnum
1327 5408 1433 5482 Pippini
1448 5408 1535 5465 lilium
1556 5407 1725 5462 Francorum
1738 5420 1842 5477 regent,

1045 5501 1181 5560 Smonico
1195 5502 1267 5560 bello
1282 5512 1348 5561 tune
1360 5501 1533 5578 implicitum,
1547 5500 1576 5556 in
1592 5498 1700 5556 ltaliam
1713 5497 1843 5556 Ecclesia

1045 5600 1180 5654 Romanu
1188 5596 1291 5656 auxilio
1303 5612 1427 5655 evocare.
1436 5596 1499 5669 Qui,
1508 5592 1628 5666 pontifici
1638 5594 1843 5671 obtqmperms,

1045 5689 1076 5748 in
1088 5691 1196 5750 ltaliam
1206 5690 1309 5765 ingenti
1327 5707 1392 5750 cum
1414 5687 1545 5758 excrdtu,
1570 5686 1842 5762 alpibusrupaarts,

187 5832 190 5843 ·
228 5797 302 5871 (227)
323 5797 448 5857 'tradidit
467 5799 580 5885 quidem
599 5802 654 5862 hoc
674 5804 784 5879 Tyrius,
803 5805 917 5865 sednon
940 5804 1118 5880 approbarit,
1135 5808 1190 5868 imo
1215 5824 1342 5882 expresse
1358 5802 1543 5921 qqpmmtiti,
1563 5812 1592 5865 et
1610 5819 1662 5879 pro
1688 5800 1842 5864 detestabili

193 5868 394 5932 amaraco
404 5869 511 5931 habult.
584 5910 586 5921 ·
