3870 6164
159 281 226 336 1173

608 289 752 345 arenul).
773 291 817 346 111.
836 321 871 331 -
889 289 1098 347 uouuusuta
1118 292 1348 350 eustosinus.

1737 305 1805 360 lltt

155 407 238 462 aione
254 408 355 477 privari
372 416 400 463 et
413 410 446 463 ab
461 410 580 465 Ecclesia
596 420 718 469 extorres
731 413 790 470 fieri
801 416 951 487 iusserunt.
967 421 994 483 Α
1008 417 1082 472 boue
1096 426 1266 489 praeventnm
1280 421 1534 488 excommunicavit,
1553 438 1586 479 eo
1604 424 1678 497 quod
1695 426 1739 483 ille
1760 429 1804 484 in-

1007 509 1077 582 juste
1092 511 1243 569 Adriauum
1253 512 1391 570 Thebanae
1405 515 1482 571 urbis
1496 516 1653 588 episcopum
1666 517 1804 592 deponere

155 502 200 567 El,
214 515 271 556 nou
285 502 375 556 solum
391 501 531 567 facientes,
544 503 592 559 sed
605 506 645 561 eis
655 509 867 565 consentientes.
883 528 898 564 a

191 597 261 650 item
291 595 508 653 sacratissimum
537 598 759 658 Chalcedonense
787 603 951 670 concilium,

151 688 300 760 Evangelio
325 689 353 743 in
367 691 539 746 veneratione
562 695 792 765 comparandum,
818 713 878 767 cap.
907 702 951 766 ts,

151 780 375 854 irrefragabiliter
387 783 508 840 decrevit
521 785 616 842 dicens
632 806 639 842 :
657 810 670 836 α
690 789 718 844 Si
733 790 779 862 qui
792 790 894 857 clerici,
910 791 951 847 sel

152 876 282 932 monaebi
296 877 394 948 reperti
410 876 513 934 luerint
526 881 714 952 conjurantes,
729 893 777 939 aut
789 885 950 956 conspiran-

150 970 376 1035 tes,autiosidias
385 975 670 1046 ponentesepiscopis,
680 984 727 1031 aut
736 977 851 1047 clericis,
862 978 950 1051 gradu

152 1064 591 1137 propriopeuitusabjiciaolur.»

186 1160 271 1226 Ergo,
282 1174 353 1229 quos
362 1159 408 1215 SS.
420 1161 523 1227 Patres,
536 1162 620 1217 etiam
635 1171 699 1219 ante
711 1164 899 1220 examinatum
907 1165 951 1237 ju·

149 1251 253 1309 dicium
266 1250 457 1324 degradandos
466 1268 527 1310 esse
542 1257 584 1311 vel
601 1257 711 1327 penitus
724 1256 759 1313 ab
773 1258 893 1315 Ecclesia
904 1260 952 1315 ab·

146 1344 286 1417 jiciendos
305 1345 513 1403 districtissime
531 1348 736 1420 judicaverunt,
762 1351 813 1408 bos
828 1350 950 1409 donmus

149 1438 318 1510 apostolicus
337 1455 387 1511 per
407 1441 538 1512 synodale
550 1441 687 1513 judicium
701 1445 770 1500 satis
790 1446 947 1501 misericor·

150 1531 223 1589 diter
232 1548 319 1605 usquc
329 1533 365 1588 ad
374 1532 592 1591 satislactionem
602 1534 694 1592 ollicio
709 1546 738 1592 et
750 1538 948 1595 communione

1007 607 1222 676 praesumpserit.
1244 607 1286 662 Sic
1304 607 1396 680 utique
1416 616 1444 663 et
1463 619 1557 665 noster
1571 613 1734 681 apostolicus
1749 617 1804 686 epi-

1006 712 1104 768 scopos
1118 698 1282 756 indubitatae
1296 702 1477 758 contumaciae
1494 718 1550 758 non
1564 713 1677 760 vocatos
1692 724 1802 764 encom-

1006 792 1148 847 municare
1162 792 1263 863 potuit;
1279 794 1326 866 qui
1341 811 1395 850 non
1409 811 1495 852 unvtm
1510 798 1685 854 solummodo
1700 801 1803 870 episco-

1007 899 1083 954 pum,
1098 884 1147 940 sed
1159 893 1247 941 totam
1267 889 1424 943 Romanam
1439 891 1577 960 synodum
1597 890 1800 950 deauctorizare

1006 986 1192 1034 tentaverunt.
1209 978 1279 1035 lllud
1293 995 1357 1036 sane
1371 984 1527 1053 exenrplum
1541 983 1577 1039 illi
1591 987 1676 1041 nostri
1693 988 1802 1058 conspi-

1004 1079 1111 1129 ratores
1122 1088 1216 1129 secum
1227 1089 1308 1147 agere
1319 1084 1494 1145 putaverunt,
1502 1076 1578 1148 juxta
1590 1078 1668 1151 cujus
1678 1082 1801 1137 edictum

1004 1180 1035 1220 se
1047 1166 1246 1223 rationabiliter
1260 1169 1513 1225 excommunicatos
1533 1186 1591 1226 esse
1612 1187 1668 1227 uon
1683 1172 1797 1230 dubita-

1005 1254 1082 1323 bunt,
1103 1255 1125 1310 si
1142 1272 1284 1312 sacrorum
1307 1272 1444 1313 canonum
1464 1253 1581 1314 lectores
1604 1261 1796 1333 potiusquam

1003 1362 1177 1419 perversores
1188 1365 1247 1405 esse
1260 1350 1364 1406 uolucri
1368 1358 1407 1405 ot.

1038 1443 1153 1498 Frustra
1166 1458 1276 1515 quoque
1290 1444 1461 1523 proclamant
1473 1461 1568 1502 secum
1583 1447 1718 1519 agendum
1739 1448 1801 1506 lore

1003 1551 1036 1591 eo
1046 1535 1187 1607 judicandi
1198 1535 1303 1603 ordine,
1317 1537 1365 1593 ribi
1379 1538 1558 1596 manifeslrun
1575 1539 1677 1598 laetum
1690 1543 1799 1599 crimen

150 1626 281 1697 privarit,
293 1642 356 1698 quaa
370 1635 462 1683 tamen
476 1627 517 1683 eis
529 1628 654 1686 noudum
663 1646 696 1687 eo
708 1632 823 1688 crimine
831 1633 948 1703 expiatis
1001 1644 1060 1684 esse
1078 1628 1227 1685 dubitatur·
1247 1633 1329 1695 Nam,
1354 1641 1385 1687 ut
1409 1632 1490 1688 nobis
1515 1632 1633 1701 videtur,
1656 1636 1690 1691 de
1718 1637 1794 1692 nullo

149 1720 315 1792 periculosa,
339 1721 397 1777 imo
421 1721 570 1792 perniciosa
593 1720 663 1793 fore,
688 1725 712 1780 si
736 1733 946 1797 usurparentur,
1002 1721 1074 1778 laeto
1093 1739 1129 1778 an
1143 1724 1249 1779 crimen
1264 1724 1302 1780 sit
1320 1733 1361 1781 est
1375 1726 1569 1794 dubitandum,
1590 1728 1664 1799 quod
1679 1728 1797 1786 definitis

149 1829 205 1870 oon
227 1815 374 1887 ignoravit.
963 1813 987 1875 B
1001 1824 1161 1873 sauctorum
1172 1820 1283 1873 Patrum
1295 1819 1439 1875 sententiis
1449 1821 1612 1892 generaliter
1620 1838 1670 1894 pro
1683 1823 1798 1879 crimine
1818 1830 1821 1837 '

182 1909 310 1964 Forsitan
324 1909 423 1980 aliquis
436 1925 534 1967 eorum
547 1910 613 1968 dicit
629 1931 636 1967 :
654 1915 717 1969 Non
739 1929 788 1985 pro
803 1914 948 1987 conspira-
1000 1909 1163 1966 damnatum
1177 1909 1375 1968 manifestatur.
1396 1914 1425 1967 Si
1438 1914 1512 1968 enim
1528 1929 1560 1969 ea
1574 1930 1636 1987 quae
1650 1916 1688 1970 illi
1712 1933 1797 1990 geae-

145 2004 224 2059 tione
246 2001 403 2058 habendum
417 2003 492 2075 quod
513 2012 609 2060 contra
635 2005 711 2062 illum
736 2005 841 2065 lactum
864 2007 949 2066 fuerit
1000 2004 1095 2061 raliter
1108 2011 1136 2059 et
1148 2003 1315 2076 synodaliter
1327 2005 1492 2076 prohibuere
1503 2023 1538 2062 an
1552 2008 1638 2079 eulpae
1652 2009 1798 2065 sintdubi·

145 2111 232 2169 quem
253 2111 303 2168 pro
324 2096 452 2169 episcopo
475 2096 577 2153 bahem
598 2098 750 2155 noluerint.
773 2098 827 2157 Sed
848 2100 908 2169 ille,
923 2104 947 2158 sl
1000 2097 1161 2166 laverimus,
1179 2098 1361 2154 nibilominus
1375 2099 1409 2154 de
1423 2115 1520 2155 eorum
1534 2102 1652 2169 statutis,
1671 2119 1707 2158 an
1718 2104 1796 2175 justa

145 2198 242 2246 tamen
256 2191 400 2262 episcopus
414 2199 471 2259 est,
496 2190 592 2247 audiat
612 2211 620 2246 ε
645 2192 777 2265 Nunquid
793 2202 821 2249 ct
840 2209 869 2250 se
894 2211 945 2266 pro
999 2190 1055 2245 siut
1067 2189 1193 2246 dubitare
1207 2189 1372 2253 videbimur.
1390 2192 1472 2260 Quod
1484 2196 1518 2247 B.
1540 2194 1599 2249 Leo
1614 2210 1693 2266 papa,
1708 2197 1795 2252 Leoni

143 2283 274 2356 episcopo
283 2283 440 2340 babendum
448 2299 505 2339 non
516 2300 576 2341 esse
586 2283 721 2353 decernit,
735 2287 829 2358 siquis
839 2303 873 2343 en
886 2288 945 2361 ejus
999 2285 1125 2356 Augusto
1149 2283 1272 2339 scribens
1298 2287 1385 2355 (epist.
1401 2289 1457 2352 18),
1483 2286 1593 2356 penitus
1618 2287 1761 2357 prohibuit
1787 2309 1795 2344 ε

144 2376 262 2434 subditis
274 2392 339 2432 eum
354 2377 382 2431 in
403 2378 477 2432 nrvlla
504 2377 602 2434 haeresi
626 2378 808 2451 publicatum,
824 2396 876 2437 nec
896 2398 945 2453 pro
1000 2400 1013 2425 ι
1027 2378 1097 2449 Quae
1107 2376 1241 2448 patefacta
1252 2386 1332 2447 sunt,
1344 2377 1448 2450 inquit,
1462 2394 1595 2451 quaerere,
1605 2395 1667 2453 quae
1676 2381 1797 2452 perlecta

142 2471 239 2544 aliquo
250 2470 366 2526 erimine
376 2471 551 2538 damnatum,
563 2488 612 2543 pro
624 2473 752 2545 episcopo
767 2474 869 2530 babere
880 2492 945 2532 con·
997 2479 1063 2526 sunt
1078 2479 1241 2539 retractare;
1257 2481 1399 2542 quaesunt
1415 2471 1527 2528 delinita
1548 2474 1714 2545 convellere,
1729 2475 1795 2547 quid

143 2565 279 2636 tempsit?
292 2566 354 2620 Non
369 2566 465 2637 utique
478 2565 629 2632 eredimus,
644 2565 710 2621 dum
723 2567 793 2623 adeo
807 2568 846 2623 eis
857 2570 945 2641 sapiat
997 2562 1073 2619 aliud
1086 2572 1128 2619 est
1138 2579 1222 2636 quam
1236 2563 1271 2618 de
1281 2563 1387 2635 adeptis
1397 2565 1516 2637 gratiam
1532 2582 1587 2621 non
1600 2566 1711 2637 relerre,
1723 2569 1796 2626 etad

142 2657 327 2730 episcopatus.
355 2661 427 2730 Ergo
452 2675 508 2715 nou
525 2658 661 2731 denegent
684 2676 735 2716 suo
751 2661 856 2732 pastori
871 2662 944 2734 quod
997 2655 1150 2712 interdictae
1164 2657 1271 2729 arboris
1286 2655 1378 2712 cibum
1394 2657 1535 2728 improbos
1546 2660 1683 2730 appetitus
1695 2663 1794 2717 morti-

142 2750 199 2809 sibi
214 2767 229 2807 e
242 2751 358 2808 subditis
371 2752 428 2808 suis
442 2753 549 2809 nollent
565 2751 710 2826 denegari;
727 2754 774 2810 sed
784 2754 863 2826 juxta
877 2755 945 2812 illud
998 2748 1062 2806 lerae
1076 2749 1231 2820 cupiditatis
1243 2750 1411 2806 estendere?
1427 2773 1439 2799 n
1458 2749 1537 2806 Idem
1553 2752 1583 2807 io
1597 2754 1792 2824 sequentibus:

142 2844 233 2903 sancti
254 2846 355 2902 Leonis
368 2845 508 2902 decretum
532 2866 538 2902 :
567 2869 580 2894 a
598 2847 801 2914 Obedientiam,
817 2865 904 2920 quam
926 2865 944 2907 a
999 2866 1012 2891 ι
1028 2847 1070 2898 De
1087 2843 1178 2910 rebus,
1194 2843 1293 2915 inquil,
1304 2851 1331 2898 et
1342 2842 1414 2913 apud
1428 2844 1551 2899 Nicaeam
1561 2854 1589 2900 et
1602 2845 1674 2917 apud
1684 2846 1794 2902 Chalce-

141 2937 259 2995 subditis
275 2939 465 3009 suberigunt,
483 2940 569 2995 etiam
584 2940 634 3011 ipsi
647 2942 760 3011 praelato
775 2957 826 2996 suo
838 2941 943 3012 depen-
997 2937 1097 2993 donam
1113 2936 1193 3004 (siout
1210 2940 1265 2992 Deo
1292 2936 1401 3008 placuit)
1424 2936 1553 3004 definitis,
1579 2937 1687 2994 nullum
1708 2938 1793 2995 aude·

140 3031 224 3089 daut.
246 3033 351 3104 Quippe
366 3041 392 3088 et
406 3033 459 3103 ipsi
475 3049 539 3089 enm
556 3034 641 3089 etiam
666 3049 700 3090 eo
720 3042 855 3106 tempore,
878 3051 943 3091 cum
997 3045 1060 3086 mus
1071 3030 1140 3086 inire
1147 3038 1306 3094 tractatum,
1318 3038 1446 3100 tanquam
1459 3030 1540 3086 dubia
1553 3031 1593 3086 vel
1606 3030 1715 3086 inlirma
1724 3032 1791 3095 siut,

139 3125 339 3197 conspirarent,
363 3141 412 3197 pro
435 3127 564 3198 episcopo
579 3127 736 3184 babendum
757 3127 840 3184 luisse
858 3127 943 3185 modo
997 3138 1059 3195 quae
1080 3131 1154 3178 teuta
1169 3139 1218 3194 per
1236 3123 1370 3194 Spiritum
1383 3132 1513 3179 sanctum
1532 3123 1790 3179 lixitauetoritas.·

140 3218 351 3282 demonstrant;
366 3219 409 3274 cui
425 3236 473 3292 pro
486 3219 584 3276 eadem
597 3221 801 3292 conspiratione
812 3221 846 3277 ad
860 3191 980 3278 satis·C
999 3216 1071 3272 ldem
1088 3215 1122 3272 ad
1138 3218 1303 3272 blartianum
1318 3218 1493 3288 Augustum:
1511 3239 1524 3265 a
1540 3216 1567 3273 Si
1583 3216 1649 3288 quid
1663 3232 1789 3288 usquam,

138 3310 290 3369 factionem
305 3312 396 3368 venire
419 3329 477 3368 nou
491 3322 609 3369 cessant.
626 3337 639 3363 a
668 3318 783 3384 ltempe,
799 3316 822 3370 si
841 3316 943 3372 nullius
998 3310 1175 3380 inquit,aliter
1190 3324 1271 3381 quam
1293 3310 1378 3364 sancti
1397 3313 1489 3365 Patres
1508 3318 1628 3368 uatrrere
1642 3311 1789 3382 praesumi-

138 3406 353 3477 conspirationis
363 3415 439 3463 reatu
450 3406 558 3462 obnoxii
569 3416 737 3473 tenerentur,
746 3409 805 3463 sine
816 3410 943 3480 exemplo
997 3413 1052 3470 tur,
1070 3403 1127 3458 sine
1141 3402 1315 3458 reluctatione
1328 3403 1489 3458 cassabitur.
1510 3426 1523 3451 »

139 3507 236 3559 nmen
246 3499 309 3571 jure
322 3498 534 3567 damnarentur3
550 3501 609 3573 qui,
630 3502 689 3556 siue
703 3501 829 3572 exemplo
842 3510 942 3557 coutu—
1002 3549 1006 3565 ,
1033 3499 1105 3567 Ergo
1118 3496 1159 3551 illi
1176 3495 1264 3551 nostri
1277 3496 1478 3566 conspiratores
1492 3495 1672 3554 manifestum
1686 3495 1791 3555 lactum

138 3592 261 3649 mamam
271 3608 352 3649 suam
366 3593 394 3647 iu
408 3596 534 3648 Romana
548 3592 653 3664 synodo
669 3593 818 3665 publicare,
831 3602 858 3648 et
867 3595 943 3650 insu·
996 3605 1076 3646 suum
1101 3605 1137 3643 an
1151 3589 1254 3644 crimen
1269 3596 1341 3643 esset
1355 3588 1495 3645 incassum
1509 3587 1607 3645 discuti
1633 3591 1789 3660 voluerunt,

137 3700 191 3757 per
200 3685 326 3744 eamdem
333 3685 470 3758 synodum
482 3685 636 3742 disturbare
647 3696 889 3758 praesumpserunt.
899 3691 941 3743 la·
996 3682 1070 3755 quod
1082 3690 1110 3737 et
1120 3683 1170 3755 ipsi
1184 3698 1198 3736 a
1214 3681 1335 3737 delinitis
1349 3690 1508 3739 sanctorum
1521 3684 1634 3739 Petrum
1645 3687 1790 3741 sententiis

137 3792 252 3835 mesum
275 3793 305 3835 se
332 3777 437 3850 absque
470 3778 598 3850 synodica
625 3780 768 3835 vocatione
798 3779 943 3837 damnatos
996 3792 1046 3848 pro
1056 3774 1343 3832 orimiuedamnatum
1354 3775 1542 3833 indubitanter
1555 3786 1699 3833 noverunt.
1710 3778 1790 3834 Unde

136 3881 361 3944 conqueruntur,
376 3889 440 3928 eum
454 3880 483 3928 et
497 3872 550 3928 boc
563 3873 589 3927 in
605 3873 817 3944 provincialibus
831 3874 942 3945 synodis
995 3886 1063 3936 non,
1087 3878 1117 3925 ut
1139 3868 1229 3924 dubiis
1251 3868 1412 3925 criminibus
1436 3869 1559 3942 obligati,
1591 3886 1639 3943 per
1664 3870 1791 3928 inducias

138 3980 193 4039 pro
205 3966 338 4023 canomco
347 3965 519 4021 custodiatur
532 3974 564 4020 ut
572 3966 716 4038 cujuslibet
727 3969 901 4023 coutumacia
912 3968 941 4021 in
995 3973 1073 4020 eraut
1086 3962 1279 4034 exspectandi3
1301 3963 1368 4029 imo,
1391 3971 1421 4019 ut
1434 3972 1623 4032 contumaces,
1639 3972 1667 4020 et
1681 3967 1792 4036 apertis·

136 4058 250 4131 synodo
265 4058 410 4130 publicato,
434 4059 587 4115 nullatenus
607 4068 688 4114 exeat
701 4059 848 4129 impunita,
865 4061 938 4128 lieet,
996 4057 1056 4112 simi
1071 4071 1208 4112 canonum
1218 4065 1433 4128 contemptores,
1448 4055 1552 4128 absque
1567 4057 1697 4114 dilatione
1712 4067 1789 4114 eraut

134 4152 177 4209 ad
191 4150 280 4224 ipsam
301 4152 437 4224 synodum
452 4151 710 4209 deauctorizandam
726 4152 762 4207 ibi
783 4161 939 4223 perpetrata
994 4148 1162 4216 damnandi,
1184 4149 1218 4205 dc
1238 4149 1338 4220 qulbus
1357 4148 1447 4205 dimna
1461 4151 1602 4222 Scriptura
1616 4151 1789 4220 apertissime

135 4261 200 4303 nou
214 4245 367 4318 detegatur.
482 4237 486 4244 ’
993 4243 1093 4309 sanxit,
1109 4249 1141 4296 ut
1163 4240 1375 4313 carthaginense
1398 4243 1546 4299 concilium
1561 4259 1621 4313 cap.
1643 4246 1659 4297 5
1685 4244 1786 4300 coned-

175 4339 311 4395 Prtelerea
327 4342 460 4394 Romanae
473 4337 545 4394 sedis
556 4338 711 4410 episeopus,
729 4338 807 4410 Juxta
828 4340 938 4411 privile·
993 4336 1056 4402 tuit,
1070 4350 1126 4389 non
1138 4342 1180 4390 est
1191 4333 1345 4390 disserenda
1364 4336 1500 4391 sententia
1511 4377 1518 4402 ,
1529 4336 1585 4391 sed
1601 4337 1692 4407 potius
1711 4352 1789 4392 erse-

136 4432 221 4505 gium
235 4448 328 4500 suum,
344 4441 374 4488 ut
385 4432 444 4503 jam
457 4432 668 4504 prelibavimus,
683 4434 785 4504 absque
799 4433 876 4489 omui
892 4449 937 4506 sy·
992 4427 1112 4501 quenda.
1123 4426 1205 4484 Unde
1215 4429 1280 4483 ets.
1292 4427 1441 4500 Gregorius
1451 4427 1603 4483 blariniauo
1613 4428 1788 4495 abbati,etc.,

136 4525 218 4581 nodo
244 4523 377 4582 damnare
401 4533 502 4597 potest,
527 4527 568 4582 sel
600 4527 778 4583 reconciliare
805 4527 939 4599 quoslibet
994 4521 1116 4578 scribens
1131 4525 1219 4592 (episi.
1248 4526 1301 4588 27),
1323 4528 1451 4588 testatur,
1466 4519 1558 4575 dicens
1582 4537 1590 4574 t
1614 4543 1627 4568 ι
1648 4522 1677 4576 81
1700 4537 1731 4577 ea
1754 4522 1789 4577 de
1831 4522 1839 4533 “

136 4617 325 4689 damnandos,
349 4619 389 4675 rel
413 4618 639 4675 reconciliandos.
654 4621 700 4675 Sic
723 4621 798 4676 enim
819 4622 847 4677 S.
868 4621 939 4677 Gre·
955 4588 981 4651 D
995 4616 1093 4689 quibos
1106 4619 1182 4670 Deus
1204 4615 1381 4671 vehementer
1398 4611 1549 4668 offenditur
1568 4613 1674 4685 insequi
1690 4615 1730 4671 vel
1745 4616 1788 4671 ul-

135 4712 240 4785 gerius
279 4711 312 4769 ad
351 4711 514 4767 ianuarium
557 4712 742 4768 Caralitanum
779 4713 938 4785 episcopum
994 4711 1057 4766 uisci
1080 4708 1252 4774 dillcrimus,
1276 4707 1311 4763 ad
1324 4708 1500 4762 irascendum
1523 4705 1615 4778 utique
1631 4708 1787 4764 Divinitatis

136 4804 343 4872 scribentum.
370 4820 424 4873 vu,
451 4808 529 4875 epist.
548 4805 604 4875 st),
624 4805 795 4861 consiliarios
816 4807 939 4878 ejusdem
994 4803 1153 4874 patiemiam
1171 4816 1361 4872 provocamus.
1382 4823 1396 4849 »

135 4898 263 4971 episcopi
283 4899 358 4954 nulla
373 4897 506 4972 synodica
519 4898 661 4954 vocatione
674 4907 838 4970 praeveutos,
855 4915 940 4970 usque
1030 4897 1099 4950 item
1114 4893 1316 4966 piaememoriae
1331 4893 1788 4966 Damasuspapascribensadste·
1890 4924 1903 4931 -

135 4990 177 5049 ad
189 4990 407 5049 samncuonem
420 5008 436 5047 a
449 4992 648 5049 commuuione
662 4993 791 5064 privavit;
806 5008 855 5064 per
869 5008 939 5064 quo-
994 4989 1115 5061 phanum
1145 4987 1383 5060 archiepiscopum
1405 4987 1595 5057 Mauritaniae,
1620 4997 1647 5045 et
1668 4990 1788 5060 reliquos

137 5099 207 5141 rum
230 5084 378 5142 consilium
402 5083 476 5140 idem
492 5085 637 5158 episcopus
662 5085 873 5140 Dominicorum
896 5085 939 5141 die
994 5082 1137 5154 episcopos
1152 5079 1274 5138 Africae:
1293 5104 1306 5129 ι
1322 5083 1377 5155 Qui
1391 5088 1494 5153 potest,
1507 5082 1608 5155 inquit,
1625 5082 1747 5151 obviare,
1760 5089 1788 5137 et

135 5192 263 5235 messem
274 5178 459 5250 quorumdam
471 5176 674 5234 furiosamente
685 5178 818 5234 exaravit.
835 5178 939 5234 Nibilo
994 5177 1153 5249 perturbare
1175 5190 1328 5248 perversos,
1344 5184 1372 5231 et
1394 5192 1451 5232 nou
1470 5175 1548 5246 lacit,
1564 5174 1629 5231 nibil
1648 5173 1723 5230 aliud
1747 5183 1789 5230 est

134 5271 232 5329 minus
244 5280 273 5328 et
285 5270 374 5327 nostri
387 5271 522 5343 temporis
537 5272 685 5343 Gregorius
696 5274 730 5328 ad
741 5271 844 5327 unllam
858 5287 938 5344 syno-
991 5286 1078 5343 quam
1091 5268 1293 5327 eommlevere
1306 5269 1447 5341 impietati.
1466 5294 1479 5320 ι

132 5362 209 5423 dum
232 5373 354 5434 vocatos,
380 5372 503 5421 alumen
519 5367 696 5437 praesentario
726 5365 843 5422 crimine
866 5367 938 5422 obli·
1027 5367 1096 5421 Tres
1123 5363 1223 5420 modos
1253 5362 1491 5431 anathematismi,
1515 5375 1585 5433 quos
1612 5358 1789 5416 Triburiense

133 5466 219 5533 gatos
245 5455 378 5514 damnare
411 5457 512 5530 potuit.
546 5459 598 5514 Per
627 5475 745 5531 quorum
779 5461 937 5524 consilium,
992 5457 1140 5513 concilium
1155 5456 1234 5513 nobis
1249 5457 1403 5528 prescribit,
1419 5471 1476 5511 nou
1490 5462 1548 5509 tum
1563 5452 1702 5526 generales
1715 5452 1791 5511 aidr-

134 5549 278 5609 flenrieus
290 5566 338 5607 rex
350 5566 469 5608 messem
484 5567 541 5606 non
554 5559 704 5617 terrenam,
717 5569 765 5609 rex
778 5553 938 5609 ecclesiasti·
991 5564 1067 5606 mare
1076 5550 1268 5622 presumimus
1280 5560 1310 5606 ut
1322 5550 1430 5606 nullum
1447 5548 1549 5618 absque
1563 5546 1693 5620 synodica
1708 5563 1791 5605 roca-

134 5659 202 5701 cam
216 5659 288 5701 nova
304 5644 519 5717 presumptione
532 5646 641 5717 penitus
655 5645 796 5702 devastare
813 5647 936 5703 tentavit.
992 5645 1066 5700 tione
1080 5643 1268 5699 damnandum
1286 5642 1343 5698 lore
1360 5650 1456 5697 contra
1470 5639 1541 5696 sedis
1560 5641 1717 5711 apostolieae
1732 5640 1789 5712 pri-

174 5740 246 5794 ltcm
260 5741 289 5795 S.
305 5737 453 5811 Gregorius
467 5739 524 5805 (tib.
540 5754 577 5807 11,
599 5742 676 5813 epist.
698 5745 726 5809 6,
748 5746 787 5809 7),
801 5743 939 5797 loannem
994 5737 1124 5809 vilegium
1138 5751 1303 5802 asseramus,
1313 5734 1453 5806 satiusque
1467 5730 1596 5801 uobis,'si
1611 5743 1639 5789 et
1649 5735 1737 5804 vobis,
1752 5735 1790 5794 ita
1880 5766 1887 5773 ·

135 5831 238 5903 primes
262 5830 423 5889 Jmtinianse
443 5832 603 5906 episcopum
624 5833 698 5889 nulla
712 5834 841 5906 synodica
856 5851 938 5891 voca·
992 5829 1101 5887 videtur
1124 5840 1155 5887 ut
1168 5831 1242 5890 idem
1262 5824 1410 5883 concilium
1434 5826 1522 5904 potius
1536 5827 1657 5897 aliquem
1671 5828 1791 5889 modum
