3884 6158
137 232 190 286 233
578 188 840 293 Paobnuotlunn.
862 267 896 278 -
915 238 960 293 DE
978 238 1112 295 orricio
1130 238 1159 294 S.
1179 236 1351 296 caecetur.
1578 204 1584 217 ¹
1737 245 1790 301 2³4

137 354 207 411 saris
231 362 260 411 et
281 355 424 413 Cnsareae'
438 356 522 414 eurise
543 357 714 430 probaveris,
740 359 935 434 imperatorem
951 361 1107 431 Astoiidus
1128 362 1274 420 Calvioista
1289 378 1337 434 per
1354 362 1484 421 undecim
1502 363 1589 422 ierme
1612 365 1679 423 lolia
1702 365 1790 424 latua·

137 447 193 503 alio
210 447 291 505 titulo
305 464 336 506 se
354 464 448 522 regern
458 451 614 513 Germaniae
628 453 747 512 scrihere
758 470 841 527 quam
858 456 937 513 titulo
989 464 1045 525 tur,
1058 473 1095 515 ne
1113 457 1205 514 dicam
1220 457 1374 514 bacchatur.
1401 461 1493 530 lleque
1507 459 1537 515 in
1550 469 1684 518 aeternum
1703 461 1791 519 ullum

138 541 321 614 imperatoris,
335 541 388 601 hoc
401 552 444 601 est
461 546 524 618 quia
538 545 686 620 imperator
700 557 751 606 est.
990 551 1110 623 diploma
1125 560 1212 618 vetus3
1227 566 1243 607 a
1265 551 1359 623 priscis
1371 551 1594 623 imperatoribus,
1618 562 1668 610 ant
1687 554 1791 613 litteras
1860 618 1863 623 ,

520 651 555 705 11,
990 644 1025 701 ab
1045 644 1109 717 ipsis
1130 645 1339 717 imperatoribus
1351 645 1495 717 posteriori
1508 661 1568 704 aevo
1589 648 1703 718 scriptas
1722 664 1791 720 pro-

140 746 177 799 pe
201 745 315 815 epsstoza
335 747 490 817 principem
505 749 613 819 impasti
634 749 672 805 aa
692 751 875 805 mmmmm
897 750 939 806 ΠΙ
992 736 1062 795 ieret
1074 757 1081 794 :
1095 739 1122 795 in
1136 738 1234 812 quibus
1249 738 1301 810 ipsi
1316 753 1375 795 sese
1389 739 1468 795 aliter
1487 756 1570 813 qnam
1588 756 1665 814 reges
1676 741 1719 797 rel
1735 741 1789 798 im·

229 816 263 871 de
281 816 406 874 timim
422 818 533 876 Oiiom'i
556 822 594 876 Vl
603 821 633 874 ¹⁴²⁸
648 822 846 892 imperantem·
992 841 1129 904 pecatores
1150 833 1253 889 eleetos
1269 831 1434 889 nominent:
1454 833 1518 890 licet
1540 850 1605 891 usus
1627 834 1788 904 hodiernus,

175 919 265 988 Caput
283 917 350 986 hoo,
362 926 394 974 ut
411 919 637 978 verbosissirnum
655 928 683 979 et
701 920 938 993 loquacissimum,-
989 935 1018 983 et
1030 925 1141 998 quidem
1156 927 1287 999 optimus,
1298 925 1334 982 ita
1349 924 1434 994 lerat;
1449 935 1481 983 ut
1494 927 1539 999 qui
1552 927 1586 984 de
1601 927 1652 984 illis
1669 929 1790 1001 loquun-

139 1008 178 1065 sio
207 1009 461 1082 mendacissimum,
488 1022 526 1082 et,
553 1021 585 1071 ut
612 1014 648 1071 ito
673 1014 781 1087 loquar,
813 1015 938 1087 imperti-
987 1028 1047 1090 tur,
1066 1030 1114 1076 aut
1129 1021 1212 1077 etiam
1228 1019 1291 1077 illos
1303 1035 1351 1076 seu
1365 1036 1458 1076 corant
1471 1036 1519 1077 seu
1540 1037 1588 1092 per
1601 1021 1704 1078 litteras
1722 1021 1789 1078 allo-

139 1103 331 1162 nrntissimum
353 1116 411 1175 θεῖς
434 1123 496 1164 cum
520 1123 580 1164 mea
595 1125 645 1166 nec
663 1117 748 1181 petat,
764 1125 814 1166 nec
833 1117 937 1182 tangat,
992 1124 1125 1185 quuntur,
1139 1109 1315 1187 imperatorer
1335 1121 1444 1180 vocent,
1463 1114 1522 1170 sine
1535 1114 1589 1169 ulla
1607 1114 1789 1187 adjunctione,

139 1213 190 1254 nec
217 1196 307 1268 feriat,
337 1199 385 1257 sed
411 1201 448 1257 nil
472 1201 524 1259 nisi
548 1202 717 1261 Calvinistica
746 1203 886 1275 phasmata
911 1210 940 1259 et
992 1206 1067 1279 quod
1085 1207 1148 1279 jure
1168 1208 1275 1280 optimo
1297 1207 1342 1274 nm
1358 1207 1470 1264 interim
1492 1207 1560 1279 ipsis
1575 1207 1789 1280 imperatoribus

140 1291 273 1364 mosmale
287 1304 481 1367 persequatur:
501 1295 579 1368 cujus
601 1296 743 1354 exordium
766 1305 795 1353 et
816 1296 887 1364 linis,
911 1304 939 1353 et
991 1316 1047 1356 non
1060 1309 1101 1356 est
1110 1300 1237 1371 ignotum
1249 1301 1311 1373 quis
1322 1300 1461 1372 majorum
1473 1307 1501 1356 et
1510 1307 1718 1357 antecessorum
1728 1315 1791 1357 suo-

139 1384 271 1457 quidquid
287 1387 358 1444 inter
383 1388 444 1446 haec
463 1388 518 1447 duo
532 1390 684 1462 interjacet,
706 1389 770 1447 nihil
786 1391 859 1447 aliud
874 1398 939 1448 sunt
991 1408 1054 1450 rum
1070 1391 1152 1450 luerit
1165 1392 1200 1450 de
1217 1401 1352 1466 potestate
1365 1393 1469 1451 summi
1489 1392 1627 1465 pontilicis
1638 1393 1667 1451 in
1683 1396 1790 1450 Roma·

139 1493 222 1550 qnam
239 1487 287 1536 aut
306 1480 480 1557 pseudoiop'a
499 1493 547 1540 aut
560 1484 689 1551 loedoria,
710 1493 757 1540 aut
770 1483 875 1556 atopla,
891 1491 938 1541 out
991 1503 1060 1543 unm
1076 1487 1228 1559 imperium
1248 1503 1354 1544 sensus.
1377 1490 1418 1544 Ut
1440 1486 1515 1544 enim
1530 1485 1594 1543 lolia
1608 1487 1638 1543 in
1650 1486 1736 1554 silvis,
1749 1486 1791 1543 sic

139 1571 298 1631 inanissima
314 1573 445 1649 phlyaria.
459 1575 669 1652 Pseudoloqinm
685 1578 724 1634 rel
746 1578 775 1634 in
788 1578 841 1636 hoo
854 1578 935 1635 unico
990 1581 1125 1654 temporis
1140 1581 1311 1653 progessioni
1324 1580 1399 1637 tituli
1414 1578 1526 1647 cadunt,
1539 1580 1655 1651 aliisque
1668 1579 1787 1644 aliisue·

138 1666 265 1738 exemplo
279 1667 352 1725 vide.
987 1674 1098 1741 cedunt,
1114 1676 1189 1731 salvo
1207 1675 1320 1733 interim
1342 1673 1637 1746 uniuscuiusquejure.
1653 1675 1688 1730 lit
1700 1673 1725 1730 si
1740 1673 1789 1748 qui
1884 1672 1896 1693 ·'

173 1759 312 1818 blentitur
326 1761 397 1821 banc
410 1765 630 1822 consecutionem
646 1781 705 1823 esse
719 1781 822 1833 meam,
844 1767 886 1823 rel
906 1781 938 1823 ex
954 1748 1185 1825 Blristorioorum
1204 1768 1345 1841 quondam
1365 1783 1467 1824 nomen
1485 1766 1661 1839 imperatoris
1680 1765 1790 1839 regibus

138 1862 230 1910 mente
243 1869 316 1911 mea.
332 1878 347 1906 ι
367 1859 441 1931 Papa
459 1861 605 1916 Romanus
620 1859 702 1917 habet
716 1859 763 1934 jus
777 1859 937 1933 inungendi,
993 1876 1049 1918 non
1067 1861 1205 1918 coronatis
1218 1859 1435 1928 tribuemnt,·id
1452 1868 1501 1917 aut
1522 1859 1574 1916 iata
1599 1858 1718 1932 quadam
1737 1874 1789 1916 no·

138 1948 315 2006 consecrandi
349 1959 376 2007 et
411 1953 562 2011 coronandi
597 1954 713 2011 electum
745 1954 939 2031 imperatorem
991 1954 1068 2011 tione
1079 1953 1212 2021 lecerunt,
1232 1962 1280 2011 aut
1292 1969 1395 2011 numen
1409 1953 1584 2023 imperatoris
1595 1968 1646 2027 pro
1660 1951 1789 2026 designa-

139 2043 347 2113 liomanorum3
374 2061 440 2118 erqo
465 2046 524 2104 sine
550 2063 627 2120 popae
652 2047 766 2106 Romani
792 2048 939 2105 conllrma-
991 2056 1021 2104 to
1034 2057 1064 2104 et
1076 2048 1163 2105 electo
1177 2047 1344 2121 imperatore
1357 2046 1644 2120 usurpammt,utjan1
1662 2061 1735 2118 scope
1749 2045 1789 2103 di·

138 2134 212 2193 tione
237 2136 331 2194 nullus
357 2147 449 2211 potest
468 2155 528 2197 esse
547 2139 685 2215 legitimus
703 2141 853 2214 imperator
877 2143 938 2198 Ro·
991 2150 1069 2200 mum
1082 2150 1132 2199 est.
1149 2143 1208 2199 Nec
1222 2141 1252 2197 in
1269 2140 1323 2197 alio
1339 2154 1456 2197 numero
1476 2139 1543 2213 poni
1556 2137 1789 2197 debentinsanis·

138 2244 296 2288 manorum.
316 2233 351 2288 Et
365 2242 575 2307 consequenter,
592 2251 678 2308 quern
697 2235 766 2291 nolit
784 2250 852 2308 papa
871 2251 937 2293 con·
992 2235 1057 2293 simi
1073 2243 1101 2292 et
1113 2234 1291 2292 furiosissimi
1303 2233 1458 2292 calvinistae
1472 2232 1554 2307 hujus
1566 2233 1621 2304 logi
1633 2231 1790 2305 (Germani-

138 2322 261 2393 firmrn,
286 2325 378 2383 isnec
395 2327 504 2396 debeat,
523 2344 574 2385 nec
596 2329 681 2400 possit
698 2345 758 2386 esse
779 2333 819 2386 rel
845 2330 937 2387 nomi·
991 2346 1031 2388 ose
1054 2328 1155 2401 Luperci
1177 2344 1261 2403 quam
1280 2327 1310 2383 in
1332 2328 1538 2384 teterrimarum
1561 2325 1790 2384 criminationum

137 2417 197 2474 nari
219 2419 380 2491 imperator.
409 2443 422 2469 ι
440 2423 507 2478 ldaec
528 2421 641 2478 latronis
664 2419 745 2479 irater
767 2438 800 2480 ex
821 2438 871 2479 suo
892 2438 938 2480 ce·
991 2423 1130 2494 catalogo,
1146 2422 1257 2494 quando
1278 2421 1452 2487 rocileratur,
1468 2434 1520 2477 nos
1533 2432 1643 2494 negare,
1667 2442 1680 2469 ι
1696 2418 1789 2492 impe-

137 2511 219 2568 rebro
234 2511 422 2586 mihiailingit
439 2522 467 2571 et
484 2513 726 2574 admotitur.Nam
741 2532 774 2573 ex
789 2516 847 2573 sola
861 2516 939 2572 inun·
991 2523 1113 2573 ratorem
1132 2516 1185 2573 hoc
1206 2516 1267 2589 ipso
1289 2514 1365 2587 quod
1389 2513 1493 2572 electus
1517 2522 1570 2582 est,
1599 2514 1678 2587 plena
1700 2520 1791 2584 potes·

138 2606 226 2662 stione
246 2614 274 2663 et
292 2608 500 2665 consecratione
522 2624 667 2681 nunquam
689 2609 847 2683 hujusmodi
861 2625 939 2682 arqu-
991 2618 1048 2666 tate
1059 2626 1104 2666 res
1114 2608 1225 2682 imperii
1238 2606 1450 2665 administrandi
1465 2607 1559 2681 potiri,
1569 2622 1622 2662 nec
1641 2607 1791 2679 imperato·

137 2699 354 2764 mentumduri,
368 2708 580 2760 eertussnmmo
603 2702 723 2776 pontidci
740 2704 768 2759 in
791 2703 938 2774 imperium
991 2719 1063 2771 rem,
1085 2717 1137 2759 nec
1160 2709 1316 2775 Augustum
1333 2717 1392 2759 esso
1409 2709 1458 2758 aut
1478 2699 1618 2758 nominari
1644 2699 1755 2756 debere.
1776 2721 1789 2748 ι

137 2794 298 2850 homonum
313 2794 373 2865 plus
387 2796 529 2867 potestatis
541 2811 603 2854 esse
620 2812 704 2870 quam
718 2796 753 2853 sit
766 2797 823 2853 sola
837 2806 864 2853 et
877 2812 938 2853 me·
992 2799 1062 2868 Quae
1082 2795 1176 2852 omnia
1198 2796 1313 2867 deputes
1334 2794 1416 2868 hujus
1435 2793 1590 2851 calvinistae
1609 2792 1753 2865 magistro,
1775 2807 1791 2848 a

136 2900 166 2941 ra
182 2889 356 2944 consecratio
369 2896 398 2944 et
415 2888 536 2946 inunctio
551 2889 628 2946 electi
646 2889 834 2963 imperatoris,·
853 2889 936 2963 idque
993 2906 1048 2962 quo
1057 2889 1150 2946 omnis
1159 2888 1294 2945 calumnia
1306 2896 1333 2944 et
1344 2885 1533 2960 sycophantia,
1552 2894 1686 2955 tanquam
1702 2884 1792 2957 prima

137 2994 169 3035 ex
183 2979 311 3051 ipsorum
324 2997 422 3054 regum
433 2998 467 3041 ac
480 2984 675 3056 imperatorum
688 2983 935 3050 testificationibus,
991 2983 1027 3042 ab
1050 2983 1155 3056 origine
1167 2989 1277 3049 marram
1292 2981 1372 3053 cuius
1386 2980 1487 3053 spiritu
1507 2986 1535 3036 ut
1550 2977 1646 3035 habitu
1660 2977 1748 3049 spiret
1763 2984 1793 3032 et

137 3089 170 3131 er
191 3073 315 3131 historiis
333 3083 390 3133 tam
413 3078 499 3134 sacris
519 3093 603 3151 quam
624 3076 754 3150 profanis,
773 3094 806 3135 ex
825 3077 938 3135 vetustis
954 3125 978 3191 c
993 3077 1067 3134 halat
1082 3076 1175 3134 rabula
1196 3074 1259 3142 isto,
1279 3074 1412 3148 quidquid
1427 3073 1514 3147 spirat
1530 3080 1560 3131 et
1581 3069 1793 3143 halat,quiri1

138 3165 233 3224 litteris
255 3177 286 3225 et
308 3168 516 3242 diplomatibus,
543 3180 570 3227 et
587 3186 620 3228 ex
646 3172 785 3229 communi
812 3173 938 3229 omnium
992 3179 1083 3245 potest
1096 3170 1147 3227 tria
1161 3169 1241 3226 rerha
1260 3168 1461 3243 prolerrequin
1476 3175 1596 3240 quotuor
1609 3163 1792 3239 autquinque

138 3277 218 3319 sensu
233 3264 490 3337 comprobareram.
512 3263 646 3338 Quocirca
666 3275 750 3323 ruunt
768 3281 939 3339 quecunque
992 3264 1138 3324 mendacia
1149 3263 1315 3321 contineant

138 3408 1791 3449 ffl——p-——n——n—-n-n—

804 3530 1133 3615 nisenarlmo

349 3715 438 3831 DE
490 3714 766 3835 orriolo
814 3716 1058 3836 SANCTI
1106 3710 1444 3831 GREGORll
1483 3708 1583 3831 Vll

503 3909 584 3980 (hom
607 3906 806 3978 operirem,
828 3911 995 3967 lmetutiom
1009 3909 1182 3980 liturqiquce,
1213 3912 1235 3960 t.
1255 3907 1298 3973 11,
1312 3919 1340 3977 p.
1355 3902 1429 3974 450.)

175 4140 221 4197 Un
234 4138 285 4197 des
307 4155 391 4198 noma
404 4139 445 4197 les
465 4140 527 4213 plus
543 4140 668 4215 glorieux
685 4139 719 4199 de
734 4140 867 4198 l’histoirc
886 4150 938 4210 est,
953 4145 978 4210 Ι)
992 4139 1040 4199 des
1058 4140 1145 4199 saints
1163 4145 1191 4196 et
1212 4135 1386 4212 proposaiti
1406 4135 1432 4191 la
1452 4130 1610 4192 veneratior
1630 4130 1791 4190 universalis

147 4232 353 4290 sanseontredit
362 4232 551 4307 aujourd'hui,
565 4233 589 4290 ie
602 4249 670 4290 nona
684 4232 723 4291 du
738 4233 825 4309 gmud
834 4233 939 4308 pontiie
993 4251 1024 4291 ce
1037 4232 1142 4305 pontile
1153 4231 1364 4288 veritablement
1375 4227 1557 4301 apostolique.
1570 4226 1592 4283 li
1610 4224 1724 4284 esthon
1738 4240 1791 4296 que

147 4324 211 4382 uim
223 4325 362 4399 Griqoire
374 4328 437 4383 llll.
457 4328 520 4384 Une
530 4326 632 4398 justice
647 4326 763 4396 tardive,
778 4327 849 4387 mois
866 4328 940 4386 ecla·
992 4327 1109 4385 certains
1121 4324 1185 4381 iaits
1198 4322 1438 4393 caracteristiques
1452 4320 1537 4377 d’une
1552 4321 1670 4392 epoque,
1683 4327 1712 4376 et
1724 4334 1793 4390 pro·

146 4423 223 4488 unte,
239 4417 315 4477 aete
327 4417 432 4477 rendue
445 4418 461 4476 h
474 4435 507 4477 ce
521 4418 604 4477 heros
616 4419 650 4475 da
662 4410 771 4493 l’quiso
784 4422 854 4479 etde
867 4420 939 4479 l'hn-
993 4434 1055 4492 pres
1072 4419 1087 4476 h
1101 4425 1227 4476 montrrr
1240 4433 1274 4473 en
1285 4415 1392 4472 actions
1405 4412 1523 4471 certaius
1535 4411 1684 4486 principos,
1701 4411 1791 4467 soient

146 4512 257 4580 monite,
279 4519 308 4569 et
322 4512 376 4569 l'ou
391 4521 458 4586 peut
478 4513 570 4571 meme
581 4513 641 4570 diro
656 4529 711 4587 que
725 4530 755 4572 sa
769 4515 854 4589 gloire
869 4514 939 4571 crolt
991 4511 1223 4584 impartialemeut
1233 4507 1397 4583 enreqistres
1405 4515 1432 4562 et
1442 4504 1561 4579 publies,
1574 4503 1640 4560 dans
1653 4503 1677 4560 la
1688 4501 1792 4560 ornate

144 4617 238 4662 eneore
262 4612 328 4662 tous
350 4605 390 4663 ies
405 4605 495 4679 jours.
522 4610 597 4665 Pour
622 4606 727 4665 aiderh
751 4616 852 4666 mettre
872 4606 939 4664 dans
991 4620 1059 4679 que,
1073 4621 1118 4662 ces
1130 4604 1235 4661 memes
1250 4603 1315 4659 laits
1328 4608 1428 4658 venant
1441 4601 1456 4655 h
1471 4614 1500 4655 se
1515 4596 1625 4672 perdre,
1639 4597 1679 4653 les
1699 4597 1794 4673 lepons

146 4702 219 4755 toute
231 4713 285 4756 son
292 4698 426 4756 evidence
437 4714 468 4757 oe
478 4699 653 4773 phe'nomene
668 4701 858 4774 providentiel,
869 4716 940 4758 nous
992 4699 1176 4770 imponantes
1192 4697 1277 4770 qu'on
1291 4711 1325 4752 en
1340 4702 1405 4768 peut
1414 4693 1483 4750 tirer
1496 4708 1531 4749 ne
1545 4691 1636 4750 soient
1647 4707 1681 4747 en
1700 4689 1792 4749 meme

145 4803 225 4849 rroos
236 4792 338 4861 voulu,
350 4791 419 4850 dans
437 4793 464 4850 le
476 4794 589 4867 present
601 4795 735 4868 chapitre,
746 4804 873 4852 raconter
887 4809 940 4851 crue
993 4800 1084 4864 iemps
1114 4791 1239 4866 perdues.
1266 4790 1295 4846 si
1323 4789 1440 4861 quelque
1465 4784 1595 4844 delareur
1617 4784 1722 4849 demit,
1756 4781 1792 4840 de

144 4880 221 4943 niolo
232 4886 324 4961 partie
337 4885 386 4943 des
397 4895 526 4962 outrages
536 4904 589 4961 que
604 4906 634 4947 ce
648 4889 735 4964 qrand
748 4886 874 4956 homme,
887 4903 941 4961 que
992 4901 1044 4942 nos
1057 4887 1137 4959 jours
1157 4899 1266 4953 encore,
1286 4882 1450 4956 poursuirre
1468 4880 1539 4937 celui
1560 4878 1607 4953 qui
1622 4894 1668 4935 ose
1686 4876 1792 4951 piaider

145 4985 185 5035 oet
199 4977 357 5038 admirable
377 4979 452 5038 saint
470 4983 622 5055 aessuyes,
641 4998 700 5040 non
719 4982 752 5039 de
775 4981 800 5038 la
815 4989 875 5053 part
893 4979 941 5038 des
993 4996 1048 5037 arne
1066 4978 1176 5053 porcille
1195 4992 1292 5045 cause,
1311 4992 1382 5034 nous
1401 4966 1571 5047 i’aeeeptons'
1586 4971 1709 5040 d'ollieo,
1730 4977 1794 5027 tout

144 5080 311 5143 protestante
321 5082 351 5131 et
363 5073 414 5132 des
424 5073 602 5148 philosophas
613 5075 652 5133 du
661 5076 770 5133 dernier
779 5075 862 5131 siecle
875 5074 941 5146 (reci
994 5071 1109 5145 indigne
1122 5088 1176 5145 que
1193 5086 1263 5127 nous
1280 5085 1316 5126 en
1331 5083 1464 5132 summes,
1484 5074 1512 5124 et
1530 5082 1602 5123 nous
1616 5081 1684 5122 nous
1698 5065 1794 5120 lerona

144 5166 224 5223 serait
235 5167 333 5225 moins
345 5167 511 5241 instrrretii),
521 5169 591 5226 mais
602 5169 636 5226 de
651 5169 675 5225 la
686 5176 747 5242 part
756 5167 792 5225 de
806 5168 943 5240 plusieurs
996 5182 1059 5223 sans
1070 5165 1175 5223 craintc
1186 5180 1259 5239 pour
1272 5179 1371 5236 renger
1382 5161 1452 5219 celui
1466 5161 1524 5234 qui,
1538 5176 1604 5217 arec
1615 5175 1665 5216 son
1680 5165 1794 5230 arrgrrsto

144 5259 206 5330 mai,
228 5260 397 5337 pretenuant
415 5262 572 5335 appartenir
590 5261 716 5336 toujours
735 5260 750 5317 d
769 5251 880 5334 l’Eglise
900 5276 944 5318 ro-
996 5259 1190 5334 predeeesseur
1205 5259 1276 5315 saint
1291 5256 1427 5329 Gregoire
1443 5257 1491 5322 1²¹,
1504 5262 1545 5310 est
1559 5252 1757 5311 etdemeurera
1769 5249 1796 5307 lo

145 5352 339 5421 maine,n'ont
351 5368 402 5429 pas
415 5354 506 5411 craint
517 5353 549 5410 de
564 5354 683 5424 recuset,
698 5371 794 5413 mmme
806 5357 942 5422 interesse,
997 5355 1059 5426 plus
1069 5356 1156 5428 grand
1168 5350 1217 5410 des
1232 5367 1314 5424 papes
1323 5366 1376 5423 que
1385 5347 1486 5406 l'ordre
1495 5345 1655 5405 Benedictio
1667 5344 1705 5402 ait
1716 5343 1795 5402 lour-

145 5442 277 5520 l'ruquste
288 5447 435 5521 jugement
447 5462 497 5520 par
511 5447 597 5521 lequel
612 5447 664 5555 cip
674 5448 818 5507 iuscrivait
832 5464 946 5523 auranq
998 5448 1043 5505 nis
1057 5447 1073 5504 h
1086 5439 1195 5521 l'Eglise
1213 5450 1294 5514 (286).

181 5580 256 5653 (28⁶)
276 5584 356 5641 Nous
369 5598 486 5641 oserons
507 5582 566 5641 dire
588 5584 705 5713 quelque
718 5584 801 5643 chose
821 5583 870 5642 des
887 5601 946 5643 mo-
999 5584 1184 5642 saint-Pierre
1209 5583 1243 5640 de
1261 5582 1361 5654 Cinny,
1380 5591 1423 5638 est
1443 5595 1499 5638 uno
1520 5578 1570 5635 des
1592 5577 1692 5650 gloires
1713 5574 1748 5631 do
1770 5576 1797 5631 la

147 5650 193 5709 tiis
205 5656 516 5739 personnelsquinous
528 5656 652 5730 obligent
688 5655 820 5741 deiendre
834 5667 862 5715 et
876 5657 946 5714 eho
1000 5660 1107 5739 Franco
1131 5655 1314 5738 benedicti-ne,
1333 5663 1367 5736 et·
1382 5653 1510 5727 qu’avant
1531 5654 1565 5731 de
1579 5655 1690 5705 nrouter
1703 5646 1798 5726 suria

147 5737 228 5781 horor
241 5726 269 5782 la
284 5726 423 5785 mersione
433 5725 469 5783 de
478 5728 773 5801 munerequaerit.
789 5735 819 5786 δί
829 5746 880 5787 nos
892 5729 947 5786 ieo-
1000 5726 1093 5785 chaire
1107 5726 1143 5784 de
1155 5728 1348 5792 sumt-Preme,
1360 5725 1379 5780 ri
1391 5738 1494 5794 occupa
1507 5723 1532 5777 ie
1544 5719 1618 5791 stege
1631 5713 1749 5796 abbana!
1762 5712 1798 5770 de

148 5796 458 5855 teramnensem
469 5814 523 5872 qrro
534 5798 662 5873 eegrand
678 5799 795 5873 pontiie,
809 5800 947 5858 moinede
1002 5799 1127 5872 l'insiqne
1141 5796 1297 5855 monastero
1311 5795 1345 5852 dc
1362 5794 1520 5851 suut-Paul
1537 5796 1617 5846 cctrc
1634 5800 1731 5843 murtro
1750 5785 1799 5840 lir-

288 5886 406 5945 Prrror..
427 5887 555 5946 cxbvnl.
1611 5880 1635 5934 ἱ

598 5990 622 6029 k
