3870 6164
136 251 183 305 isi
392 258 395 263 ·
456 194 459 199 ¹
730 244 780 300 s.
801 242 1169 302 cnneoamsviieivi.
1579 206 1605 213 ”
1735 242 1788 297 isa

135 373 210 429 avius
223 371 333 439 habeas,
360 369 571 427 illustrissimum
592 369 756 427 cardinalem
768 370 930 434 baronium,
946 368 1045 425 Annali
1055 365 1214 431 undecimo,
1242 363 1287 436 qni
1303 362 1337 421 ab
1351 378 1423 446 anno
1437 366 1506 421 idid
1525 376 1615 435 usque
1628 361 1663 419 sd
1683 378 1789 421 annom

138 447 208 501 1085
223 445 313 500 Vitam
328 440 356 498 ei
380 458 423 497 res
443 449 532 522 gestas
545 442 670 513 Gregorii
680 444 730 499 Vll
751 441 861 513 copiose
879 450 908 497 et
919 438 1035 497 fideliter
1046 439 1226 511 persequitur.
1243 438 1283 493 Ex
1301 451 1355 508 quo
1367 444 1449 493 etiam
1459 435 1568 505 notulas
1578 432 1614 492 ad
1624 434 1695 493 hanc
1709 439 1788 493 Onu·

135 516 547 590 phrianamcommentatvonem
556 514 734 569 attexuimus.
1260 577 1265 589 Ι
1303 576 1309 590 ⁸
1493 578 1503 587 ,

171 587 308 643 Divinitas
319 593 410 639 autem
422 583 549 639 accidisse
561 600 624 639 reor
648 593 678 641 ut
697 584 765 639 dum
791 583 896 639 sectarii
919 582 1062 639 turmatim
1087 580 1168 664 thus
1191 578 1325 652 pontilicis
1345 591 1448 660 nomen
1462 586 1502 634 et'
1515 578 1599 635 decus
1625 593 1789 661 oppressum

136 666 213 724 eunt,
230 656 351 711 ciiiilictis
364 666 391 708 et
404 655 539 726 congestis
557 655 583 709 iii
597 670 661 711 eum
675 656 817 710 immensis
839 656 1041 711 calumniarum
1062 653 1206 710 struicibus
1231 650 1331 723 partim
1353 665 1441 713 novis,
1463 651 1562 732 partim
1589 658 1721 777 sahagun,
1741 651 1788 707 alii

136 737 262 785 econtra
287 742 318 781 ex
333 724 493 781 orthodoxis
514 725 669 792 existerent,
696 726 743 799 qni
757 725 1021 797 perditisconatibus
1046 741 1104 781 sese
1133 731 1315 796 opponerent,
1339 729 1366 803 et
1387 723 1554 805 magnanimi
1576 730 1660 803 ponti¹
1674 737 1716 804 οιεο
1731 722 1789 794 glo·

137 799 208 925 ¹riam
231 814 246 852 a
264 796 369 853 nebulis
389 796 580 853 tenebrionum
599 797 781 865 vindicarent;
796 812 914 870 quorum
936 810 986 871 pro
1009 797 1114 869 optimo
1137 793 1265 867 pontillce
1288 792 1407 850 studium
1429 807 1481 848 nos
1495 793 1590 851 itidem
1614 801 1717 848 imitari
1742 808 1789 850 vo-

148 884 249 924 nimus.

172 942 259 995 Porro
270 936 305 994 ad
321 938 441 1011 reliquos
456 938 581 1009 Gregorii
595 940 647 994 vll
660 938 852 996 criminatores
873 938 989 995 accessit
1000 938 1150 996 hisdiebus
1162 936 1231 993 liber
1245 934 1410 1017 posthumus
1427 933 1591 1017 ivimchen,
1605 935 1652 1018 qui
1666 935 1696 991 iu
1710 934 1789 1019 Gon3

137 1011 270 1067 troversia
284 1009 320 1066 de
342 1024 451 1065 summo
493 1009 611 1079 ontilioe,
636 1020 734 1084 quest.
755 1017 782 1078 ti,
806 1010 858 1068 sibi
883 1019 1036 1083 temperare
1062 1026 1119 1066 non
1141 1008 1229 1082 potnit
1256 1022 1402 1078 quominus
1428 1022 1485 1078 ipse
1499 1015 1581 1062 etiam
1601 1007 1732 1063 virulenti
1743 1022 1788 1063 sui

137 1081 198 1155 styli
225 1090 253 1138 et
275 1080 372 1136 calami
397 1026 499 1152 spicussi
513 1081 541 1136 iii
561 1080 634 1137 linnc
666 1081 806 1139 ontiflcem
829 1082 957 1138 vibraret.
982 1080 1036 1138 sed
1059 1080 1164 1163 qualia?
1192 1088 1224 1135 ut
1246 1078 1371 1160 trivialia,
1391 1077 1431 1161 sic
1452 1085 1481 1133 et
1503 1077 1620 1161 obtusae
1637 1077 1739 1159 quippe
1753 1092 1788 1161 ex

136 1153 273 1208 Baunonis
287 1160 314 1206 et
335 1151 466 1223 sigeberti
490 1150 622 1223 pharetris
639 1099 819 1223 Xepromptm
840 1167 957 1223 quorum
976 1152 1045 1208 alter
1065 1161 1191 1225 juratus,
1206 1149 1275 1205 alter
1285 1148 1472 1222 juratissimus
1486 1149 1609 1220 Gregorii
1620 1147 1711 1204 hostis
1727 1148 1790 1205 lnit.

136 1224 201 1303 illst
211 1239 276 1281 com
289 1222 463 1279 Witacherns
473 1226 635 1279 Bennonem
645 1227 733 1279 viriam
743 1224 849 1279 doctum
859 1225 993 1280 nominat.
1009 1222 1063 1293 Qui
1076 1224 1176 1279 doctus
1190 1221 1247 1288 ille,
1257 1221 1336 1293 cujus
1352 1229 1426 1277 totns
1436 1220 1652 1276 commentarius
1664 1220 1702 1275 nil
1716 1219 1792 1277 aliud

138 1304 273 1366 estqnam
286 1294 390 1348 inscitia
402 1302 430 1350 et
444 1295 555 1349 mania?
569 1296 646 1368 cujus
665 1297 750 1366 stylus
773 1305 815 1350 est
833 1311 906 1350 unns
917 1293 1030 1367 quidam
1041 1296 1166 1366 perennis
1181 1293 1369 1348 barbarismus
1391 1291 1623 1349 etsoloecismus?
1651 1291 1789 1348 Nimirum

135 1366 240 1447 judicio
262 1365 437 1420 sectariorum
460 1366 552 1420 doetus
569 1377 620 1432 est,
632 1366 756 1438 quisquis
777 1367 895 1437 projecte
919 1367 1069 1422 calumnias
1089 1366 1117 1421 iii
1133 1380 1228 1490 passoni
1242 1362 1341 1431 fundit,
1356 1362 1457 1418 licetid
1468 1362 1550 1418 iaciat
1569 1362 1751 1446 insulsissime
1762 1372 1791 1421 et

140 1436 328 1501 inscitissime3
342 1447 373 1492 ut
398 1435 464 1491 fecit
484 1439 529 1492 ille
546 1439 639 1492 licimo
656 1455 662 1491 :
677 1440 719 1493 cui
733 1445 843 1493 tantum
864 1438 963 1508 ingenii
979 1452 1033 1492 noa
1049 1446 1163 1508 suppete
1184 1443 1222 1501 at,
1236 1443 1267 1489 nt
1279 1442 1341 1505 apte
1354 1442 1380 1488 et
1394 1442 1483 1489 astute
1503 1434 1663 1489 calumniari
1685 1443 1788 1506 possm.

140 1508 267 1579 Ejusdem
290 1506 385 1563 larinae
403 1517 465 1563 sunt
483 1508 577 1579 reliqui
603 1508 793 1563 Witaclieriani
821 1516 914 1576 testes,
941 1516 973 1564 nt
1000 1508 1212 1563 conciliabulum
1234 1505 1384 1571 Brixiense‚
1407 1505 1560 1561 Aventinus
1574 1505 1703 1561 etcleriei
1717 1505 1791 1577 aput

139 1579 320 1634 lambertum
335 1590 363 1633 et
387 1579 549 1635 Naucleroni
571 1597 579 1634 :
603 1581 650 1662 qni
671 1595 734 1635 cum
750 1581 905 1635 scortationi
931 1578 1097 1636 etSinioniae
1120 1593 1188 1643 suae,
1202 1576 1315 1648 aliisque
1337 1576 1486 1632 sceleribus
1503 1576 1792 1648 aGregoriotibulam

138 1649 242 1721 imponi
256 1664 328 1721 aegre
339 1648 452 1716 terrent,
465 1649 595 1706 conviciis
612 1665 716 1707 meum
742 1650 905 1706 debacchari
930 1650 1096 1715 institerunt,
1118 1658 1148 1705 ut
1161 1651 1321 1720 plerumque
1339 1648 1397 1703 lieri
1418 1647 1531 1712 assolet,
1544 1663 1608 1704 cum
1655 1647 1698 1703 uis
1710 1647 1792 1704 alieni

138 1721 205 1776 illud
226 1721 300 1793 quod
313 1719 436 1776 elllictim
460 1721 573 1791 deperit,
601 1722 705 1793 eripere
728 1730 826 1777 tentat.
846 1721 917 1777 illud
932 1736 1106 1791 concoquere
1124 1721 1220 1790 natiuit
1241 1719 1426 1786 Witaclierns,
1447 1718 1521 1791 quod
1536 1734 1617 1791 papa,
1667 1719 1791 1775 enricum

138 1790 338 1847 absolutionem
366 1793 401 1847 ab
424 1792 712 1848 excommunicatione
737 1793 897 1864 suppliciter
921 1793 1114 1863 postulantem,
1127 1792 1261 1863 depositis
1274 1791 1394 1862 adpapae
1409 1790 1538 1862 palatium
1554 1789 1739 1862 imperatoriis
1750 1791 1793 1846 in·

137 1862 269 1929 signibus,
289 1862 369 1918 nudis
389 1863 516 1935 peditius,
532 1880 595 1919 cum
609 1865 703 1920 omnia
726 1864 787 1935 gelu
806 1864 982 1935 rigescerent,
1008 1863 1114 1919 nonnisi
1134 1870 1196 1933 post
1209 1861 1291 1918 tridui
1317 1863 1437 1932 spatium
1460 1861 1574 1917 admisit
1597 1870 1625 1917 et
1644 1860 1791 1919 exaudivit.

140 1935 205 2002 Qtta
219 1936 274 1989 bae
286 1936 456 2003 Lamias-iana
467 1936 592 2004 superbia
606 1940 675 2002 erut,
694 1935 858 1991 vociferatur
871 1933 1056 1990 Witaclierus.
1077 1937 1185 1990 Hiceine
1204 1937 1248 1989 eir
1262 1932 1368 1989 botius?
1386 1933 1530 1990 Diabolum
1543 1937 1611 1988 certe
1625 1935 1714 2005 ipsum
1741 1934 1793 1990 liae

139 2007 169 2058 in
188 2020 217 2059 re
227 2005 335 2059 malitia
346 2010 371 2059 et
382 2007 508 2076 superbia
521 2008 593 2061 nimi.
620 2006 730 2061 ltlinime
746 2022 820 2066 vero.
833 2021 850 2061 o
864 2006 1023 2062 calvinista.
1040 2006 1167 2061 Pertinax
1180 2006 1296 2060 morbus
1308 2019 1399 2060 acrem
1424 2003 1594 2061 desiderabat
1611 2004 1789 2072 medicinam

138 2083 167 2129 et
178 2075 312 2145 piaculum
326 2076 477 2131 schismatis
487 2084 562 2131 tanto
576 2092 640 2132 cum
653 2076 797 2148 dispendio
811 2077 918 2148 imperii
933 2078 1124 2140 commissum,
1148 2076 1260 2132 durime
1281 2090 1362 2147 poeiia
1389 2076 1554 2147 expiandum
1577 2074 1641 2140 luit,
1653 2084 1683 2131 et
1701 2090 1793 2131 versa·

137 2144 192 2202 tilis
206 2161 238 2200 ae
257 2146 417 2203 inconstans
433 2148 541 2203 llenrlci
560 2149 670 2203 animus
691 2149 882 2218 explorandus,
902 2164 972 2205 num
984 2149 1055 2204 serio
1070 2152 1105 2204 de
1125 2148 1237 2204 meliore
1258 2145 1335 2220 fruge
1354 2147 1495 2218 cogitaret.
1514 2146 1601 2203 Nudis
1628 2146 1743 2220 pedibus
1764 2154 1793 2205 et
1844 2172 1849 2177 ·

139 2216 262 2288 deposito
276 2218 352 2273 omni
366 2219 489 2289 corporis
501 2219 593 2288 cultu,
606 2220 784 2292 vestibusque
797 2220 830 2275 ad
847 2222 950 2276 luctum
971 2228 999 2274 et
1012 2234 1161 2275 moerorem
1184 2219 1302 2282 idoneis,
1318 2219 1510 2291 paenitentiam
1533 2234 1548 2273 a
1569 2233 1624 2287 ere,
1639 2216 1793 2291 ohendque

139 2289 253 2360 gratiam
268 2296 295 2343 et
306 2289 455 2344 amicitiam
470 2290 618 2360 postulare,
629 2291 655 2344 iii
666 2291 846 2347 ecclesiastico
857 2288 918 2345 loro
936 2290 1204 2364 perquamositatum
1218 2290 1278 2354 luit,
1298 2297 1340 2344 est
1352 2304 1416 2345 cuin
1428 2299 1453 2344 et
1464 2288 1489 2344 iii
1505 2235 1587 2345 cirilli.

175 2359 258 2421 Audi.
271 2360 425 2425 Calviiiista,
442 2361 529 2431 quidi
550 2377 578 2415 se
595 2362 728 2417 hienricus
742 2376 798 2417 non
823 2378 885 2429 erga
912 2378 1008 2426 vinum,
1034 2362 1082 2417 sed
1099 2363 1232 2431 plurimos
1246 2362 1369 2416 Saxoniae
1399 2360 1536 2432 principes
1556 2360 1661 2432 egerit,
1686 2375 1750 2416 esim
1764 2359 1793 2416 iii

139 2431 254 2503 gratiam
278 2431 386 2485 llenrlci
400 2432 480 2556 reeigi
494 2377 608 2499 velYent3
622 2449 672 2489 nec
687 2450 747 2489 mea
763 2432 807 2488 bic
820 2432 955 2489 adhibebo
967 2432 1059 2501 verba,
1073 2433 1120 2489 sed
1130 2433 1278 2488 Lntlierani
1300 2431 1412 2488 Fabricii
1422 2432 1470 2488 lib.
1486 2447 1522 2488 iii
1548 2431 1691 2504 Originum
1705 2433 1791 2488 Saxo·

141 2501 283 2557 nicaruiu:
299 2504 452 2558 Planitiesi
468 2503 643 2574 ilntepatens
657 2506 723 2572 (viil,
735 2520 816 2575 quom
823 2506 999 2574 Spironqium
1021 2506 1215 2571 nominantis
1231 2520 1286 2573 qna
1305 2520 1356 2558 rec
1373 2505 1403 2558 in
1427 2505 1492 2559 solio
1514 2519 1571 2566 sno,
1596 2520 1664 2559 euro
1681 2519 1793 2575 perpin-

138 2588 223 2643 ropue
233 2573 353 2641 tiitqens,
366 2576 517 2628 solemniter
527 2576 627 2629 assedit
640 2595 649 2626 .·
665 2592 744 2646 quern
764 2579 898 2631 cerrenus
912 2575 949 2630 ad
960 2577 1137 2647 spectaculum
1149 2577 1300 2645 dispositus
1314 2577 1496 2640 eiratmsteti't,
1512 2576 1603 2629 relicto
1613 2592 1662 2646 per
1672 2575 1793 2630 andium

139 2648 240 2713 apertio,
251 2660 303 2714 quo
314 2651 504 2714 praetereuntes
515 2648 652 2701 Sororium
666 2648 743 2703 duces
762 2654 844 2717 atque
858 2651 993 2703 antistites
1008 2647 1128 2701 mnitibus
1143 2649 1279 2716 coiispiiui
1295 2652 1390 2700 usserit.
1405 2646 1562 2701 incedebant
1575 2646 1673 2701 babitu
1685 2647 1796 2715 luqubm'

136 2717 277 2784 presules,
293 2718 402 2771 liuezelo
421 2716 641 2786 eloquaturque,
659 2721 741 2773 Bitoco
753 2720 970 2781 liollierstodius,
986 2721 1073 2773 nenia
1088 2722 1240 2780 dinanensis,
1256 2721 1400 2773 [lomnes-us
1420 2720 1697 2787 suspectarentur
1713 2719 1792 2772 duces

139 2791 216 2840 ararit
229 2787 297 2843 Ollio
315 2789 497 2856 Gotiiipensr's
511 2791 736 2853 Boeavioeeesnl,
747 2794 863 2859 biaqnus
879 2791 983 2845 Elector
1003 2791 1137 2854 Seruanda,
1149 2793 1317 2845 liermaniius
1336 2794 1451 2859 piilruus
1474 2790 1530 2857 eius
1551 2790 1677 2845 Stiaoniae
1696 2804 1791 2853 comes,

138 2858 290 2912 Frideri'eus
304 2860 431 2915 Sitamiiie
452 2860 603 2929 palatinus,
620 2863 753 2915 litterians
776 2878 859 2917 coines
884 2862 1218 2930 tlatelnburqi,1lll›ci·tus
1235 2862 1383 2929 iliarinpiim
1403 2863 1508 2914 comites
1524 2862 1596 2923 ilem,
1619 2861 1791 2929 liudiqerus,

141 2930 230 2995 sizzo,
245 2930 431 2997 Besinum-ius,
452 2934 547 2993 Berua,
563 2932 654 2986 etalii
672 2936 800 3003 quinque,
824 2938 855 2986 ut
867 2933 1016 3000 siffridus,
1034 2934 1080 2986 sed
1101 2948 1190 2986 eonem
1202 2937 1371 2999 copiiomento
1387 2947 1512 3001 repressa
1522 2946 1575 2985 non
1594 2938 1667 2987 sient.
1681 2936 1734 2987 Eos
1747 2933 1795 2986 lio·

139 3002 242 3053 minum
255 3016 451 3068 parisiosorum,
472 3005 659 3069 innumerum,
682 3006 813 3058 ambitium
837 3020 938 3072 maqno
958 3003 1138 3071 sequebantur
1152 3005 1273 3071 viperina.
1287 3005 1320 3057 ln
1333 3008 1498 3072 conspectum
1508 3006 1579 3071 repis
1591 3006 1734 3067 amiantos,
1754 3004 1793 3059 od

139 3069 197 3193 ejus
208 3071 287 3139 pedes
299 3072 435 3193 sordidiiiti
444 3073 657 3141 provolventem
672 3076 722 3140 qui
737 3089 779 3128 eos
788 3076 879 3143 jacere
898 3079 955 3128 tom
975 3074 1024 3128 diu
1039 3089 1136 3143 passus
1151 3079 1199 3136 est,
1212 3074 1294 3128 donec
1306 3076 1424 3144 i'psoiuin
1443 3076 1553 3129 miseria
1569 3077 1690 3131 citimum
1712 3079 1795 3145 atque

138 3156 174 3194 tm
186 3147 243 3194 tum
256 3155 359 3194 suamc
410 3144 513 3195 auisset.

176 3212 243 3265 llaec
264 3157 439 3264 Lutheffnus
462 3210 600 3266 Faorieius
611 3211 645 3267 de
659 3212 791 3279 lienrico,
806 3213 850 3283 qui
865 3212 1156 3270 contralldemdatam
1167 3228 1265 3270 omnes
1277 3214 1344 3269 istos
1358 3213 1410 3270 sibi
1424 3215 1560 3286 supplices
1575 3212 1708 3287 principes
1721 3229 1792 3270 con·

138 3279 204 3351 jecit
217 3280 244 3334 iii
257 3279 374 3345 vincula,
389 3289 418 3335 et
438 3295 454 3335 a
474 3296 504 3336 se
525 3291 622 3337 mutuo
640 3284 801 3354 disiunctos,
827 3285 853 3339 in
868 3287 954 3340 variar
976 3285 1130 3357 provincias
1151 3286 1246 3341 sedulo
1270 3285 1464 3342 custodiendos
1485 3286 1628 3359 ablegavit.
1642 3286 1700 3342 Nec
1721 3285 1794 3343 torta

142 3366 263 3421 unquam
277 3352 435 3420 evasissent,
452 3352 473 3406 si
497 3354 616 3409 ilenrico
630 3356 722 3412 omnia
742 3371 775 3410 ex
799 3356 885 3411 animi
911 3357 1041 3412 sentemia
1057 3356 1259 3413 successissent.
1273 3360 1385 3429 Quinro,
1402 3358 1464 3430 quis
1477 3357 1572 3413 durior
1586 3355 1669 3413 luerit
1683 3357 1711 3413 in
1727 3372 1793 3429 sup·

142 3422 235 3494 plicas,
251 3422 435 3479 ilenricnsan
464 3424 632 3496 Gregorius?
658 3429 721 3495 ilic,
749 3428 899 3483 ilenricum
925 3436 987 3499 post
1010 3427 1104 3494 tridui,
1133 3428 1380 3500 qualemqualem,
1403 3428 1704 3493 submissionem3nec
1720 3438 1795 3485 certe

142 3497 339 3564 spernendam,
354 3495 377 3550 sl
398 3494 488 3561 seria;
505 3504 550 3550 aut
564 3495 587 3551 si
614 3505 674 3553 tum
697 3501 767 3553 seria
792 3499 858 3566 luit,
877 3498 899 3553 si
921 3509 1050 3555 constans
1063 3500 1168 3566 luisset,
1184 3499 1347 3555 absolvitht
1363 3500 1499 3555 hienricus
1512 3507 1553 3554 tot
1578 3499 1723 3571 principes,
1746 3501 1794 3571 qni

143 3568 252 3620 ultrose
265 3565 434 3632 dediderunt,
455 3581 488 3621 eo
504 3568 594 3622 solum
607 3569 721 3625 consilio
733 3585 768 3623 ne
786 3568 958 3625 Christianus
978 3572 1088 3641 sanguis
1100 3570 1220 3642 amplius
1238 3570 1436 3634 effunderetur,
1461 3578 1646 3642 coiitra'pacta
1658 3580 1795 3628 conventa

139 3635 168 3691 iii
181 3651 319 3691 carcerem
335 3640 520 3708 compaginet
537 3640 650 3710 indigne
664 3656 775 3711 prorsus
791 3640 900 3706 habaiu
915 3652 943 3697 et
954 3641 1007 3698 nisi
1021 3651 1110 3698 nictus
1124 3643 1238 3714 majoris
1252 3643 1315 3697 mali
1329 3642 1488 3709 obstitisset,
1503 3642 1564 3697 neci
1578 3641 1708 3705 dedisset,
1725 3657 1794 3714 prat·

140 3708 234 3832 Berlin}
246 3706 433 3834 bareliargnni
449 3709 861 3784 lialberstatensempraesulem,
877 3728 959 3784 quem
977 3714 1100 3785 pessimis
1119 3713 1209 3771 modis
1230 3714 1332 3771 oderat.
1348 3714 1401 3771 Sed
1429 3729 1513 3782 nunc,
1529 3712 1612 3769 misso
1624 3712 1791 3782 Witachero,

167 3792 223 3848 nup
235 3793 315 3832 nium
328 3792 362 3832 aa
384 3794 483 3834 ramus.

281 4159 544 4255 GREGORII
575 4163 731 4255 PhPAE
763 4163 1300 4277 intitulandum,
1332 4165 1433 4256 RES
1463 4165 1656 4258 GESTAE

949 4404 981 4443 ttr

394 4568 681 4627 constitutiones
700 4570 802 4628 Cilica
821 4569 941 4627 navah
957 4569 1088 4626 ROMANl
1106 4570 1292 4628 restitisis
1312 4572 1555 4645 ELECTth'Ehl.,

882 4766 1054 4786 ——n

175 4938 292 4999 Comhia
318 4942 420 5015 quibus
434 4943 583 5014 Gregorius
604 4960 673 5018 papa
694 4947 745 5002 Vll
767 4946 940 5003 renuntiatus
951 4950 979 5013 Α
1029 4945 1180 5019 Gregorius
1192 4946 1275 5021 igitur
1288 4949 1349 5016 Vll,
1363 4949 1567 5008 Hildebrandos
1581 4959 1791 5021 anteavocatnu

140 5044 194 5103 est,
208 5043 246 5101 et,
270 5050 331 5106 quae
344 5037 415 5091 circa
440 5035 601 5093 electionem
627 5039 813 5105 constituerit,
844 5039 940 5094 deseri·
992 5038 1045 5095 fuit
1062 5039 1302 5109 notioneTuscus‚
1323 5043 1408 5114 patria
1427 5045 1573 5102 soanensis
1592 5053 1621 5100 et
1642 5044 1725 5101 nobili
1749 5061 1795 5118 ge·

141 5129 387 5201 ptoro,-quanavir
403 5131 526 5185 maxime
538 5129 726 5186 memorabilis
749 5140 777 5186 et
802 5134 939 5188 Romanae
993 5148 1056 5189 nere
1074 5143 1161 5200 ortus,
1180 5150 1213 5189 ex
1229 5150 1260 5190 ea
1275 5135 1380 5191 scilicet
1396 5134 1508 5207 familia,
1524 5153 1587 5211 quae
1600 5146 1692 5211 postea
1712 5138 1746 5194 ab
1760 5155 1794 5195 eo

140 5221 269 5278 Ecclesiae
285 5224 505 5293 pernecessarius
527 5222 618 5291 luerit,
644 5240 699 5279 non
714 5225 836 5281 alienum
851 5223 885 5280 ab
899 5225 938 5281 in·
992 5228 1219 5296 Hildebrmidina,
1234 5228 1290 5283 sive
1301 5228 1335 5285 de
1347 5230 1472 5287 Pitillano
1495 5233 1584 5303 (cujus
1603 5230 1697 5303 oppidi
1717 5210 1793 5303 prin·

141 5315 237 5370 stituto
254 5324 348 5393 nostro
367 5315 419 5372 erit
442 5333 525 5387 pauca
538 5319 664 5390 qnaedam
689 5327 810 5390 repietere
824 5335 885 5390 quar
906 5317 941 5375 de
996 5336 1059 5392 ceps
1078 5321 1223 5392 aliquando
1245 5321 1304 5389 luit)
1323 5325 1457 5396 appellata
1471 5333 1522 5381 est.
1539 5327 1647 5381 Patrem
1665 5326 1723 5397 ipse
1742 5325 1794 5381 ha-

140 5423 172 5464 eo
192 5409 220 5462 in
243 5409 338 5464 leonis
364 5425 440 5482 papae
466 5412 507 5467 lX
528 5412 734 5469 renuntiatione
756 5412 825 5476 diii,
846 5413 939 5469 etalio
995 5413 1055 5471 buit
1075 5416 1185 5471 nomine
1217 5417 1369 5486 Bonitinin,
1399 5419 1485 5474 virum
1510 5427 1664 5474 strenuum.
1692 5418 1796 5475 Adole-

142 5506 322 5574 postmodum
344 5502 455 5574 addere,
477 5505 575 5577 quibus
602 5506 730 5577 quisnam
757 5507 797 5562 vir
819 5506 939 5563 illeante
993 5523 1072 5563 scens
1094 5512 1156 5564 altae
1175 5509 1273 5565 indolis
1302 5508 1400 5579 lactus,
1430 5510 1463 5565 ad
1487 5511 1657 5583 imperatoris
1676 5513 1793 5579 curiam,

140 5595 332 5667 pontificatum
357 5595 451 5665 luerit,
468 5604 497 5654 et
514 5613 568 5671 qua
585 5599 730 5655 occasions
750 5607 792 5657 tot
813 5609 941 5673 uotaque
994 5602 1040 5658 ubi
1054 5602 1132 5659 valde
1147 5601 1272 5674 proiecit,
1301 5620 1330 5661 se
1349 5602 1473 5661 contulit.
1490 5605 1555 5661 inde
1570 5606 1669 5662 invidia
1687 5605 1723 5662 ob
1737 5606 1795 5662 vir·

140 5698 298 5747 memoratu
307 5689 389 5764 digne
401 5698 496 5748 contm
520 5693 718 5765 imperatorem
743 5695 938 5751 ilenricumlv
994 5703 1083 5752 tutem
1104 5705 1255 5766 contracta,
1281 5698 1365 5756 cessit
1389 5696 1540 5754 multorum
1556 5697 1651 5764 lurori,
1672 5702 1742 5756 sein
1755 5714 1796 5757 re

138 5795 191 5853 pro
209 5783 332 5843 libertate
341 5785 522 5845 ecclesiastica
536 5787 659 5859 gesserit,
672 5786 848 5860 intelligatur.
995 5789 1121 5863 ligiooem
1133 5791 1288 5849 recludens.
1307 5789 1488 5847 Mooasticam
1502 5792 1576 5850 enim
1589 5791 1673 5849 dmm
1685 5792 1714 5849 iii
1734 5808 1791 5851 ια·-
