3870 6164
293 264 436 321 scanno.
457 252 1377 337 vr.-wrasarrmmmasvvsrocna‘raarvvnaois.
1606 274 1659 346 ‘sis

116 388 249 446 thodosis
262 386 405 457 iratribus,
425 389 646 464 archiepiscopis,
665 393 811 465 episcopis,
824 395 852 461 Α
865 400 951 452 etum.
985 418 998 447 ι
1026 396 1062 453 bt
1094 406 1126 456 nt
1156 401 1381 462 maniteshsoims
1404 405 1532 465 omnibus
1556 417 1661 483 pateam

116 496 170 551 rus,
185 490 268 554 atque
281 482 415 539 universis
439 492 541 542 sanotae
554 485 681 544 Ecclesia
702 487 810 544 ordini·
865 498 913 540 eos
950 485 1025 557 ipses
1051 486 1175 560 eiusdem
1218 491 1512 552 excommunicationis
1548 505 1662 555 senten·

116 575 209 632 rlutem
224 577 442 648 etapcstolicam
455 577 683 636 benedictionem.
865 577 933 633 tiam
961 576 1090 645 subiisse,
1128 580 1195 638 utile
1230 581 1320 640 visum
1351 581 1404 642 luit
1434 585 1494 644 bave
1523 604 1556 645 es
1581 589 1660 648 dietis

116 677 168 726 ntra
182 678 209 725 et
222 685 305 742 quam
320 672 457 742 pestilerae
476 672 715 730 schismaticorum
731 674 809 732 apin.
863 670 895 723 Β.
912 668 1058 742 Augustini
1083 671 1201 729 recitare
1225 672 1320 745 (Auo.
1334 690 1416 733 sessa
1432 682 1481 735 tlt
1505 679 1539 735 de
1560 682 1657 739 Paruit.

116 778 156 819 res
177 765 281 820 nostris
307 766 478 837 temporibus
503 776 628 824 sancum
656 768 810 825 Ecclesiam
864 769 885 818 t·
905 765 940 832 Vr
964 778 1028 836 1⁵³8·
1044 769 1098 821 9⁴⁸
1119 781 1184 824 ΠΟΥ·
1206 767 1271 825 edil·
1299 772 1452 843 namorp.)
1479 786 1517 826 ²⁸
1537 774 1658 848 Quidtm

116 857 244 924 caverint,
260 865 417 931 etquantcs
431 860 556 932 populos,
570 862 688 933 peccatis
707 863 810 920 nensis
863 857 1002 915 intuentes
1025 868 1162 932 praecepta
1192 862 1357 933 severimus,
1399 865 1500 938 quibus
1527 866 1659 940 Jubomur

116 950 193 1019 tibus,
206 952 344 1009 erroribus
361 954 418 1009 suis
431 953 593 1026 iniecerint3
607 953 810 1013 fraternitatem
864 966 921 1008 non
941 952 1006 1009 dare
1025 961 1153 1011 mactum
1175 954 1300 1023 canibus,
1326 967 1356 1014 ut
1378 957 1539 1017 ethnichum
1559 960 1659 1021 habere

116 1060 132 1100 rr
152 1044 288 1102 eredimus
310 1062 367 1102 non
390 1047 483 1105 latere.
507 1051 650 1105 Venenum
672 1049 810 1122 siquidem
864 1045 986 1103 ecclesiae
998 1055 1228 1120 corumptorem,
1251 1064 1417 1125 acompage
1429 1052 1554 1126 corporis
1570 1070 1658 1113 mem·

116 1178 122 1206 ,
147 1139 267 1210 acapite
281 1147 383 1197 sancta
408 1141 533 1199 Ecclesia
554 1158 642 1212 uacare
662 1140 697 1199 ad
713 1144 809 1199 ultima
864 1138 958 1207 brum,
981 1139 1055 1212 quod
1081 1140 1255 1211 scandalizat,
1279 1144 1412 1215 evellere,
1439 1145 1476 1203 ita
1500 1148 1659 1219 perturbant

116 1248 138 1288 a
153 1233 255 1304 passim
279 1231 426 1302 diffusum,
442 1235 520 1291 vobis
545 1244 573 1291 et
584 1235 702 1293 subditis
713 1237 810 1293 vestris
864 1232 984 1290 ecclesia
997 1248 1105 1305 mecm,
1125 1243 1156 1291 nt
1175 1245 1309 1295 conentur
1328 1246 1393 1296 ante
1419 1247 1531 1312 tempus
1553 1242 1659 1301 urania

116 1332 124 1380 t
137 1341 195 1382 non
210 1325 350 1383 modicum
362 1336 498 1384 certamen
511 1344 667 1400 generasse,
680 1339 709 1387 et
720 1344 808 1402 usque
863 1341 970 1394 eruere,
984 1334 1067 1399 atque
1080 1327 1134 1385 hoc
1146 1336 1271 1402 tempore
1282 1332 1377 1389 cmcati
1390 1333 1442 1405 ipsi
1457 1334 1575 1407 potiun
1587 1334 1660 1393 libri

116 1418 194 1475 lullas
207 1421 329 1490 corporis
342 1421 423 1476 vestri
437 1422 562 1478 dolorem
577 1430 662 1479 tantae
676 1438 810 1495 pressum·
863 1419 898 1476 sti
913 1421 1018 1477 unitate
1031 1430 1201 1493 separantur.
1219 1447 1233 1473 ι
1247 1426 1298 1481 llis
1310 1425 1400 1497 itaque
1420 1424 1456 1483 ad
1468 1426 1593 1485 medium
1614 1443 1659 1486 re-

136 1512 262 1569 intrasse.
287 1515 349 1569 Hac
368 1515 458 1586 itaque
478 1516 641 1572 necessitate
663 1517 809 1588 compulsi,
863 1512 963 1583 citatis,
983 1512 1158 1587 adjudicante
1182 1516 1310 1575 universa
1332 1518 1450 1591 synodo,
1465 1520 1660 1581 constituimus

116 1606 178 1663 ’etri
189 1607 314 1663 navicula
328 1615 371 1663 tot
385 1608 626 1679 perturbationum
637 1608 768 1667 fluctibus
782 1619 809 1667 et
863 1613 893 1662 ut
906 1607 998 1665 nullus
1010 1606 1137 1681 deinceps
1151 1608 1188 1667 ad
1209 1610 1337 1684 injuriam
1361 1592 1473 1669 Domini
1488 1614 1660 1686 imperatoris

116 1698 276 1772 lnauiragii
290 1701 435 1757 discrimen
450 1702 549 1758 inllevva
564 1718 685 1775 praeceps
701 1704 807 1760 labere·
863 1707 1010 1771 prasumat
1029 1700 1064 1758 de
1077 1701 1128 1759 bac
1140 1704 1292 1775 suffitione
1317 1704 1465 1777 disputare,
1491 1714 1520 1763 et
1540 1709 1565 1764 ei
1592 1708 1660 1766 sub·

116 1795 121 1849 l
134 1808 212 1850 arma
233 1794 334 1866 quibus
356 1798 452 1852 Patres
476 1796 505 1851 ιιι
519 1795 708 1853 defensionem
729 1798 808 1855 Chri·
823 1762 847 1825 Β
861 1793 933 1850 ditos
951 1808 967 1850 a
986 1794 1097 1851 servitio
1110 1804 1139 1851 et
1152 1798 1348 1855 communione
1362 1798 1449 1870 ipsius
1461 1798 1625 1859 subtrahere
1648 1819 1657 1858 ι

120 1886 183 1945 iidei
197 1888 238 1943 usi
252 1877 327 1955 sunt,
336 1904 387 1944 nos
401 1891 601 1957 convertimus,
614 1898 697 1961 atque
706 1890 809 1963 cpiscc
862 1887 906 1944 Ad
920 1886 1065 1945 boeotiam
1078 1887 1155 1960 quod
1168 1904 1255 1962 genus
1269 1889 1384 1948 ultionis
1411 1900 1569 1951 mereantur
1590 1894 1658 1951 sub·
1693 1932 1697 1941 ·

116 1980 226 2037 abbates
239 1989 267 2037 et
277 1982 453 2054 quamplures
464 1981 676 2039 honestosvircs
688 1984 723 2040 ad
732 1999 809 2057 syno
863 1981 900 2037 ire
921 1981 978 2053 qui,
1003 1981 1115 2039 hortatu
1139 1983 1390 2056 schismaticorum,
1416 1985 1575 2058 juramenta
1600 1988 1658 2062 regi

119 2076 231 2131 ecclesia
240 2077 272 2130 Β.
281 2076 352 2131 Petri
361 2075 809 2149 celebrandamexdiversisparti·
862 2082 889 2130 et
914 2073 1082 2147 principibus
1096 2075 1168 2132 lacta
1191 2092 1249 2133 non
1261 2077 1362 2135 timent
1375 2078 1493 2148 violare,
1503 2080 1586 2138 sicuti
1599 2086 1660 2139 Au·

116 2169 288 2225 necavimus.
297 2169 404 2238 Quibus
412 2170 529 2240 Spiritus
536 2172 622 2226 sancti
630 2170 808 2242 inspiratione
861 2168 963 2241 gustini
984 2170 1177 2227 anctoritatem
1191 2170 1376 2229 induximus:
1398 2192 1414 2223 ι
1437 2172 1465 2230 si
1479 2173 1544 2246 quis
1558 2174 1659 2233 laicum

116 2262 196 2335 gatis,
217 2263 290 2318 inter
310 2271 409 2319 caetera
432 2278 494 2334 qnae
507 2263 645 2336 synodaiis
658 2272 808 2321 conventus
858 2262 1048 2336 juramentum
1059 2262 1184 2321 violando
1194 2265 1331 2336 protonat,
1344 2265 1418 2337 quod
1428 2266 1487 2339 regi
1500 2269 1659 2326 etDominc

116 2355 156 2413 ida
178 2364 347 2427 susceperat,
371 2358 555 2428 questionum
571 2357 653 2429 impia
674 2356 807 2431 dogmata
862 2372 912 2412 suc
926 2357 1011 2429 jurat,
1035 2365 1062 2412 et
1077 2357 1255 2429 postmodum
1271 2374 1398 2432 perverse
1419 2359 1479 2434 aas
1491 2375 1608 2434 mgnum
1630 2370 1660 2419 et

116 2448 213 2505 niciem
236 2450 387 2505 multorum
408 2451 517 2507 noviter
537 2459 609 2518 orta,
629 2467 645 2507 a
668 2452 808 2509 nonnullis
861 2448 955 2506 dolose
969 2451 1136 2522 necaverit,
1155 2459 1182 2509 et
1197 2451 1226 2508 in
1239 2460 1363 2511 mortem
1384 2451 1471 2527 ipsius
1492 2454 1584 2529 aliquo
1598 2471 1657 2515 nra·

116 2543 156 2598 mi
167 2543 314 2600 audientia
326 2542 494 2611 inieruntur;
508 2559 571 2615 quae
580 2543 745 2601 fraternitati
760 2558 806 2601 re·
860 2542 1035 2601 calcamento
1060 2544 1215 2613 insidiatur,
1246 2546 1307 2617 quia
1331 2546 1503 2620 marilegium
1540 2551 1657 2623 peragit,

116 2652 202 2709 gnum
214 2636 344 2693 duximus
358 2637 511 2705 notificare,
525 2645 660 2710 quatenus
668 2635 703 2693 ad
716 2653 748 2694 ea
763 2637 810 2693 de·
861 2652 977 2693 nranum
1000 2652 1080 2694 suam
1105 2638 1134 2693 ιιι
1157 2636 1298 2695 Οιιιιειιιιιι
1318 2639 1432 2697 Domini
1445 2641 1569 2708 mittens,
1588 2660 1657 2702 sns-

116 2748 132 2797 ι,
142 2730 198 2786 ιιιιο
208 2733 266 2787 Deo
280 2731 429 2787 ausiliante
439 2729 615 2798 destruenda,
626 2731 810 2803 promptiores
861 2730 953 2787 thema
977 2718 1024 2797 sit,
1039 2731 1091 2786 nisi
1115 2747 1164 2801 per
1179 2731 1291 2804 dignam
1310 2733 1479 2805 poenitcntiae
1491 2734 1658 2795 satisfactio·

116 2823 295 2896 vigilantiores
308 2823 495 2882 redderemus.
509 2825 549 2881 lbi
564 2840 687 2898 namque
696 2825 731 2882 de
743 2840 808 2896 per-
860 2839 925 2880 nam
947 2823 1146 2891 emendaverit,
1169 2824 1239 2881 sicut
1259 2827 1440 2884 constitutum
1465 2836 1507 2885 est
1528 2844 1545 2884 a
1564 2839 1658 2888 mnus

116 2934 176 2991 pute
193 2919 245 2991 ipsi
262 2920 297 2976 ad
320 2920 473 2992 periculum
501 2920 650 2992 imperialis
669 2918 808 2992 dignitatis
861 2917 981 2990 syuodo,
995 2925 1024 2973 et
1046 2917 1182 2975 seculum
1207 2917 1351 2991 relinquat,
1376 2934 1454 2977 mma
1476 2920 1658 2995 deponat-in

116 3020 249 3081 ocantur,
278 3028 335 3069 non
362 3027 461 3084 parvus
485 3014 591 3069 clamor
613 3013 746 3070 excritur.
773 3015 809 3069 Et
862 3012 1061 3069 monasterium
1075 3020 1131 3079 eat,
1146 3019 1173 3068 et
1190 3012 1573 3083 poeniteatomnibusdiebus
1596 3016 1658 3076 vita

116 3108 246 3181 vegetium
279 3108 344 3165 illud
374 3107 451 3165 radix
481 3117 510 3164 et
544 3108 624 3179 origo
644 3116 808 3165 cateronvm
825 3119 934 3209 csuam
959 3113 1147 3162 verumtamen
1162 3106 1390 3163 communionem
1415 3121 1481 3164 eum
1494 3107 1658 3168 eucharistia

116 3217 184 3258 vrum
212 3200 365 3268 ridebatur,
385 3201 485 3272 placuit
506 3201 541 3259 de
559 3216 592 3258 eo
613 3202 734 3274 primum
754 3209 807 3258 tra·
864 3200 891 3255 in
902 3198 976 3256 exitu
987 3214 1038 3256 suo
1052 3199 1177 3271 accipiat,
1187 3198 1335 3271 episcopus
1346 3215 1422 3269 reso,
1433 3199 1586 3276 presbyter,
1597 3202 1656 3261 dia·

116 3294 202 3361 abere,
218 3303 245 3351 et
265 3310 348 3366 quam
362 3296 481 3367 pessima
495 3304 524 3351 et
542 3295 696 3367 periculosa
708 3294 806 3353 sithu-
862 3307 959 3361 conus,
1018 3292 1071 3349 boc
1080 3292 1187 3348 crimen
1195 3292 1370 3364 perpetravit,
1385 3293 1562 3367 degradetur.
1579 3317 1593 3346 ι
1608 3296 1658 3354 nis

116 3387 136 3443 li
154 3386 311 3445 adhortatio
339 3388 456 3446 ostendi.
476 3387 558 3445 Unde
570 3389 598 3444 in
612 3388 808 3460 imperatorem
862 3401 927 3442 vero
952 3384 1097 3459 diligenter
1115 3384 1258 3457 expositis,
1291 3401 1402 3444 summa
1430 3402 1483 3445 nos
1508 3389 1658 3449 nomentan

116 3481 320 3538 cubicationem
342 3484 544 3554 promulgatam
569 3483 729 3539 necessariis
756 3481 808 3539 do·
861 3479 996 3551 compedit
1015 3478 1051 3535 sd
1076 3494 1109 3535 ea
1126 3494 1190 3551 mvn
1207 3479 1242 3536 de
1264 3480 1444 3538 sacramentis
1465 3482 1659 3541 emlesiasticis

116 3577 149 3635 tis
172 3577 401 3649 improbavimus,
423 3578 485 3650 quia
510 3577 584 3634 illius
605 3593 640 3634 ex
663 3578 808 3634 occasione
861 3573 967 3630 inimici
994 3572 1149 3629 christiana
1173 3573 1315 3644 religionis
1339 3572 1470 3633 adversus
1494 3575 1658 3635 catholicam

116 3686 195 3728 ortmr
207 3679 234 3728 et
258 3671 382 3727 omnium
401 3672 584 3727 assertionum
607 3685 720 3727 suarum
737 3671 808 3727 vires
862 3666 944 3724 iidem
956 3665 1105 3735 oblatrant,
1121 3665 1251 3723 discretas
1269 3667 1447 3725 auctoritates
1464 3683 1618 3742 opponeres
1629 3678 1659 3729 et

116 3765 180 3822 risse
207 3764 378 3822 videbantur.
402 3765 444 3821 Ad
472 3763 687 3821 convincendam
710 3765 806 3837 itaque
862 3776 922 3833 quae
935 3758 1029 3817 dicere
1053 3768 1081 3817 et
1095 3759 1185 3817 audiri
1195 3758 1271 3816 nolas
1291 3768 1344 3829 est,
1370 3759 1561 3834 probabilibus
1578 3777 1658 3837 argu-

124 3860 321 3926 temeritatem,
336 3874 400 3915 cnm
410 3858 528 3930 plurima
544 3866 600 3915 tam
615 3874 649 3915 ex
662 3858 749 3915 sacris
761 3873 807 3913 ca-
862 3854 963 3911 mentis
975 3852 1128 3912 mulctare.
1139 3852 1372 3911 Dicuntattamen
1381 3864 1590 3915 aeramentum
1600 3872 1659 3915 cor

116 3967 225 4025 squam
243 3953 329 4010 etiam
349 3960 377 4008 et
390 3952 538 4008 mundanis
552 3952 662 4024 legibus
682 3952 808 4024 exempla
862 3947 937 4019 poris
950 3955 978 4005 et
991 3948 1134 4021 sanguinis
1154 3947 1266 4004 Domini
1279 3949 1368 4005 nostri
1382 3950 1448 4006 Jesu
1461 3949 1574 4018 Christi,
1586 3966 1657 4009 con·

116 4043 808 4114 trent,illatamenadausitirrmnostrnmsuilicere
862 4040 1026 4099 sacrationes
1048 4040 1285 4109 chrismatismo
1306 4056 1477 4116 qnmcrmqus
1495 4043 1531 4102 ad
1550 4045 1658 4117 episcc-

116 4147 177 4196 enta
201 4139 257 4218 risa
276 4147 349 4203 sunt,
365 4139 466 4195 scilicet
483 4138 557 4209 quod
577 4139 604 4193 in
618 4153 666 4194 ecs
682 4139 729 4210 qrvi
753 4153 809 4195 non
862 4136 922 4208 pale
936 4142 964 4191 ct
987 4134 1153 4191 sacerdotale
1170 4133 1292 4191 cilicium
1319 4135 1466 4207 pertinent,
1490 4136 1526 4194 ab
1549 4136 1592 4194 bis
1611 4136 1659 4211 qui

116 4233 209 4307 gitime
226 4233 326 4300 vocati,
341 4241 368 4289 et
382 4231 582 4287 rationabiliter
602 4231 729 4301 convicti,
746 4232 807 4303 qui·
861 4236 945 4285 senta
969 4242 1068 4285 eorum
1090 4243 1147 4283 non
1182 4228 1388 4285 communicant
1410 4228 1556 4299 celebrata,
1582 4231 1658 4289 nulla

115 4325 227 4383 nissuis
239 4324 392 4398 exspoliati,
407 4325 543 4381 sententia
557 4323 739 4382 damnationis
750 4339 807 4380 non
862 4335 1047 4395 prorsusesse
1066 4328 1250 4388 sacramenta,
1275 4330 1304 4377 et
1326 4321 1395 4379 nibil
1408 4321 1486 4380 abad
1509 4323 1657 4399 suscipien-

116 4418 240 4487 lerenda‚
260 4420 374 4477 Nicaenc
393 4418 507 4475 concilio
522 4417 712 4489 approbante:
729 4440 742 4466 ι
759 4421 808 4473 ln·
863 4415 936 4472 tibus
950 4413 1003 4471 nisi
1016 4413 1224 4471 damnationem
1236 4413 1371 4471 conterre.
1387 4417 1457 4471 Nam
1468 4430 1568 4488 mnam
1580 4417 1658 4475 illurn

115 4529 198 4571 nemo
224 4513 385 4585 pontificum
404 4512 529 4585 judicare
552 4521 709 4586 prasumat,
730 4513 806 4586 qnia,
824 4509 909 4594 uni
918 4509 953 4566 de
965 4507 1036 4565 coelo
1049 4507 1199 4575 descendit,
1212 4507 1241 4563 in
1253 4520 1311 4579 qun
1325 4514 1384 4564 tcta
1396 4507 1471 4564 salus
1485 4517 1514 4565 et
1533 4509 1589 4566 rita
1604 4526 1657 4568 no·

115 4610 139 4664 is
153 4625 215 4665 vcra
230 4609 298 4677 sint,
324 4624 381 4665 non
402 4616 495 4665 tamen
515 4608 652 4666 credenda
672 4616 737 4665 surrt
755 4608 807 4664 nisi
863 4611 920 4660 stra
939 4601 1073 4667 consistit,
1105 4602 1190 4674 impio
1222 4599 1445 4672 blasphemantes
1483 4615 1544 4671 cre,
1571 4603 1656 4676 pollui

116 4702 237 4760 anilestis
252 4701 359 4759 indiciis
379 4702 602 4774 comprobantur,
615 4703 667 4758 cisi
681 4717 741 4775 quae
755 4718 808 4758 ma·
864 4697 953 4769 potius
981 4710 1064 4768 quam
1088 4694 1240 4751 consecrari
1261 4701 1403 4762 asturnnt3
1424 4708 1525 4767 aquam
1545 4712 1657 4771 quoque

134 4795 241 4869 jndicio
264 4795 473 4863 convincuntur,
494 4794 544 4851 nisi
563 4809 625 4866 quae
642 4795 806 4867 judicatorio
863 4790 1046 4862 baptismatis,
1062 4787 1398 4862 persacerdotumpreces
1413 4803 1446 4846 tc
1457 4788 1659 4850 benedictiones

120 4889 495 4962 publicantur.·1neodem
512 4906 519 4944 :
538 4911 551 4939 e
567 4889 688 4945 caveant
700 4888 807 4961 judicas
865 4893 895 4941 et
914 4884 1098 4942 chrismatum
1117 4882 1301 4940 admistiones
1320 4881 1391 4939 nibil
1413 4883 1658 4942 mmisscationnm

116 4998 142 5041 ae
162 4999 197 5040 ne
216 4983 327 5040 absente
341 4998 374 5040 eo
388 4983 465 5055 cujus
486 4998 567 5038 causa
587 4982 739 5051 ventilatur
746 4997 805 5039 sen·
863 4978 1068 5050 suscipientem,
1082 4976 1184 5049 hisqui
1200 4975 1380 5050 regenerandi
1399 4983 1465 5034 sunt
1486 4978 1581 5050 potius
1597 4993 1657 5036 scr·

116 5075 290 5149 rprcierant,
298 5075 371 5149 quod
380 5076 457 5132 irrita
468 5075 528 5132 erit.
543 5077 597 5131 »ln
608 5075 706 5131 eodem
716 5078 805 5145 (stam
862 5071 983 5129 diditatis
1006 5070 1129 5128 maculas
1151 5085 1236 5143 quam
1255 5070 1392 5143 spiritales
1413 5069 1563 5128 munditias
1581 5070 1659 5128 aium

116 5178 155 5227 est
168 5168 406 5243 privilegiumque
420 5168 532 5241 spoliari
548 5170 635 5241 possit
643 5168 704 5241 jam
717 5167 807 5226 nuda·
861 5174 1000 5239 prestare.
1014 5166 1060 5223 Sic
1071 5165 1155 5222 etiam
1168 5164 1289 5237 pessime
1309 5164 1431 5221 mutiunt
1444 5163 1478 5222 dc
1498 5163 1660 5222 reiterandis

138 5267 209 5321 item
234 5266 266 5319 B.
281 5268 400 5338 Avvgust.
416 5264 521 5338 plenius
544 5265 573 5320 in
596 5264 642 5320 lib.
663 5266 804 5337 poenitent.
861 5258 1047 5317 ecclesiasticis
1060 5257 1215 5324 ordinibus,
1229 5257 1264 5314 de
1280 5256 1504 5315 reconsecrandis
1526 5256 1657 5324 ecclesiis,

116 5372 146 5425 s,
160 5358 198 5414 ita
211 5358 283 5415 inter
302 5366 401 5415 catera
413 5357 508 5415 dicens
523 5376 531 5411 ε
549 5380 563 5407 ι
575 5360 632 5415 Nos
650 5375 664 5413 a
678 5374 808 5415 commn-
861 5363 889 5411 et
900 5352 1240 5428 puerisreccnsignandis;
1253 5361 1392 5425 postremo
1400 5350 1434 5408 de
1441 5350 1573 5408 omnibus
1580 5350 1659 5409 idem

116 5451 435 5526 quemqnamprohibero
448 5467 504 5509 non
516 5467 672 5525 possumus,
690 5453 741 5509 nisi
760 5460 808 5509 aut
861 5442 1661 5521 testantur,quaepereacerdctaleofliciumcbristianiscon·

125 5545 295 5613 confessum,
318 5554 366 5603 aut
379 5545 407 5603 in
425 5546 518 5619 aliquo
532 5547 587 5604 sive
607 5546 730 5604 saeculari
751 5546 808 5603 sive
861 5542 997 5607 feruntur.
1010 5540 1107 5599 Dehis
1119 5541 1211 5614 itaque
1218 5537 1521 5597 dintinslaborantibus
1530 5540 1598 5607 (sic),
1606 5537 1660 5594 sin·

116 5639 195 5699 rsticc
226 5638 334 5714 jndicio
372 5639 546 5698 nominatum
588 5649 669 5713 atque
711 5640 806 5697 convi·
861 5636 932 5709 gulis
940 5650 1037 5694 eorum
1048 5635 1189 5692 oneribus
1199 5630 1364 5706 opponenda
1377 5631 1546 5707 censuimus,
1558 5629 1659 5702 quibus

116 5764 122 5822 t
136 5758 200 5815 Hoc
208 5756 310 5827 pariter
321 5756 491 5839 testimonio,
500 5762 640 5839 ¹tarrqrsam
653 5770 685 5813 ax
699 5753 807 5812 Gelasio
861 5760 918 5809 tres
932 5749 1029 5827 synodi
1045 5748 1250 5835 Perestadensis
1263 5743 1326 5803 anni
1342 5748 1423 5814 luet,
1442 5759 1529 5817 quam
1542 5744 1616 5815 legas
1631 5742 1661 5803 ln

116 5826 289 5887 vdblticana
301 5842 335 5885 ac
353 5826 506 5885 sardicemr
518 5834 616 5900 petito,
630 5827 671 5885 usi
683 5834 750 5885 sunt
761 5830 809 5884 Pa·
861 5824 976 5883 collect.
995 5824 1101 5883 conor.
