3884 6158
145 247 194 300 i99
529 278 534 295 ι
757 243 785 296 S.
805 237 996 295 tautanius
1016 238 1059 292 vlt
1078 238 1175 292 Para.
1328 271 1338 285 ·
1375 290 1380 299 ,
1737 240 1790 292 200

140 366 315 425 Vociferatur
333 367 461 424 Sutiirins
481 384 487 420 :
510 366 680 423 Mendacium
701 369 727 420 et
742 365 939 436 impudentiam
953 365 979 428 Α
993 361 1075 434 vulgo
1086 367 1216 432 quartum
1226 359 1393 432 appellitant,
1407 359 1539 431 Gregorio
1552 359 1675 433 legitimo
1685 361 1787 431 pastori

80 519 82 523 ,
142 463 301 518 Eellarmini
312 462 454 531 redarguit
463 460 611 516 Ortlruinns
626 460 735 517 Gratim
755 461 784 513 in
805 459 938 515 Ecscieulo
993 462 1170 534 opposuerat.
1188 454 1218 508 ln
1234 454 1321 527 primo
1336 453 1430 524 itaque
1446 451 1495 511 lib.
1508 453 1547 509 sie
1565 442 1714 522 compellat
1733 458 1790 509 An-

140 571 232 611 reram
250 555 458 625 repetendarum
480 557 506 607 et
529 553 733 623 (mundarum,
763 555 812 622 qui
841 552 939 606 libram
993 555 1096 612 selmns
1121 549 1285 608 Gnibertnm
1308 544 1586 618 pseudopontificem:
1610 547 1672 603 Noli
1698 549 1792 616 itaque

141 647 223 711 burte,
233 650 293 702 lieet
302 648 405 716 alioqui
413 647 536 716 pontifici
543 647 733 708 amicissimus,
744 644 837 701 edida.
850 645 939 714 Quam
993 649 1089 715 dicere,
1103 646 1169 717 qaia
1183 642 1347 697 ursinersolis
1366 641 1490 697 Ecclesiae
1507 655 1601 695 euram
1612 642 1787 710 suscepimus.

141 740 251 797 Gratius
272 742 400 795 Romano
413 737 649 811 pontificiamiens
662 737 753 807 fuerit,
766 735 938 809 satismper-
994 741 1126 811 mmnode
1153 740 1224 793 arim
1254 736 1304 789 tibi
1320 735 1457 789 commemo
1475 737 1515 788 est
1535 734 1653 790 Ecclesia
1677 751 1684 788 :
1710 749 1791 803 quem

141 847 193 904 qne
212 831 314 887 indicat
323 833 490 899 Fasciculus,
514 832 555 887 rat
568 831 662 905 potins
675 833 759 900 fascis
774 831 817 887 ilie
832 829 938 887 calum·
993 838 1096 890 canstat
1105 848 1158 887 raon
1168 833 1283 885 intrasse
1288 844 1339 898 per
1350 829 1457 889 ostium
1466 826 1664 896 quodcbristus
1682 831 1732 894 ast,
1744 827 1791 882 aad

140 924 247 981 niarnm
273 932 301 981 et
315 924 550 992 criminationum,
567 940 650 996 quem
670 925 767 997 exigno
781 939 847 980 sane
864 923 938 980 bono
993 927 1104 984 aliunde
1118 924 1277 990 ascendisse,
1290 927 1321 978 ut
1335 922 1445 988 furam?
1455 923 1539 987 (lacn.
1556 935 1609 975 xx.
1627 919 1662 991 Ι.)
1675 922 1790 991 Aposto-

142 1018 279 1088 Eeclesiae,
301 1026 328 1075 et
343 1017 417 1074 nullo
440 1032 505 1073 cnm
522 1017 627 1073 honore
645 1033 696 1074 sno
713 1018 742 1072 in
752 1016 937 1083 ineemdedit,
992 1023 1044 1076 lien
1056 1023 1139 1085 enim,
1149 1016 1339 1073 etuninarsalis
1350 1014 1467 1069 Ecclesia
1481 1028 1559 1068 sunm
1573 1013 1689 1068 babebat
1699 1019 1793 1083 pasto·

140 1111 230 1180 Quam
248 1111 353 1168 bonnm
368 1109 469 1167 factum
493 1109 613 1177 fecisset,
637 1112 659 1168 si
673 1109 796 1167 codicem
809 1109 887 1166 illum
903 1109 937 1167 n·-
992 1132 1058 1170 rem.
1079 1116 1113 1170 Ut
1136 1114 1207 1168 enim
1221 1110 1253 1164 de
1268 1112 1298 1166 Β.
1329 1109 1468 1177 Grepario,
1486 1113 1563 1176 putre
1574 1111 1671 1174 nostro,
1688 1107 1790 1174 dicam,

141 1206 200 1261 nais
211 1213 239 1261 et
255 1205 344 1260 blattis
358 1201 558 1274 depascendnm
567 1203 729 1276 reliquisset.
993 1224 1053 1278 quaa
1062 1207 1095 1262 de
1108 1205 1227 1262 Gorrrelio
1236 1205 1346 1272 scripsit
1357 1200 1510 1271 Cyprianus
1523 1219 1531 1254 :
1539 1201 1629 1267 factus
1641 1204 1682 1255 est
1691 1202 1791 1270 episoo·

82 1278 88 1293 ⁸
176 1299 233 1353 Nec
242 1295 314 1353 bona
329 1305 371 1353 est
388 1295 447 1353 baec
458 1297 631 1365 consecutio;
646 1312 697 1354 nec
709 1295 865 1354 bellarmini
887 1314 937 1354 sn·
990 1317 1042 1373 pru
1054 1301 1087 1356 de
1098 1301 1149 1356 Dei
1159 1303 1184 1354 et
1206 1297 1309 1354 Christi
1317 1294 1375 1365 ejus
1381 1294 1499 1364 judicia,
1513 1294 1546 1349 de
1560 1294 1714 1349 cloacarium
1724 1308 1792 1364 pene

142 1389 294 1462 apicionem
304 1399 432 1446 enervat:
450 1392 601 1448 Grtbuinus
610 1392 696 1446 edidit
715 1393 862 1447 Eumenem
876 1407 933 1447 :em
992 1397 1119 1457 amasium,
1131 1397 1167 1458 et,
1178 1397 1209 1446 ut
1228 1405 1320 1445 uerum
1339 1389 1436 1451 dicam,
1457 1390 1561 1442 omnino
1580 1389 1699 1442 omnium
1712 1389 1791 1442 teati-

142 1499 174 1553 po
192 1499 245 1538 aen
256 1488 295 1538 est
318 1485 353 1539 ab
378 1485 469 1554 aliqua
486 1487 641 1542 Lutlrarnno
655 1488 798 1555 corrfictas3
821 1500 888 1540 nam
903 1483 938 1540 ab
992 1490 1090 1549 macria,
1105 1487 1138 1541 de
1151 1485 1325 1555 plubiasque
1347 1485 1408 1536 tune
1420 1481 1525 1548 adfuit,
1547 1480 1690 1550 eupropio,
1708 1480 1793 1535 desa·

142 1592 216 1632 anno
232 1575 343 1632 Domini
356 1583 422 1633 ibit
437 1578 764 1650 nsqne'adannnm1535
777 1578 870 1633 rariaa
883 1579 939 1633 Lu·
992 1582 1126 1637 sedatum
1150 1581 1327 1647 antiquorum
1350 1578 1375 1630 et
1395 1577 1517 1629 uirorum
1528 1575 1657 1629 bonorum
1668 1574 1788 1643 collapso,

142 1667 396 1740 theraniseonfingi
405 1678 562 1747 potnerunt,
572 1679 599 1726 et
611 1672 697 1744 reipsa
712 1670 806 1727 itidem
821 1669 938 1727 conficta
993 1692 1052 1729 cnm
1064 1689 1139 1728 reema
1151 1676 1214 1726 anm
1223 1686 1250 1727 se
1264 1671 1444 1737 festinasset,
1465 1684 1524 1722 eum
1533 1667 1690 1723 Alexandri
1708 1668 1789 1733 loeus,

142 1769 214 1818 sunt.
234 1764 292 1819 Nee
314 1778 346 1818 ea
361 1762 461 1831 solnm,
475 1779 537 1837 quae
551 1763 703 1821 Lutberum
717 1773 937 1826 antecesserunt,
953 1761 976 1824 Β
992 1770 1076 1830 Petri,
1099 1767 1141 1820 acl
1154 1764 1256 1834 prodas
1269 1762 1403 1817 maleam
1417 1761 1591 1817 sacedotalis
1601 1764 1718 1815 vocaret.
1734 1761 1791 1828 Qua

141 1854 257 1928 conjecit
267 1855 377 1912 Gratius
386 1856 415 1911 in
427 1871 509 1913 snum
522 1856 704 1926 fascinulam,
720 1856 768 1914 sed
783 1866 810 1912 et
821 1857 872 1913 alia
885 1858 939 1914 Ln-
992 1863 1129 1931 occupato,
1142 1863 1168 1913 et
1181 1858 1214 1912 de
1227 1857 1430 1918 Ddaolnntate,
1445 1860 1526 1924 atque
1543 1856 1662 1909 omnium
1671 1857 1791 1908 nostrum

142 1946 222 2003 thero
233 1947 401 2021 synchrona;
414 1958 443 2005 nt
456 1956 592 2005 testantur
603 1953 768 2009 Grnoamina
786 1951 939 2009 Germanice
993 1952 1265 2015 carneasuordtnato,
1281 1951 1405 2019 quisquis
1416 1948 1477 2018 jam
1485 1951 1623 2018 episcopas
1636 1948 1791 2016 betumm-

141 2039 171 2096 in
184 2041 302 2097 comitiis
317 2042 591 2114 Norimbergensibns
601 2044 708 2111 oblata3
719 2043 832 2116 epistola
844 2043 941 2100 Adria-
993 2050 1051 2102 rit:
1067 2049 1142 2114 foras
1155 2047 1205 2114 fiat
1219 2058 1321 2098 necesse
1336 2046 1388 2105 est,
1412 2058 1458 2097 aee
1473 2042 1570 2096 labem
1588 2040 1792 2096 emiesiastieam

83 2173 85 2176 ψ
142 2134 168 2189 ni
189 2136 226 2190 vt
244 2133 279 2189 ad
299 2134 435 2206 principes
454 2137 618 2203 Germanos,
641 2137 805 2194 declamatio
824 2120 939 2195 liutteni
993 2141 1198 2200 ordirmts'cnem,
1212 2140 1262 2208 qui
1276 2137 1399 2194 Ecclesiae
1413 2140 1548 2191 nontanat
1559 2136 1700 2189 unitatem.
1713 2134 1792 2200 Quas·

143 2235 239 2283 contra
250 2226 431 2284 donationem
441 2229 625 2286 Constantini.
639 2232 798 2288 constitutio
808 2231 844 2286 ad
860 2246 941 2286 remo
993 2235 1054 2303 qua's
1065 2233 1112 2288 ille
1123 2233 1218 2300 fuerit,
1234 2231 1294 2285 licet
1305 2230 1373 2284 dese
1387 2230 1501 2283 multam
1507 2228 1627 2297 laetans,
1638 2232 1664 2283 et
1677 2227 1791 2298 silipla

84 2323 86 2328 '
142 2321 240 2378 oeradas
253 2321 363 2386 abusus,
382 2328 408 2378 et
421 2323 776 2379 ordinatiaadnitamderi
794 2325 940 2391 reseratam
994 2329 1095 2382 mmnm
1108 2325 1462 2394 vendicaraprofanusest,
1477 2323 1790 2390 alienusest,sorisest;

143 2414 218 2478 dnm,
231 2414 372 2471 Laurentii
385 2413 541 2484 cardinalis,
554 2424 582 2470 et
594 2415 646 2471 alia
655 2414 735 2488 bajus
745 2416 860 2489 generis.
871 2417 940 2472 Nam
994 2425 1019 2476 et
1035 2436 1094 2476 eum
1114 2421 1302 2490 postprimnm
1321 2416 1451 2472 secandus
1464 2431 1518 2472 essa
1541 2432 1594 2471 non
1603 2417 1701 2486 possit,
1714 2417 1792 2484 qais-

143 2505 217 2579 quod
232 2506 362 2564 Sutlirins
371 2506 455 2577 dicit,
469 2508 568 2566 similia
583 2509 771 2564 Bennonianis
784 2508 818 2565 de
834 2510 939 2581 Grego·
994 2515 1056 2584 quis
1076 2517 1139 2584 post
1152 2528 1247 2575 unum,
1261 2513 1310 2581 qui
1320 2512 1391 2566 solus
1406 2525 1460 2566 esse
1471 2510 1558 2577 debet,
1569 2511 1660 2577 sactus
1672 2512 1723 2572 est,
1738 2523 1792 2563 noa

62 2660 69 2667 ,
142 2599 181 2656 rio
188 2599 268 2656 scribi
282 2601 316 2656 ab
332 2604 519 2673 Uesperpeusi,
529 2607 557 2657 et
566 2603 710 2670 sigeberto,
726 2608 752 2657 et
765 2607 875 2658 auctora
890 2604 940 2659 Vi·
965 2672 967 2677 ,
994 2607 1125 2662 secundus
1139 2606 1196 2671 ilie,
1207 2605 1254 2660 sed
1268 2605 1357 2659 nulfus
1369 2609 1419 2660 est.

143 2697 177 2748 tce
198 2696 376 2760 Heracleaene,
400 2693 547 2767 impudens
574 2703 761 2751 commentum
782 2703 834 2750 ost.
866 2694 941 2752 Licet
1029 2701 1101 2756 citat
1114 2708 1144 2755 et
1161 2698 1261 2754 recitat
1281 2697 1340 2754 brae
1359 2697 1441 2752 verba
1455 2695 1540 2751 abbas
1554 2695 1750 2767 Urapergensis
1763 2694 1792 2751 in

143 2786 217 2842 enim
235 2786 429 2859 urspergensis
452 2787 586 2860 Gregorio
607 2803 704 2860 parum
717 2787 865 2845 benevolus
884 2787 940 2846 fue·
994 2793 1180 2861 chronicaex
1195 2791 1321 2863 epistola,
1333 2789 1419 2858 nteit,
1431 2788 1595 2846 anselmiad
1608 2788 1789 2846 Gnibertnm:

141 2879 187 2948 rit,
205 2879 346 2952 multoque
368 2879 460 2937 minus
480 2880 648 2954 sigebertus,
664 2889 761 2937 uenter
780 2889 873 2938 tamen
887 2882 941 2940 illo
994 2902 1055 2960 qnae
1069 2885 1177 2941 ridetur
1197 2884 1278 2941 fnisse
1292 2883 1396 2940 diversa
1419 2883 1454 2939 ab
1479 2884 1522 2939 bis
1535 2881 1643 2939 dnobus
1656 2881 1744 2951 libris,
1760 2889 1792 2939 ut

142 2988 204 3029 rum
228 2971 403 3030 horribilium
421 2973 571 3030 eriminum
590 2972 624 3030 de
651 2974 786 3044 quibusa
809 2976 941 3031 Bennone
994 2979 1236 3036 etiamarbitratnr
1255 2977 1391 3033 Batonius
1412 2976 1439 3031 in
1461 2975 1619 3048 appendice
1633 2973 1667 3030 ad
1683 2984 1791 3031 tomum

142 3074 295 3134 accusatur,
312 3081 375 3122 enm
398 3066 585 3134 insimularit3
605 3066 662 3122 imo
685 3083 736 3123 nec
756 3075 853 3123 aneton
871 3069 941 3124 vita
994 3075 1045 3129 vll
1070 3071 1227 3129 Annalium.
1243 3073 1301 3127 Nae
1316 3068 1493 3141 improbabile
1515 3078 1560 3125 est
1580 3067 1741 3124 anselmum
1756 3067 1792 3126 ad

142 3159 317 3216 Hearicianae
327 3145 415 3229 neque
426 3159 509 3215 enam
521 3159 545 3215 is
554 3158 601 3232 qni
613 3175 663 3233 pro
674 3159 795 3216 Henrieo
805 3162 841 3216 lV
851 3162 940 3233 apolo-
958 3138 980 3198 C
994 3181 1054 3221 eam
1064 3165 1186 3221 alludere
1201 3163 1289 3219 verbis
1302 3163 1353 3219 iliis
1365 3164 1391 3219 in
1411 3162 1469 3234 ipso
1483 3161 1564 3234 primi
1581 3159 1642 3216 iibri
1655 3161 1791 3217 vestibulo

143 3251 215 3324 giam
236 3250 410 3324 conseripsit,
426 3249 538 3309 ntinfra
564 3251 620 3308 suis
639 3251 705 3309 iocis
728 3252 858 3310 monebo.
882 3257 941 3311 Nee
993 3257 1198 3315 occurrentibus
1217 3260 1343 3328 :Scripsi
1356 3258 1408 3312 tibi
1418 3271 1507 3329 pauca
1520 3271 1580 3311 mem
1602 3255 1684 3309 multo
1702 3254 1793 3310 dolore

142 3344 194 3400 nisi
213 3343 340 3417 perfricta
369 3344 460 3402 fronte
487 3343 616 3402 Sntlirins
629 3344 939 3420 'schaffnaburgensem
993 3357 1018 3407 et
1037 3352 1298 3408 simerceclaritatis
1321 3351 1430 3420 affeetu,
1445 3355 1477 3405 ut
1500 3364 1653 3418 aequassem
1676 3363 1793 3403 emerere

141 3437 268 3510 opponit:
284 3437 350 3495 nibil
365 3438 441 3495 enim
454 3437 480 3494 in
498 3454 532 3495 eo
542 3439 754 3497 Baunonianum
766 3448 891 3513 apparet,
908 3449 939 3497 ut
993 3450 1070 3500 tuam
1084 3445 1185 3500 redires
1198 3444 1237 3501 ad
1251 3460 1305 3512 eor,
1318 3452 1382 3510 etna
1398 3445 1445 3499 sed
1457 3444 1525 3515 qnia
1536 3442 1619 3497 narba
1632 3447 1680 3498 tua
1692 3442 1791 3511 iniqui

142 3546 193 3587 nae
209 3531 237 3587 in
248 3530 407 3600 Hefmoldo,
422 3547 539 3606 quornm
555 3531 590 3589 de
600 3532 735 3606 Gregorio
745 3535 796 3590 vll
811 3533 938 3591 testima-
994 3543 1035 3593 tas
1059 3541 1084 3594 et
1097 3539 1183 3601 datus,
1209 3543 1235 3594 et
1255 3537 1368 3593 rulabti
1393 3537 1595 3606 intelligerent
1620 3536 1682 3590 bene
1701 3550 1791 3604 ageres

143 3624 188 3680 nia
208 3623 289 3697 paulo
302 3633 364 3696 post
377 3625 574 3704 producentur.
993 3632 1077 3698 (Psal.
1092 3646 1190 3698 xxxv,
1203 3629 1240 3702 il.
1252 3631 1321 3685 andi
1328 3632 1433 3685 interea
1445 3637 1500 3686 ete.
1509 3627 1563 3698 Qni
1576 3627 1614 3684 sia
1628 3627 1711 3684 etiam
1724 3626 1788 3684 Gni

177 3716 255 3773 Licet
277 3726 371 3774 antam
395 3717 538 3774 cardinalis
571 3719 753 3777 bellarminus
781 3719 828 3777 lib.
854 3736 885 3778 rt
901 3725 942 3779 De
991 3722 1101 3779 bertum
1121 3723 1291 3794 alloquitur:
1309 3725 1421 3778 funem
1447 3721 1559 3777 aliunde
1584 3721 1739 3783 ascendisti,
1765 3723 1792 3775 et

143 3809 282 3881 pontifice,
298 3825 358 3884 cap.
377 3811 597 3884 laniagnam
611 3821 737 3870 nostrum
750 3814 942 3886 copiosissima
991 3833 1045 3872 aron
1062 3821 1169 3872 uocatus
1187 3821 1269 3872 olleo
1281 3816 1425 3882 accessisti,
1439 3816 1495 3871 noli
1511 3829 1645 3885 usurpare
1661 3813 1711 3869 tibi
1721 3814 1792 3868 tanti

143 3911 171 3959 et
184 3900 341 3961 doctissime
352 3903 385 3959 ab
399 3902 592 3961 hereticorum
611 3895 848 3964 criminationibus
868 3923 941 3964 assa-
993 3926 1083 3965 utram
1110 3911 1258 3978 repimiais.
1284 3910 1359 3966 Sieut
1383 3909 1453 3964 enim
1470 3907 1644 3977 jamdictam
1668 3912 1733 3963 est:
1759 3907 1792 3963 Si

143 3995 237 4064 merit,
248 3994 336 4052 allatis
350 3995 474 4068 plurimis
498 3997 586 4071 iisqne
611 3997 774 4071 gravissimis
798 3999 939 4072 scriptori·
995 4004 1140 4073 Greporius
1153 4005 1183 4057 in
1194 4003 1311 4058 musra
1320 4004 1387 4070 fnit,
1403 4002 1453 4072 qui
1467 4001 1543 4069 apud
1563 4005 1588 4055 te
1602 4002 1683 4055 ettam
1695 4001 1792 4055 consti·

144 4087 205 4158 bns,
234 4105 352 4163 qnorum
378 4090 456 4146 multi
477 4107 511 4147 eo
530 4091 590 4163 ipso
608 4092 709 4148 aaeenlo
734 4092 940 4167 vixeruntque
993 4099 1037 4159 tit,
1054 4096 1136 4162 iudea
1150 4096 1540 4164 anulioeondemnaripotait,
1560 4094 1790 4160 marrifestnmest,

143 4182 293 4255 Gregorius
307 4183 483 4255 apostoticam
496 4184 589 4241 sedem
613 4184 692 4253 rexit,
714 4192 741 4242 et
755 4185 856 4258 partim
877 4202 941 4259 qno
992 4194 1018 4245 te
1029 4189 1066 4244 ab
1079 4191 1203 4246 Ecclesia
1216 4189 1456 4259 radieepraeisnm
1468 4189 1587 4255 nauare,
1601 4186 1723 4257 nitique
1738 4185 1789 4240 lca·

142 4290 194 4346 qne
209 4291 265 4331 non
274 4281 384 4332 tantum
394 4277 560 4346 eruditione,
573 4276 622 4334 sed
636 4286 664 4334 et
675 4277 737 4334 ritae
760 4277 941 4336 mnatimonia
994 4282 1206 4353 berepotestatis
1220 4283 1337 4351 mjuris.

41 4419 47 4432 ,
144 4383 176 4424 ae
187 4367 328 4426 miraculis
341 4371 572 4442 claruerunt3qni
583 4370 662 4444 longe
682 4371 735 4429 alia
750 4380 779 4428 et
790 4372 871 4429 aliter
879 4372 941 4429 seri·
1029 4375 1096 4444 Quis
1119 4390 1184 4430 rero
1196 4373 1247 4430 iste
1264 4373 1414 4430 anselmus
1440 4373 1589 4430 Lucensis?
1614 4388 1649 4429 an
1664 4386 1735 4428 nnus
1757 4387 1792 4428 ex

143 4460 247 4519 buntet
261 4470 406 4532 testantur,
420 4479 502 4537 qnam
529 4463 739 4520 mendaciorum
753 4464 799 4521 ilfa
827 4464 941 4521 faberet
993 4467 1084 4536 trivio,
1106 4466 1185 4538 enjus
1207 4466 1396 4524 testimoninm
1422 4467 1511 4538 primo
1527 4467 1619 4524 statim
1632 4464 1726 4523 auditu
1740 4463 1792 4520 dif-

143 4553 310 4612 architectus
319 4558 415 4612 Benna
430 4575 438 4624 3
461 4555 523 4629 qnia
544 4563 636 4613 umen
654 4557 732 4628 panai
747 4563 823 4624 sunt,
843 4556 941 4630 quibus
995 4559 1055 4616 llari
1069 4569 1097 4616 et
1108 4558 1234 4632 dissipari
1258 4565 1363 4632 queat?
1377 4559 1571 4617 Minimerero.
1588 4559 1661 4617 Audi
1675 4561 1793 4631 Ursper-

144 4647 220 4718 eopia
230 4648 351 4720 suppetit
365 4649 489 4705 omnium
511 4665 605 4706 eornm
621 4658 776 4717 anctorum,
796 4665 867 4723 quos
877 4649 938 4706 Bef-
993 4651 1408 4727 genseminscbismatieorum,
1425 4669 1510 4727 qnam
1547 4652 1576 4709 in
1589 4653 1706 4725 Gregori
1743 4652 1791 4706 Vll

144 4739 274 4797 terminus
294 4757 342 4813 pro
362 4743 546 4817 Gregoriivll
558 4744 712 4801 innocentia
734 4743 872 4802 baereticae
890 4744 940 4800 im·
994 4755 1084 4817 partes
1093 4746 1242 4819 caeteroqui
1255 4746 1427 4820 proniorem:
1439 4747 1581 4803 Amelmus
1590 4749 1738 4818 episeopus,
1748 4745 1792 4799 uir

144 4830 284 4903 pudentia
298 4834 422 4907 opponit,
437 4835 528 4893 risum
542 4845 584 4894 est
597 4853 653 4894 nou
667 4837 717 4895 abs
730 4853 761 4895 re
775 4836 846 4908 fore,
865 4838 887 4894 si
901 4837 940 4912 ip
993 4841 1222 4912 litterisopprime
1235 4840 1369 4904 entditus,
1380 4842 1490 4910 inperiis
1499 4842 1685 4904 acutissimus,
1698 4840 1794 4906 fanin

143 4939 237 4982 sorum
252 4927 409 4984 testimonia
421 4928 556 4985 verbatim
570 4931 799 4999 exscriberentur,
814 4938 842 4988 at
854 4931 940 4989 lecta·
993 4933 1040 4988 dur
1050 4936 1214 5005 precipuas,
1228 4932 1335 5006 siquod
1345 4934 1468 4989 omnaom
1482 4935 1573 5006 majus
1589 4937 1638 4998 est,
1650 4935 1679 4987 in
1693 4933 1744 4989 Dei
1755 4931 1793 4986 ti·

143 5033 205 5074 mm
220 5019 307 5076 oculis
320 5019 528 5093 subjicerentur,
546 5030 572 5080 et
585 5032 679 5096 postea
690 5023 808 5080 breviter
822 5023 940 5081 menda·
993 5042 1065 5081 more
1074 5032 1099 5082 et
1108 5030 1203 5082 sancta
1214 5029 1411 5083 mnnersatioae
1421 5028 1666 5093 nominatissimus,
1680 5024 1747 5079 odeo
1763 5029 1796 5081 ut

143 5112 183 5168 eia
197 5119 224 5168 et
236 5112 337 5184 probra
345 5114 502 5171 Bennoniea
510 5113 713 5182 refellerentur,
727 5115 749 5172 si
765 5124 856 5172 tamen
869 5131 941 5189 opus
994 5125 1049 5174 tam
1072 5123 1101 5174 in
1111 5123 1179 5188 nita,
1192 5136 1274 5190 qaam
1292 5124 1476 5191 postmortem
1497 5122 1633 5189 retmatur
1653 5117 1796 5174 miraculis

143 5203 275 5274 refellere,
287 5222 349 5279 quaa
369 5214 412 5264 tot
425 5209 563 5280 tantisque
580 5208 696 5265 testibus
709 5206 835 5265 adductis
847 5217 875 5265 et
889 5225 938 5266 an·
997 5214 1100 5268 clarus.

144 5297 206 5354 ditis
219 5307 317 5372 sponte
334 5315 383 5355 sua
397 5306 537 5357 annuunt.
552 5304 662 5374 agmen
677 5301 761 5375 igitur
772 5301 865 5359 ducat.
1031 5307 1074 5360 De
1084 5290 1182 5363 eodem
1194 5304 1329 5362 Anmlmo
1339 5313 1446 5377 auctor,
1458 5304 1604 5380 qniVitam
1619 5302 1681 5377 ejus
1692 5301 1794 5362 titteris

180 5392 201 5445 1.
230 5392 385 5461 anselmus,
413 5391 556 5467 episcopus
579 5393 724 5460 Lucensis,
738 5391 943 5466 enjnsexstant
993 5396 1135 5454 mandarit
1156 5396 1227 5470 apud
1257 5400 1419 5468 baronium,
1438 5406 1515 5456 tomo
1537 5398 1574 5468 11,
1602 5412 1677 5454 anno
1692 5394 1793 5455 Christi

145 5489 221 5538 tomo
239 5484 543 5557 Vlantiqnaeleetionis
556 5484 592 5541 ci.
607 5485 656 5541 riri
670 5489 707 5542 Ι).
721 5486 831 5544 lianriei
842 5486 940 5544 canisii
994 5496 1082 5548 1086:
1099 5493 1178 5547 Anao
1194 5494 1393 5549 btcaraatiom's
1415 5493 1521 5549 bomini
1532 5493 1622 5546 nostri
1633 5494 1697 5548 lesu
1712 5490 1790 5549 Cleri-

143 5575 204 5632 libri
212 5574 269 5633 dno
277 5577 437 5651 apologetici
449 5592 497 5650 pro
510 5578 643 5652 Gregorio
655 5581 703 5636 vlt
714 5588 809 5637 eontra
823 5581 941 5639 Gniber·
993 5585 1031 5639 sti
1044 5585 1186 5642 millesimo
1200 5589 1360 5656 octopess‘ma
1373 5589 1458 5650 sento,
1482 5587 1652 5658 episcopatus
1667 5600 1728 5641 nara
1748 5585 1793 5641 sui

143 5677 203 5726 tnm
225 5668 460 5744 arehiepiscopum
477 5673 677 5741 Ravennatem,
704 5672 871 5748 antipapam,
888 5674 940 5733 snb
994 5677 1095 5733 deamo
1119 5680 1209 5744 tene,
1224 5680 1368 5737 saumana
1386 5694 1469 5743 nona,
1484 5681 1570 5750 tuan
1586 5679 1649 5750 jam
1661 5682 1741 5735 amas
1751 5692 1794 5735 se·

143 5762 293 5821 Clementis
307 5766 347 5821 ΙΙΙ
359 5763 482 5834 nomina,
493 5781 576 5840 quem
587 5765 878 5840 imperatorHenriens
890 5768 941 5838 111,
993 5776 1067 5842 ptem
1078 5773 1361 5831 enmmmaaieatiomb
1373 5773 1722 5851 Emmeiquondamrsqir,
1733 5776 1797 5845 post
