3870 6164
83 236 119 289 rte
450 268 454 273 -
584 232 847 291 eaosseotlslta.
869 261 904 275 -
924 233 1014 291 aCTa
1032 237 1060 291 S.
1081 235 1253 293 esseben.
1688 246 1741 321 ι70

83 360 136 416 har.
153 360 272 432 illacque
288 369 380 417 mente
400 357 548 419 furibunda
567 346 774 429 transcurrens,
794 374 891 416 omnes
904 363 932 425 A
945 367 988 416 est
1010 367 1040 416 ut
1060 358 1132 417 iacto
1147 360 1315 418 anathemati
1334 361 1543 419 subscriberent.
1565 365 1742 439 congregatis

82 469 149 511 suos
174 469 296 526 nequam
318 453 484 511 consiliarios
507 454 649 512 advocavit
676 473 683 510 ε
711 453 834 511 deductis
858 453 887 510 in
941 469 1006 526 ergo
1021 453 1150 510 omnihus
1169 455 1261 527 Papiae
1275 470 1308 512 er
1330 462 1466 528 precepto
1488 457 1587 531 Regis,
1608 465 1636 514 et
1656 459 1742 533 magis
1798 499 1800 503 r

81 547 207 604 medium
216 547 356 604 nonnullis
365 546 555 607 seductoribus
567 557 629 605 ante
643 563 778 620 perversae
789 547 888 603 urentis
941 562 973 603 ex
988 547 1095 620 propria
1110 546 1298 605 malevolentia
1321 557 1348 605 ct
1362 548 1437 617 odio,
1454 557 1484 604 ut
1495 565 1540 606 res
1554 549 1650 622 patuit,
1673 568 1741 609 ana·

83 643 191 705 oculos,
210 641 256 713 qui
278 642 367 714 plura,
382 641 480 713 quihus
504 642 622 698 humana
637 657 714 698 mens
737 640 792 698 falli
806 641 886 712 solet,
940 640 1053 696 mamati
1066 624 1294 714 subscripserunt.
1311 644 1381 698 Nam
1395 642 1429 698 ad
1448 643 1650 701 ostendendum
1662 647 1742 704 malae

84 744 305 809 preposuemnt3
330 736 405 808 regni
430 735 567 793 honorem
587 751 603 791 a
624 739 704 793 Patre
725 735 885 802 dimissum,
940 733 1088 791 voluntatis
1102 735 1257 803 cumulum,
1275 735 1370 807 positis
1388 736 1566 793 sacrosanctis
1580 739 1740 813 Evangeliis,

86 829 203 885 liberum
216 828 370 894 arbitrium,
386 844 452 901 opes
465 828 594 900 infinitas,
610 829 729 885 militum
743 827 886 885 abundan·
936 828 1094 901 juramento
1128 828 1307 885 firmaverunt
1336 829 1412 886 nullo
1440 831 1523 888 modo
1554 847 1584 888 se
1614 832 1741 907 deinceps

86 921 409 991 tiametiortitndinem,
425 923 591 996 Episcopos,
605 925 713 992 Duces,
727 924 885 995 Tyrannus,
940 922 1107 994 Gregorium
1131 937 1180 995 pro
1204 926 1276 995 Papa
1302 922 1460 994 habituros,
1488 923 1529 981 vel
1558 923 1740 984 obedientiam

86 1026 114 1072 et
134 1016 187 1072 sub
199 1015 328 1073 lidelitate
346 1016 484 1089 Principes
505 1016 687 1085 constrictos,
704 1015 886 1088 superborum
940 1014 1122 1083 exhibituros,
1140 1016 1282 1090 missisque
1294 1016 1412 1086 0001110,
1434 1015 1506 1073 idem
1520 1026 1551 1074 ut
1563 1018 1607 1075 alii
1621 1018 1742 1077 iacerent

84 1110 169 1166 eliam
195 1111 264 1166 eolla
288 1126 339 1167 suo
359 1111 428 1185 jugo
452 1110 584 1179 contrita,
610 1118 748 1181 quaestum
776 1110 888 1183 insuper
940 1107 1105 1166 effecerunt.

81 1204 268 1260 Faciesiarum
284 1204 342 1261 suis
356 1204 482 1260 manibus
501 1203 678 1273 traditarum,
693 1212 721 1260 et
737 1203 821 1260 multa
835 1203 886 1259 alia
976 1208 1021 1258 67.
1047 1202 1161 1275 Scripsit
1183 1211 1274 1260 autem
1297 1203 1369 1260 idem
1391 1206 1451 1261 Rex
1476 1206 1597 1261 Romam
1618 1205 1740 1275 litteras,

82 1312 160 1369 quaa,
175 1305 208 1354 ut
221 1296 355 1365 diximus,
369 1297 533 1354 secularium
548 1306 653 1353 mentes
666 1296 778 1353 illiciunt
794 1317 801 1353 :
817 1297 888 1354 inter
940 1296 1017 1353 omni
1039 1297 1137 1369 injuria
1151 1296 1326 1365 inhonestas,
1341 1295 1511 1372 falsitateque
1527 1299 1658 1371 repletas,
1674 1316 1743 1372 prae-

82 1407 152 1462 quos
175 1394 233 1460 (60)
257 1390 434 1464 hloguntious
457 1390 507 1447 luit
525 1390 766 1462 archiepiscopus,
779 1398 807 1447 et
824 1389 886 1447 reli·
919 1374 1040 1463 'cipiens
1053 1390 1174 1447 Domino
1188 1394 1268 1464 Paper
1282 1401 1313 1448 ut
1324 1392 1359 1448 de
1370 1391 1438 1449 Sede
1450 1400 1573 1466 surgeret
1585 1392 1744 1450 Ecclesiam·

81 1484 126 1556 qui
150 1485 200 1556 qui
223 1484 275 1540 suh
291 1484 350 1557 ipso
368 1484 503 1558 degebant
526 1482 705 1555 Suffraganei.
721 1485 803 1540 Facta
822 1499 887 1540 vcro
941 1500 993 1557 quc
1012 1484 1186 1541 dimitteret:
1203 1501 1304 1542 vocans
1318 1500 1382 1542 eum
1405 1485 1560 1559 perjurum,
1572 1486 1740 1558 invasorem,

80 1578 129 1635 tali
140 1579 333 1649 conventione,
349 1586 504 1634 statuerunt
517 1586 549 1634 ut
560 1578 710 1651 imperialis
728 1577 888 1636 constitutio
942 1587 969 1635 et
983 1579 1078 1651 Regiae
1087 1577 1225 1652 dignitatis
1234 1577 1443 1647 diminutorem,
1455 1580 1573 1636 maxime
1583 1580 1743 1639 simoniacis

80 1672 305 1729 uinctosinsuo
318 1687 405 1744 regno
424 1679 566 1728 manentes
583 1670 750 1744 Episcopos,
766 1672 884 1729 cursori·
900 1722 927 1786 B
941 1670 1140 1744 longobardiae
1172 1672 1386 1729 elaborantibus.
1416 1674 1574 1729 statuerunt
1603 1675 1685 1731 etiam
1712 1682 1744 1731 ut

80 1767 134 1823 hus
147 1766 252 1839 ubique
272 1766 378 1835 missis,
399 1773 462 1821 ante
485 1781 564 1822 suem
590 1765 761 1838 praesentiam
778 1765 886 1837 juberet
941 1782 996 1822 non
1019 1775 1082 1821 ante
1099 1766 1195 1823 litterae
1217 1766 1347 1823 darentur
1366 1774 1395 1821 et
1408 1766 1506 1834 verba,
1519 1782 1602 1838 quarn
1617 1765 1744 1841 Synodus

81 1860 210 1916 assistere
232 1864 308 1927 (61);
328 1868 374 1929 et,
397 1858 557 1917 coadunatis
575 1858 704 1915 omnibus
722 1857 885 1915 anathemati
942 1875 1004 1932 quae
1018 1867 1181 1932 congregata
1199 1859 1227 1914 in
1242 1862 1369 1914 Romana
1393 1857 1482 1914 iuerat
1495 1859 1614 1915 Ecclesia
1636 1859 1743 1932 plenius

80 1954 157 2027 quod
178 1953 356 2027 hloguntinus
370 1940 524 2010 ¹haereticus
544 1961 638 2010 contra
654 1954 687 2008 11.
710 1952 782 2009 Petri
805 1953 885 2008 vica·
942 1952 995 2009 hoc
1009 1952 1102 2009 audire
1117 1961 1225 2025 posset,
1245 1950 1320 2024 quod
1338 1952 1418 2009 etiam
1439 1951 1542 2008 iactum
1558 1961 1609 2009 est.
1624 1954 1695 2009 Nam
1716 1961 1744 2009 et

79 2047 171 2115 rium,
192 2046 249 2104 imo
264 2047 292 2103 in
306 2047 458 2103 Dominum
473 2054 500 2103 et
519 2046 683 2119 Apostolum
698 2046 757 2118 ejus
771 2061 885 2118 compo·
942 2047 1013 2119 Papa
1026 2046 1170 2119 synodum
1182 2045 1309 2113 iaciente,
1321 2045 1436 2117 quidam
1445 2045 1601 2102 Parmensis
1611 2045 1741 2115 clericus,

80 2150 176 2206 neret,
198 2140 412 2197 subscriberent.
434 2140 517 2212 Quod
539 2140 561 2196 si
585 2139 658 2196 forte
682 2148 777 2196 motus
798 2138 886 2210 alique
941 2140 1054 2197 Domini
1070 2140 1219 2213 apostolici
1242 2139 1275 2196 ad
1291 2138 1429 2212 injuriam,
1445 2155 1509 2195 cum
1524 2138 1625 2195 eisdem
1647 2139 1744 2197 litteris

82 2235 236 2291 reverentia
259 2235 319 2306 quis
340 2250 437 2291 eorum
461 2249 490 2290 se
512 2233 671 2290 subtrahere
694 2232 786 2299 vellet,
806 2232 887 2289 rebus
942 2242 1217 2305 praesentaresenon
1230 2233 1386 2301 abhorruit,
1401 2231 1548 2289 eteesdem
1563 2232 1744 2305 blasphemias

82 2328 214 2385 omnihus
227 2337 254 2384 ct
274 2328 404 2401 dignitate
418 2328 547 2400 privatus,
566 2335 599 2384 ut
618 2326 726 2400 Regalis
740 2325 887 2399 majestatis
940 2327 969 2383 in
992 2325 1059 2384 lacie
1080 2327 1165 2384 totius
1185 2327 1313 2384 Ecclesiae
1331 2335 1359 2384 et
1377 2335 1527 2383 conventus
1548 2326 1667 2399 proferre
1686 2342 1744 2383 non

82 2422 237 2488 obnoxius,
265 2421 408 2494 capitalem
434 2421 538 2477 subiret
562 2420 735 2477 sententiam.
765 2423 886 2489 lnterea,
941 2420 1111 2481 formidavit.
1132 2425 1187 2478 Per
1209 2421 1281 2478 idem
1301 2429 1409 2492 tempus
1430 2420 1599 2493 prodigium,
1617 2419 1651 2477 ad
1673 2419 1745 2478 illius

82 2515 193 2589 legatis
210 2515 332 2587 undique
346 2514 436 2573 missis
450 2518 516 2583 (01),
532 2513 566 2570 ah
577 2512 654 2571 Urbe
668 2513 778 2585 quidam
793 2516 886 2586 llugo,
941 2514 1090 2586 iniquitatis
1111 2513 1240 2571 indicium
1260 2522 1287 2570 et
1304 2513 1541 2570 confirmationem
1564 2513 1665 2571 futurae
1686 2513 1741 2582 rei,

84 2610 149 2665 olim
165 2608 334 2674 Cardinalis,
355 2616 421 2665 tunc
434 2618 527 2665 autem
548 2607 619 2663 inter
637 2607 788 2680 Episcopus
802 2607 889 2664 haere-
941 2608 970 2663 in
985 2608 1062 2665 Urbs
1080 2607 1157 2681 Juxta
1177 2610 1210 2664 B.
1227 2607 1300 2664 Petri
1316 2607 1466 2664 Fcclesiam
1480 2615 1574 2664 ortum
1595 2615 1652 2674 est,
1667 2607 1741 2680 quod

80 2703 151 2759 ticos
164 2702 336 2773 praecipuum
350 2711 432 2774 caput
446 2701 502 2774 (qui
512 2701 573 2774 jam
584 2701 665 2757 tertio
680 2700 714 2757 ab
732 2701 887 2773 apostolica
941 2700 1065 2758 omnium
1088 2701 1170 2758 corda
1192 2701 1309 2758 nimium
1334 2700 1360 2756 in
1377 2709 1518 2772 stuporem
1540 2708 1712 2757 converterat
1735 2719 1741 2756 :

83 2796 155 2852 Sede
175 2795 322 2852 damnatus
345 2794 453 2862 iuerat,
475 2795 536 2868 quia
563 2793 696 2867 quosdam
720 2794 888 2851 Simoniaoos
940 2809 1023 2850 nemo
1048 2795 1121 2850 enim
1146 2793 1265 2867 aliquam
1291 2793 1517 2866 significationem
1544 2810 1627 2866 super
1653 2794 1743 2866 ipsum

84 2889 262 2946 reconciliare
294 2875 543 2960 presumpserat),
576 2887 675 2944 fictitiis
707 2885 764 2943 suis
793 2887 888 2944 litteris
941 2887 1007 2943 dare
1032 2895 1060 2942 et
1089 2885 1211 2958 proferre
1237 2886 1316 2958 digne
1344 2886 1592 2957 convenienterque
1619 2895 1738 2958 poterat.

86 2984 362 3055 archiepiscoporum
393 2991 419 3038 et
448 2982 647 3055 Episcoporum
682 2996 812 3053 personas
844 2997 887 3037 re-
943 2979 1081 3053 Siquidem
1093 2979 1190 3052 gallina
1203 2994 1287 3035 orum
1301 2977 1415 3035 mirilico
1427 2979 1555 3035 coelatum
1567 2994 1649 3051 opere
1663 2995 1741 3051 pepe·

86 3086 270 3149 presentans,
295 3076 421 3141 advenite
447 3073 563 3132 laudans
595 3074 686 3131 omnia
716 3089 778 3147 quae
806 3090 889 3146 super
906 3073 977 3148 crit
989 3077 1054 3140 (64),
1070 3072 1098 3128 10
1107 3088 1162 3145 quo
1174 3072 1230 3130 000
1244 3071 1311 3128 mira
1325 3071 1452 3144 insignita
1463 3069 1573 3128 fuerant
1588 3090 1594 3127 :
1610 3070 1742 3144 serpentis

84 3171 234 3227 1100110001
259 3173 360 3241 Papam
381 3177 610 3242 composuerant;
629 3167 758 3240 projectis
780 3168 809 3223 in
829 3183 888 3223 me·
942 3165 1044 3223 scilicet
1056 3174 1084 3223 et
1097 3164 1167 3222 scuti
1180 3164 1342 3232 similitudo,
1358 3164 1443 3221 nimio
1457 3163 1572 3223 horrore
1586 3165 1741 3223 tenebrosa.

85 3264 159 3320 dium
176 3263 237 3320 aliis
253 3262 374 3334 epistolis
387 3261 440 3318 sub
459 3262 584 3318 omnium
597 3260 782 3318 cardinalium
803 3263 886 3318 Sena·
941 3260 1059 3333 Serpens
1073 3276 1137 3316 vero
1159 3259 1249 3331 quiin
1268 3259 1400 3330 triplicem
1422 3274 1455 3314 ex
1475 3259 1573 3316 eodem
1587 3259 1631 3316 ovi
1643 3259 1744 3317 cortice

83 3367 182 3431 tueque
197 3372 230 3412 ao
254 3355 346 3428 populi
362 3356 473 3413 nomine
491 3355 619 3424 titulatis,
634 3353 733 3428 quibus
755 3353 887 3427 signitica-
943 3369 972 3409 ss
994 3353 1176 3410 sanationem
1197 3362 1329 3420 erexerat,
1344 3353 1443 3408 verace
1459 3368 1488 3409 se
1507 3368 1618 3409 sursum
1644 3353 1744 3426 erigere

83 3451 184 3508 bantur
219 3448 347 3522 quaedam
380 3449 606 3521 proclamationes
643 3448 678 3505 ad
713 3448 888 3520 praesentiam
943 3447 1010 3503 velle
1030 3446 1064 3503 ad
1084 3444 1272 3502 summitatem
1286 3446 1329 3501 ovi
1351 3447 1502 3501 conabatur
1516 3461 1524 3500 t
1540 3446 1656 3501 caudam
1679 3430 1743 3504 vero

83 3545 188 3618 regiam
209 3543 323 3609 delatae;
344 3542 389 3599 ubi
411 3543 495 3600 etiam
514 3542 724 3600 continebantur
742 3541 888 3614 postulatio
943 3541 973 3596 in
987 3548 1093 3612 partem
1107 3539 1282 3595 tenebrarum
1294 3538 1365 3595 illius
1379 3538 1550 3595 extenderat.
1565 3539 1619 3595 Sed
1633 3538 1700 3595 dum
1709 3539 1744 3597 ad
1793 3526 1797 3531 ⁸

84 3640 149 3694 nori
163 3637 318 3704 Pontificio,
332 3645 361 3693 et
381 3637 496 3709 abiectio
513 3636 622 3710 legitimi
642 3634 779 3703 Pastoris,
795 3635 887 3691 subin·
944 3633 987 3691 ovi
1001 3632 1161 3705 dignitatem
1182 3630 1323 3701 tenderet,
1339 3632 1459 3705 quodam
1474 3633 1530 3689 ictu
1552 3647 1744 3706 repercussus,

86 3732 148 3787 tulit
172 3732 256 3787 etiam
278 3730 379 3786 multas
403 3730 574 3797 iuimicitias,
600 3745 668 3803 quas
694 3729 847 3802 patiebatur
872 3743 889 3784 a
944 3735 1037 3783 venae
1051 3735 1130 3783 tenus
1143 3734 1224 3798 caput
1238 3726 1388 3783 reflexerat.
1405 3728 1510 3800 Scupea
1524 3742 1589 3782 vero
1611 3725 1670 3798 eius
1690 3731 1744 3795 (65)

86 3825 266 3882 liortmannis
288 3838 304 3879 a
324 3823 582 3896 circumjacentibus
603 3823 754 3881 comitibus
776 3823 810 3879 ab
824 3821 889 3895 ipsis
943 3837 1001 3877 non
1024 3819 1150 3894 depicta,
1177 3819 1225 3876 sed
1255 3829 1331 3876 extra
1357 3818 1465 3876 corticis
1492 3819 1616 3877 ordinem
1641 3820 1745 3892 posita,

86 3919 173 3974 etiam
202 3915 377 3974 traditoribus
409 3917 437 3973 in
466 3916 544 3974 Urbe
572 3917 752 3974 manentibus.
782 3916 889 3987 Quibus
944 3930 1028 3971 manu
1049 3912 1225 3986 deprehendi,
1242 3921 1270 3970 et
1293 3914 1417 3983 tractari,
1440 3914 1516 3970 velut
1529 3913 1580 3970 alia
1601 3914 1745 3971 materialis

86 4009 889 4083 visisRexnonmodieelaetatus,adopuscomponendum
943 4023 1002 4075 res,
1031 4015 1147 4079 poterat.
1176 4005 1420 4064 considerantibus
1446 4014 1538 4063 autem
1566 4007 1694 4064 omnibus
1718 4016 1746 4064 et

85 4103 245 4161 fomentum
276 4103 463 4161 desideratum
493 4104 607 4177 accepit.
637 4102 769 4160 Adductis
799 4103 889 4175 itaque
944 4101 1107 4158 mirantibus
1120 4100 1261 4174 Episcopis
1275 4101 1428 4173 ceterisque
1442 4100 1488 4173 qui
1506 4101 1533 4156 in
1554 4100 1665 4175 synodo
1679 4117 1744 4157 con·

86 4198 114 4254 in
128 4197 256 4254 medium
267 4197 408 4255 diabolicis
431 4197 628 4267 Pontificibus,
643 4197 789 4254 anathema
807 4211 891 4268 super
944 4194 1082 4264 sederant,
1096 4195 1210 4252 nuntius
1224 4195 1267 4251 ille
1281 4193 1441 4251 antichristi
1454 4194 1570 4251 advenit.

87 4292 246 4349 1100110001
268 4293 386 4365 Papam,
408 4292 465 4348 imo
481 4306 565 4365 snper
586 4292 692 4365 seipsos
706 4289 888 4363 protulerunt.
981 4295 1024 4346 66.
1041 4291 1191 4361 Postquam
1207 4304 1289 4356 vero,
1310 4288 1389 4345 linito
1401 4290 1530 4361 Hymno,
1545 4287 1668 4345 facturus
1687 4302 1743 4344 ser·

86 4389 144 4453 (aa)
165 4384 262 4442 Missis
281 4385 363 4442 etiam
377 4385 406 4441 in
424 4384 646 4458 longobardiam
668 4392 695 4442 et
710 4381 889 4440 lierchiema
945 4398 1043 4440 mones
1072 4380 1268 4439 exhortationis
1298 4383 1440 4445 omnibus,
1469 4385 1541 4455 Papa
1568 4381 1743 4451 consederat,

86 4479 172 4535 latere
196 4480 279 4553 lieg's
307 4487 365 4537 tam
396 4479 498 4537 nuntiis
529 4495 613 4552 quam
636 4479 772 4554 apicibus,
802 4478 887 4535 risum
903 4456 930 4521 Ῑ)
945 4474 991 4532 1110
1015 4491 1167 4549 praecursor
1190 4475 1363 4544 antichristi,
1386 4491 1442 4532 non
1467 4473 1591 4531 tribuens
1609 4472 1744 4532 honorem

1006 4647 1088 4698 Ollerl
1100 4645 1139 4696 hie
1151 4646 1237 4696 multis
1248 4647 1366 4694 Romans
1378 4642 1511 4706 Presbyter
1520 4643 1594 4694 Urbis
1607 4662 1614 4693 a

1006 4713 1053 4760 Ter
1064 4710 1197 4758 damnatus
1209 4711 1271 4768 erat,
1288 4707 1366 4769 pretio
1379 4708 1436 4769 quie
1449 4706 1595 4757 restituebat

1007 4772 1137 4835 Emptores
1147 4770 1239 4820 christi
1249 4770 1410 4832 templorum,
1420 4769 1523 4833 junctus
1535 4773 1560 4819 et
1576 4769 1637 4834 ipsis

1006 4837 1132 4884 adversus
1144 4835 1245 4896 Papam,
1258 4831 1352 4891 lingens
1367 4831 1441 4891 mala,
1454 4830 1597 4882 laetificabat

124 4653 184 4714 (60)
202 4648 236 4703 111
245 4648 319 4714 loia
328 4648 446 4703 00000οα
455 4648 577 4705 temnus
591 4649 765 4706 0000000010
778 4651 810 4703 ia
822 4649 892 4717 000-

86 4719 248 4788 druqssr'rnu
262 4718 299 4773 ud
311 4720 451 4790 synodum
463 4722 553 4776 Romoe
569 4725 728 4789 ocwrrest,
743 4720 778 4776 de
800 4723 891 4776 crimi-

85 4792 170 4846 nibus
197 4805 256 4859 quoe
280 4790 457 4862 objicerentur
478 4807 588 4847 causum
609 4793 749 4860 dicturas,
770 4793 893 4862 alioquin

84 4866 181 4930 sciret,
192 4862 294 4931 010000
299 4865 373 4918 omni
378 4865 633 4933 procrastinemus,
645 4863 734 4919 eodem
746 4862 790 4918 dic
799 4863 832 4918 00
841 4879 893 4918 cor·

83 4952 152 5006 pore
166 4933 293 4990 Ecclesioe
311 4939 412 4990 suectoe
432 4934 454 4990 a
493 4937 585 4990 stolioo
597 4936 770 4991 anathemate
784 4936 892 4990 abacia·

86 5007 210 5062 deudum
230 5020 300 5060 esse.
324 5007 364 5062 lta
387 5008 455 5062 lam
477 5015 551 5063 crtus
565 5005 600 5063 ad
613 5022 658 5063 an.
677 5012 765 5077 1076,
782 5012 892 5063 econtra

88 5075 338 5150 Pseudo-synodus
351 5077 571 5144 wormatiensis,
588 5077 622 5135 de
631 5094 683 5152 qua
697 5093 778 5147 mox,
792 5077 894 5134 indicta

88 5146 142 5202 luit
153 5148 183 5202 in
199 5147 374 5205 Dominicam
387 5149 608 5223 septuagesimae.

129 5223 184 5283 (61)
201 5219 254 5275 llic
271 5227 314 5276 est
326 5221 491 5291 Siqesridus,
504 5220 550 5293 qui
568 5217 676 5292 praefuit
689 5221 823 5278 Ecclesiae
831 5221 892 5275 alo·

91 5288 893 5435 calatratasicataractae:

90 5446 175 5498 rum,
192 5448 282 5507 apage
297 5437 351 5488 711
373 5432 408 5489 00
427 5448 487 5508 pag.
504 5440 568 5490 160.
584 5432 657 5492 lnira
678 5450 781 5492 nomen
803 5433 892 5506 expri-

88 5503 190 5568 mitur,
210 5502 463 5573 qusndo'transivit
482 5505 516 5562 ad
537 5515 625 5577 partes
645 5507 782 5581 liudolphi
798 5504 892 5579 Regis.

127 5574 188 5646 (62)
206 5577 284 5646 liupo
452 5583 479 5634 to
503 5579 629 5642 Blcrtcus,
645 5579 732 5650 inquit
760 5578 893 5634 Lamber-

88 5646 301 5719 000011,ψο
360 5662 376 5703 a
393 5649 476 5707 hahet
492 5667 499 5705 τ
514 5657 543 5706 et
565 5649 701 5706 Domnizo
715 5651 742 5708 in
756 5650 819 5708 Vita
834 5650 893 5705 bla-

88 5717 190 5774 thildis
201 5717 252 5774 lib.
268 5732 291 5786 r,
304 5719 344 5775 sic
356 5721 447 5778 canit:

155 5801 216 5850 llrrc
225 5800 298 5864 lingo
311 5803 370 5851 lune
382 5801 600 5866 0110010011,οώ
612 5801 703 5854 dicitur
714 5804 804 5863 abac,

1008 4897 1089 4947 corda
1103 4895 1276 4959 malignorum,
1288 4896 1361 4959 Regis
1372 4895 1445 4944 011001
1459 4898 1484 4944 01
1497 4894 1629 4945 sociorum.

981 4993 1037 5059 (66)
1053 4988 1130 5044 ldem
1145 4986 1282 5043 Domniso
1296 4989 1334 5041 ita
1348 4985 1522 5066 prosequitur
1537 5004 1544 5041 :

1008 5077 1095 5128 audax
1106 5076 1215 5126 antistes
1228 5074 1388 5149 Ι11000011ου0
1399 5077 1471 5125 nimis
1485 5074 1534 5131 illc,

1007 5143 1061 5190 1100
1071 5139 1203 5211 christum
1214 5141 1308 5194 trmurt,
1325 5140 1416 5211 Papam
1428 5135 1528 5199 quando
1541 5136 1682 5197 maledixit,

1007 5201 1286 5259 superincumbente
1299 5214 1377 5262 magra
1390 5201 1435 5263 ipsi
1446 5212 1474 5250 se
1490 5198 1652 5251 meledicunt.

982 5297 1036 5359 (64)
1051 5291 1127 5347 ldem
1141 5289 1278 5345 Domnizo
1292 5288 1413 5344 insinuat
1431 5304 1508 5343 ouum
1522 5291 1601 5359 quusi
1612 5289 1746 5358 sculptum

946 5363 1037 5420 inisse.
1059 5368 1130 5419 Dura
1154 5361 1214 5418 haec
1229 5359 1434 5431 imprimuntur,
1449 5357 1576 5415 audimus
1597 5359 1657 5430 ejus
1678 5358 1747 5430 ligu-

946 5449 1007 5491 ram
1029 5443 1148 5500 exsere,
1164 5430 1283 5505 quamsi
1306 5431 1501 5514 acceperimus,
1517 5433 1617 5487 Lector
1631 5429 1748 5485 inveniet

947 5515 1008 5578 post
1020 5515 1128 5562 tomum
1143 5507 1204 5567 Vll,
1218 5503 1246 5559 in
1258 5502 1467 5576 appendicibus.
1485 5504 1525 5558 lta
1538 5517 1599 5575 ego,
1612 5509 1665 5557 ete.
1680 5498 1749 5556 Vide

947 5575 1225 5728 padctddfed’Sccffpelos
1236 5646 1515 5721 intelligitcretserus
1526 5643 1622 5717 pellem
1636 5656 1746 5768 Ἕξεω-

949 5735 1054 5843 mosapr
1069 5741 1075 5776 ε
1093 5722 1238 5779 Germano
1249 5719 1322 5778 enim
1337 5720 1478 5788 Schuppeu
1492 5726 1644 5789 squamma
1685 5726 1836 5800 001οΙ·Ι

948 5800 1003 5850 tur.
