3870 6164
445 256 617 317 aristote
634 260 747 319 usus
764 262 958 325 budisslaus
974 266 1162 324 tesaurus.
1574 274 1625 331 rtl

116 375 240 435 crudeles
253 392 319 436 suos
339 377 484 439 minbtros
498 383 557 439 seris
564 383 624 456 jam
634 386 774 443 morsibus
789 392 817 457 Α
830 387 895 446 bulo
907 398 990 448 tantae
993 432 1047 447 .....
1065 389 1214 456 (ubertatis)
1226 390 1350 463 saginata
1365 392 1546 465 congaudeat.
1557 397 1625 466 Quis

116 485 134 527 o
159 485 245 545 prope
265 472 436 531 contriverit.
461 474 543 533 Unde
567 492 618 535 nos
640 480 775 550 quinutu
828 498 887 539 non
907 484 1015 543 laetetur
1037 483 1169 539 canonice
1183 491 1212 541 et
1223 499 1270 554 per
1291 486 1395 555 omnia,
1406 486 1485 559 juxta
1497 503 1627 549 normam

117 564 282 637 inpositionis
301 581 334 623 ae
353 567 521 639 providentia
535 570 634 631 diuinae
653 574 776 631 elemen-
827 578 1016 637 ecclesiasticen
1027 576 1219 641 institutionis,
1235 578 1263 635 in
1275 578 1393 635 lieelesia
1409 580 1461 637 Dei
1476 582 1568 639 sirum
1579 598 1625 639 re-

131 673 187 715 non
206 658 308 717 nostris
322 660 438 731 neritis,
447 662 477 718 in
492 664 590 723 veruca
604 673 699 725 annon
712 667 775 725 nni·
827 672 956 743 ligiosum
972 678 1056 747 atque
1069 670 1235 743 prudentem
1247 670 1369 728 ordinari
1383 672 1561 747 episcopum?
1573 674 1625 731 lla·

116 752 240 811 Ecclesiae
262 756 448 828 speculatores
464 757 607 817 existimus
622 760 656 818 ad
680 760 777 819 delen·
828 764 897 821 betis
919 764 1031 839 quidem
1041 780 1074 823 er
1088 765 1163 822 dono
1177 762 1274 823 dvinee
1290 764 1494 840 propitiationis
1513 766 1625 825 ordina-

116 847 265 907 dbutntcm
279 851 375 909 matris
393 860 495 911 noslrae
511 863 615 913 sanetas
632 856 775 927 Ecclesiae,
828 866 888 913 lum
895 856 1625 933 warmundum(⁴²2)bonumetJuslumepiscopum.

116 958 180 1001 mus
201 959 253 1001 nec
275 961 421 1017 possumus
439 948 565 1005 animum
583 948 712 1007 celtibera
733 952 774 1009 uel
829 951 941 1007 studete
961 966 1026 1025 ergo
1038 951 1077 1009 sic
1089 951 1141 1009 sibi
1155 952 1182 1007 in
1198 950 1326 1009 omnibus
1347 952 1530 1009 obedientiam
1549 954 1625 1010 exbi-

123 1037 314 1108 scriptumest
326 1038 413 1105 enim,
426 1042 586 1099 Maledictus
599 1044 649 1113 pul
653 1044 777 1113 probibet
829 1044 893 1103 bere
907 1054 936 1103 el
948 1062 996 1117 pro
1011 1044 1110 1103 timore
1122 1044 1205 1101 diuini
1219 1046 1342 1102 nominis
1356 1054 1384 1103 et
1397 1046 1548 1105 reverentie
1557 1062 1625 1120 apo-

117 1146 196 1187 suuru
207 1147 225 1185 u
238 1134 368 1201 mergulae
382 1136 448 1204 (lea.
463 1140 584 1205 ιιιιιι),
598 1136 652 1191 lroe
662 1146 715 1205 eet,
728 1138 777 1209 qui
830 1138 933 1197 stolirau
947 1138 1028 1207 sedis,
1042 1140 1123 1211 eujus
1136 1138 1298 1195 auctoritate
1309 1144 1382 1205 (424)
1395 1138 1449 1197 boe
1467 1149 1559 1197 actutu
1574 1150 1627 1211 est,

124 1222 247 1295 linguam
268 1239 348 1281 suam
375 1240 392 1279 a
416 1226 590 1299 correptione
613 1228 776 1287 maurelium.
829 1240 927 1287 cunncta
942 1231 1080 1305 quaejirris
1092 1241 1158 1291 siaul
1168 1232 1296 1291 Ecclesiae
1309 1233 1499 1297 resumerent
1509 1234 1628 1306 ipsaEc·

115 1315 170 1373 lem
188 1317 305 1383 semina,
326 1318 465 1389 loquendo
484 1319 635 1390 ueritatem,
655 1320 778 1379 interris
828 1326 909 1381 clesia
938 1326 1088 1397 antiquitus
1113 1326 1211 1395 tenuit,
1237 1334 1342 1396 minere,
1362 1335 1391 1384 et
1413 1342 1475 1401 qum
1496 1328 1629 1385 violenter

117 1426 262 1469 servorum
273 1411 324 1468 llei
335 1411 439 1483 jactare
453 1413 642 1483 studebimus;
656 1414 715 1487 ipse
726 1430 777 1471 au·
834 1418 885 1475 eibi
899 1418 990 1477 ablate
1004 1427 1081 1487 siant,
1094 1434 1159 1477 eum
1172 1435 1335 1495 recuperare
1342 1420 1450 1493 juvare,
1464 1421 1630 1479 nominatim

116 1503 221 1561 Veritus
231 1514 283 1574 est,
298 1520 417 1561 messem
431 1505 465 1563 ad
481 1505 601 1563 fructum
610 1509 778 1567 maturitatis
829 1520 923 1569 autem
936 1512 1072 1571 abbatiam
1085 1514 1115 1569 S.
1129 1512 1274 1579 Beruerdi,
1289 1521 1424 1587 quatenus
1436 1515 1529 1587 ipsum
1538 1517 1629 1573 Deum

116 1600 302 1657 iuetenulriat.
321 1601 404 1657 Vobis
417 1600 541 1673 quidem,
554 1602 694 1661 modernis
708 1612 777 1661 tam·
831 1606 941 1677 possitis
954 1605 1054 1663 exinde
1068 1604 1168 1663 lubere
1179 1606 1339 1679 propitium,
1351 1615 1380 1663 et
1393 1608 1425 1663 Β.
1444 1609 1559 1663 Petrum
1572 1624 1622 1666 uo·

116 1692 183 1751 adeo
197 1701 336 1751 maltorum
350 1710 382 1751 ac
396 1694 562 1754 laudabilem
574 1696 695 1753 lructum
708 1713 778 1755 con-
832 1697 874 1754 bis
886 1698 1038 1757 debitorem
1052 1697 1169 1769 iacietis,
1188 1708 1220 1755 nt
1232 1699 1261 1757 in
1282 1700 1411 1775 praesenti
1429 1707 1458 1757 el
1467 1698 1561 1757 lutura
1574 1699 1628 1759 sila

124 1786 353 1857 uonsolumnos,
368 1788 418 1845 sed
437 1788 563 1847 uniuersa
580 1790 714 1861 Ecclesia,
727 1806 776 1863 pa·
793 1780 816 1845 Β
832 1808 914 1851 suum
930 1792 1006 1851 vobis
1018 1792 1153 1851 auxilium
1163 1792 1297 1865 impertiri
1311 1792 1447 1868 dignetur.

116 2046 420 2141 sulsTOLAE
454 2049 852 2143 btvuusoltllu
884 2050 964 2141 ab
999 2048 1364 2145 Gaudeamus
1396 2050 1503 2145 Vll.

368 2302 391 2356 l.
832 2300 908 2358 robis
930 2300 1097 2373 competenti
1112 2300 1253 2372 diligentia
1267 2300 1329 2373 legi,
1351 2309 1487 2373 quatenus
1506 2300 1626 2357 ebaritas

116 2418 139 2467 r,
172 2402 369 2474 acrhiepiscopo·
387 2404 599 2469 cantuariensis,
623 2406 660 2461 aar
682 2406 779 2461 patrue.
833 2402 921 2450 vestra
944 2394 1130 2451 certissimum
1153 2402 1245 2451 teneat
1265 2392 1333 2465 perid
1354 2393 1419 2450 mibi
1447 2392 1629 2467 Ecclesiaeque

116 2490 159 2543 rm,
184 2478 310 2531 semeae
334 2478 456 2531 secturae·
480 2478 711 2534 urualuiucouum.
744 2508 781 2519 -
832 2504 902 2545 incer
937 2488 1016 2545 eoem
1054 2488 1205 2559 apostoliea
1242 2487 1433 2544 confirmando
1467 2486 1628 2555 concedere,

116 2547 699 2691 „1²2¹‘ggss'gfflffi¹¹}'lzgzoess‘gss’sfflff
711 2550 780 2676 {gg
833 2589 860 2637 et
876 2580 1052 2640 denudando
1072 2580 1238 2638 conllrmnre
1253 2595 1303 2652 per
1322 2580 1497 2653 privilegium
1520 2580 1628 2638 debeat.

116 2688 182 2743 eod
204 2690 292 2743 sellem
309 2690 484 2760 apiostulieuas
506 2693 548 2746 rei
565 2697 646 2761 peslen
669 2692 779 2747 relutlo·
929 2729 932 2734 -
1213 2698 1248 2752 ll.

116 2760 220 2921 'mab
231 2776 288 2831 'pm
303 2763 354 2831 ΜΨ.
369 2764 470 2867 ΨΜ
834 2807 1018 2888 llllelubruuelt
1030 2808 1067 2863 uti
1081 2810 1277 2875 lanfrancum.
1291 2836 1327 2846 -
1336 2807 1397 2863 lateo
1410 2807 1534 2875 pallium.
1554 2807 1627 2877 allud

212 2855 270 2923 app.
286 2857 445 2923 wislam>
468 2869 495 2926 l·
511 2855 584 2925 ³⁰4)
868 2894 926 2947 epus
946 2880 1029 2947 lupuli
1039 2878 1179 2948 petebant,
1194 2880 1310 2931 ariiseuua
1325 2892 1377 2931 arou
1391 2877 1487 2943 sitisse,
1502 2876 1633 2945 quodeb-

116 2969 141 3009 lo
162 2962 263 3010 ganglae
286 2958 420 3012 Romallae
437 2954 567 3012 Egclpsiae
585 2952 780 3013 archidiacono
868 2951 989 3005 ediliiblle
1012 2952 1086 3005 mliii
1112 2964 1165 3004 llllll
1188 2949 1279 3005 dulelll.
1304 2947 1420 3004 Pleiade
1454 2949 1631 3003 subditart'llm

116 3061 209 3105 ιιιιιιο
223 3048 430 3106 Laurnancus
441 3064 507 3105 siau
525 3049 626 3105 sanetis
641 3048 782 3122 principiis
869 3036 925 3077 ‘³⁸⁸⁶'
938 3028 968 3077 “⁶
978 3024 1091 3079 mmm
1103 3026 1204 3077 ''m‘’

116 3142 387 3215 eonjiangerclinem.
1185 3123 1280 3197 [lm-l

117 3250 165 3291 erc
183 3235 281 3292 litteris
306 3252 387 3293 mens
400 3250 461 3293 mea
487 3252 544 3293 non
564 3244 654 3308 polest
680 3246 781 3309 quanta
869 3240 1058 3296 Laurnauco
1072 3238 1218 3295 venerabili
1231 3236 1441 3295 cantuariorum
1453 3234 1631 3308 archiepisco·

116 3344 129 3385 o
149 3338 246 3386 uestrae
266 3330 411 3387 sinceritati
425 3330 607 3398 connectitur,
627 3341 783 3404 querulaque
836 3349 872 3406 po
882 3338 984 3389 sanctu
993 3334 1130 3389 nomena·
1142 3332 1271 3389 Ecclesiae
1283 3334 1530 3389 llrnnannaunus
1542 3328 1631 3386 erebi·

116 3438 131 3479 e
157 3424 304 3495 paliarum
336 3433 500 3489 uestrarum,
533 3440 601 3495 quas
628 3425 695 3480 inibi
726 3433 783 3481 lem
836 3426 1137 3484 diaconussalulcmin
1155 3426 1286 3483 Domino.
1627 3444 1630 3449 ·

134 3532 220 3589 quam
250 3516 354 3573 absenti
384 3517 537 3588 benignitas
564 3526 651 3573 uestra
674 3534 783 3591 seraper
872 3518 1633 3593 Verbalegatorumveslrorumgravlter[ul.patenter]

116 3611 325 3679 ,indesinenter
351 3612 547 3669 reminiscitur.
571 3616 716 3685 Propterea
748 3615 780 3684 si,
836 3610 1426 3685 aempimus,sedquoduolaintativestraein
1439 3609 1572 3667 mittendo
1585 3610 1633 3667 ab·

116 3709 187 3772 Deo,
197 3706 225 3761 in
238 3704 406 3778 quibuslibet
417 3722 510 3763 rerum
526 3707 672 3779 generibus
682 3708 781 3779 aliquid
834 3707 902 3761 senti
914 3720 1039 3779 personae
1056 3715 1152 3762 ueslrae
1163 3704 1315 3777 priuilegio,
1329 3712 1361 3761 ut
1379 3705 1415 3760 illi
1429 3704 1569 3777 petebant,
1581 3702 1634 3761 rite

116 3799 412 3867 uulnerauerunt
429 3808 486 3855 tam
506 3800 685 3872 ternpornlcm
698 3818 782 3873 quam
835 3816 890 3856 nun
909 3799 1048 3872 potuimus
1066 3799 1234 3866 satisfacere,
1250 3796 1328 3855 ualde
1340 3796 1493 3867 doluimus,
1508 3796 1635 3869 nequeid

129 3902 272 3950 urentem
293 3893 400 3950 tradere
420 3892 550 3950 obliuioni
567 3908 626 3950 non
639 3896 727 3953 valeo.
750 3898 782 3951 lit
836 3908 908 3965 aegre
919 3892 988 3949 leret
999 3902 1090 3949 restra
1105 3893 1260 3965 prudentia,
1275 3891 1404 3964 quoniam
1418 3890 1441 3947 si
1454 3890 1533 3947 alicui
1546 3888 1634 3947 arciri·

125 3990 345 4061 omnipotentem
364 3991 465 4056 Deum,
480 3997 615 4060 quatenus
629 3990 712 4047 ritum
735 4006 781 4047 re·
836 3988 1026 4059 episcoporum
1038 3987 1134 4044 uestris
1146 3986 1317 4058 temporibus
1330 3984 1434 4041 absenti
1450 3984 1504 4041 boc
1521 3998 1634 4041 conme-

116 4082 308 4140 lbonoremet
322 4082 528 4138 firmamentum
541 4083 783 4141 sanctuliecleeiae
836 4097 899 4137 sam
920 4080 1005 4137 luisse
1035 4080 1206 4147 vidissemus,
1237 4079 1361 4152 prolecto
1385 4078 1511 4151 religioni
1538 4085 1634 4134 vestrae

117 4177 191 4233 irem
208 4176 239 4232 in
253 4175 307 4232 boo
320 4175 422 4233 monle
436 4173 529 4243 leniat,
542 4176 782 4232 incontaminatam
836 4176 1043 4248 promptissima
1066 4174 1198 4231 obesitate
1212 4173 1345 4229 bonorem
1372 4172 1447 4229 luunc
1463 4172 1566 4244 absum
1585 4186 1635 4228 ro·

116 4268 240 4342 ipeeuali
267 4270 429 4342 contagione
452 4269 603 4338 cuswdiat,
625 4278 654 4326 et
686 4271 714 4325 in
740 4270 782 4325 lu·
837 4277 893 4325 stra
913 4268 1073 4340 fatigatione
1093 4266 1337 4337 impenderemus:
1361 4265 1436 4321 rende
1450 4266 1634 4321 necessarium

116 4366 255 4437 rtuplleetls
268 4366 398 4438 operibus
414 4366 610 4423 sarcinalium
625 4364 703 4421 vobis
722 4378 783 4436 per·
836 4362 917 4417 nobis
935 4362 1039 4417 uidetur
1056 4375 1104 4415 uos
1124 4360 1313 4431 apostolorum
1327 4358 1420 4415 limine
1435 4358 1551 4424 uisitare,
1566 4373 1633 4430 qua·

118 4476 148 4516 ιιι
160 4460 643 4533 eopiesnsremiureralorretribuat.
838 4465 919 4511 tessus
943 4455 978 4511 dc
1003 4454 1057 4510 boc
1080 4462 1108 4510 et
1126 4452 1232 4509 caeteris
1250 4468 1308 4509 una
1328 4450 1473 4509 nobiscum
1494 4449 1634 4507 elllcacius

130 4554 270 4610 columnia
287 4568 372 4626 quam
385 4553 567 4610 Eboracensis
586 4553 716 4611 Ecclesiae
733 4568 782 4609 an·
837 4550 913 4623 quod
927 4550 1080 4622 oportuerit
1095 4547 1240 4604 consulere
1252 4546 1394 4601 ualeamus
1404 4552 1488 4617 etque
1500 4552 1631 4601 statuere.

116 4662 224 4703 uersum
238 4661 284 4703 rue
295 4648 381 4703 morit
391 4646 424 4703 de
443 4647 561 4718 primatu
572 4656 600 4702 et
612 4646 783 4718 subjectione
838 4648 991 4700 licentem
1003 4644 1029 4700 si
1042 4645 1147 4715 legatos
1166 4648 1277 4697 nostros
1287 4638 1324 4695 ed
1339 4654 1387 4695 uos
1406 4637 1499 4694 venire
1509 4638 1632 4711 confige·

116 4740 176 4799 lam
196 4742 398 4813 episcoporum,
431 4738 582 4796 secundnm
614 4750 783 4813 praeceptum
839 4739 884 4805 rit,
904 4739 982 4793 solita
1000 4736 1131 4792 charitate
1144 4734 1269 4805 recipite,
1284 4733 1333 4806 qui
1349 4730 1410 4805 [ol.,
1432 4740 1460 4789 et
1474 4730 1633 4803 quaeluobis

116 4850 148 4893 aas
168 4833 241 4891 sellis
263 4832 355 4891 audita
379 4842 407 4890 et
425 4833 606 4890 determinata
627 4841 678 4887 est.
700 4834 785 4905 Cujris
838 4833 865 4888 in
878 4846 945 4887 arare
957 4830 1084 4896 dixerint,
1097 4836 1182 4901 prout
1197 4826 1389 4883 cbamssiinum
1401 4834 1507 4883 sanum
1528 4828 1634 4881 lloma·

116 4928 263 5003 gestionem
282 4927 400 4983 breviter
421 4942 453 4983 ex
468 4927 563 4983 ordine
577 4926 704 4997 scriptam
727 4930 783 4982 llo·
838 4941 881 4982 nau
900 4923 1027 4981 lieelcsiae
1041 4922 1142 4991 lilium,
1155 4930 1183 4980 et
1192 4921 1351 4995 religiosum
1366 4919 1443 4977 decet
1454 4919 1634 4987 sacerdotem,

117 5028 176 5081 stru
189 5022 271 5095 Papae
289 5020 437 5091 usnemu,
458 5036 540 5093 quam
561 5018 622 5077 volo
640 5026 668 5077 et
686 5036 754 5095 rogo
768 5036 784 5077 a
800 4976 825 5038 D
840 5034 987 5095 procurare
997 5014 1116 5077 stadele.

116 5240 302 5303 wsuuundus
309 5258 358 5301 seu
366 5240 576 5313 Guarmundus,
587 5240 675 5300 abbas
687 5242 787 5302 Dolen-
875 5244 950 5317 (etl)
961 5246 1146 5301 Esauotoralo
1157 5238 1288 5324 nimirum
1300 5238 1479 5305 llerimanno,
1492 5236 1528 5297 de
1539 5252 1598 5311 quo
1610 5237 1638 5293 ie

116 5316 172 5384 rad,
185 5332 258 5373 anno
274 5323 342 5373 lllll
361 5316 503 5373 ordinatus
515 5318 553 5371 est
568 5317 597 5371 iu
608 5312 788 5387 archiepisco-
841 5314 957 5373 concilio
970 5320 1097 5373 blomano
1110 5329 1175 5371 anna
1188 5318 1267 5375 llllll,
1281 5310 1355 5382 apud
1371 5310 1514 5367 Labboum
1526 5316 1596 5365 ιιιιιι.
1609 5310 1639 5390 ll

116 5403 300 5451 amusement
314 5386 450 5443 Claromeo
463 5386 588 5451 Doleusi,
600 5394 678 5443 tomo
690 5395 787 5443 nostro
841 5386 949 5445 conell.
971 5386 1023 5443 col.
1046 5392 1125 5443 aad:
1149 5408 1162 5434 α
1182 5384 1367 5441 Viennensem
1380 5382 1537 5455 episcopum
1557 5382 1637 5437 lteri·

116 5466 180 5527 “⁵3
193 5456 405 5541 etinClrronieo
416 5456 569 5515 antistitum
579 5458 786 5539 Viennensium,
842 5474 989 5541 manniam,
1009 5458 1083 5529 juste
1095 5453 1265 5539 depositum,
1283 5469 1332 5535 pre
1351 5450 1639 5581 simomaffiuriis,

116 5536 181 5613 alb,
194 5530 321 5604 legitur:
349 5552 363 5579 s
386 5524 575 5585 warmundus
590 5544 663 5585 cirea
683 5545 787 5588 annuns
841 5528 1200 5609 sacrilegus,etapostaua,
1219 5540 1282 5599 qnia
1292 5526 1475 5607 Viennepsem
1552 5538 1640 5605 eseam

116 5616 213 5663 neusse
233 5598 287 5661 luit
301 5600 405 5659 eunus
422 5600 454 5659 in
474 5599 568 5659 sedem
588 5600 785 5667 Viennensem,
840 5598 971 5659 infestare
993 5616 1050 5659 non
1086 5599 1200 5664 desistis
1223 5608 1506 5655 excommunicamus.
1531 5616 1546 5645 e
1565 5596 1640 5655 illue

116 5672 275 5749 lineium
286 5672 440 5733 Simonisoe
451 5668 643 5729 administrare
651 5670 788 5729 conamu-
840 5681 977 5744 qnantum
1000 5678 1093 5729 susat
1109 5670 1156 5743 pai
1182 5667 1363 5729 nerinorum
1381 5662 1640 5737 warmundumqus

129 5742 262 5818 Gregorio
276 5742 413 5871 pgtldeg,
425 5741 471 5817 quui
482 5758 548 5803 eum
563 5740 671 5801 lidelem
682 5752 711 5803 et
723 5760 788 5817 pru
841 5758 926 5803 ιιιιιιιι
936 5740 1119 5817 madentem
1128 5738 1394 5819 personamfluguut
1409 5738 1416 5793 l

117 5824 283 5884 noveratce
323 5828 386 5871 rma
401 5828 443 5883 us,
456 5822 509 5871 ete.
523 5836 536 5862 ι
