3870 6164
129 214 180 267 72³

602 203 630 257 S.
649 196 811 259 cuenoutt
830 201 875 257 t'tl
894 201 993 257 PAPAE
1011 199 1148 257 oeuuttlt
1167 198 1253 257 tuus
1270 199 1305 255 tl.
1727 200 1774 257 ibi

129 344 208 393 eatur
220 334 323 403 llieor,
338 331 422 389 sitam
442 330 471 387 in
491 328 606 401 palatio,
623 336 651 385 et
664 344 730 385 cum
743 328 873 385 omnibus
894 326 929 384 od
940 332 970 397 Α
982 327 1012 384 iu
1025 326 1165 385 territorio
1178 324 1382 398 suprascripto,
1405 323 1516 397 insuper
1529 324 1680 383 eeclesiam
1691 326 1776 381 Sanan

129 427 311 501 supradictas
325 425 407 483 cellos
420 422 635 497 pertinentibus,
650 429 678 479 et
689 422 717 478 iu
726 422 828 495 palatio
842 420 927 479 eccle·

129 523 204 579 siam
217 524 247 579 S.
260 518 414 587 Trinitatis,
428 533 494 574 curu
503 524 563 573 toto
574 515 675 573 eodem
687 514 802 587 palatio,
816 523 844 573 et
854 529 927 573 mas·

130 632 189 672 sem
203 630 266 687 quae
278 621 392 671 roratur
413 611 554 677 Floriana,
568 610 608 667 rel
627 609 726 681 quibus
739 610 800 665 aliis
813 608 929 665 voeabu-

129 710 164 765 lis
185 714 367 779 nuncupetur,
391 721 454 763 eum
474 703 566 771 terris,
587 702 672 773 silvis,
693 704 808 775 eampiS,
830 702 927 775 pentir,

130 801 247 872 pascuis,
263 802 305 859 rel
315 816 380 858 eum
394 799 525 857 omnibus
538 795 572 855 ed
583 797 798 868 suprascriptam
808 810 928 853 messam

129 897 288 953 Florianum
302 894 465 967 generaliter
478 900 505 949 et
519 892 546 947 in
563 891 701 962 itrtegrnm
714 890 927 963 pertinentibus;

130 991 230 1045 ilerum
244 986 333 1044 casale
348 984 423 1059 quod
443 993 557 1042 roratur
571 983 743 1053 castellione,
759 999 823 1040 eum
841 982 928 1039 casale

126 1084 205 1155 juata
225 1098 265 1149 se,
295 1080 369 1153 quod
384 1088 497 1136 verritur
513 1078 614 1146 Filioli,
636 1094 701 1133 oum
721 1077 812 1144 terris,
841 1076 929 1149 silvis,

130 1176 246 1247 corripis,
261 1175 349 1247 pratis
367 1173 486 1247 pascuis,
501 1174 542 1229 rel
565 1188 629 1229 euru
651 1171 780 1227 ortauibus
801 1170 836 1227 ad
854 1170 929 1241 ipsos

129 1268 347 1341 pertinentibus3
359 1275 441 1339 atque
461 1266 548 1323 casale
562 1264 635 1337 quod
648 1273 760 1322 uocatur
773 1262 929 1327 Ulmetnm,

130 1379 195 1419 cum
216 1363 301 1419 vineis
331 1362 389 1417 suis
418 1370 502 1434 atque
523 1360 597 1417 siliis
621 1359 761 1433 simulque
784 1358 886 1429 pratis:
902 1365 929 1413 et

131 1456 220 1513 casale
234 1454 309 1529 qued
328 1462 442 1513 roratur
460 1452 682 1525 squezanellum,
695 1469 760 1508 euru
776 1452 832 1507 suis
847 1452 930 1523 perli-

131 1549 243 1617 nentiis,
255 1549 336 1615 casis,
350 1548 496 1613 casalibus,
513 1547 616 1615 uineis,·
636 1554 720 1619 atque
746 1546 841 1601 cellam
857 1544 931 1599 rina·

983 420 1082 493 Augeli
1095 420 1124 475 iu
1138 418 1350 493 Semproniano,
1366 434 1433 475 erim
1446 418 1571 475 oratorio
1584 418 1682 475 Sancti
1695 420 1773 473 loan-

982 515 1026 571 nis
1045 512 1134 585 posito
1148 512 1178 568 in
1190 520 1272 584 portu
1292 509 1427 581 Herculis,
1453 512 1548 567 omnia
1562 510 1632 585 iuris
1657 512 1773 585 proprie·

982 608 1048 664 tatis
1061 605 1184 680 ejusdem
1195 604 1373 669 ruouasterii;
1383 604 1496 677 insuper
1509 604 1590 662 uado
1600 604 1653 663 tibi
1664 614 1777 677 quatuor

985 700 1114 757 molnsin
1125 698 1234 757 Albano
1248 708 1276 756 et
1286 714 1372 755 unaru
1386 698 1416 755 iu
1423 699 1489 755 ealle
1504 697 1681 767 aniciacum
1697 696 1779 755 lotura

984 810 1043 859 sua,
1058 810 1122 851 eum
1142 792 1273 850 omuibus
1295 807 1357 865 quae
1376 801 1424 850 tuo
1443 793 1505 865 jure
1526 792 1658 850 ridentur
1679 792 1776 849 ibidem

986 886 1096 957 iuberi,
1109 888 1228 959 itemque
1241 886 1436 944 coinfirmemus
1447 886 1508 957 tibi,
1519 886 1635 944 Doctori
1648 888 1779 959 gentium,

985 980 1187 1037 monasterium
1201 982 1293 1037 Sancti
1308 980 1407 1053 Sergii,
1424 996 1489 1037 enm
1502 980 1636 1037 omnibns
1651 980 1710 1037 suis
1723 996 1779 1051 per-

984 1074 1118 1143 tiuentiis,
1134 1074 1218 1129 situiu
1232 1074 1261 1130 in
1274 1073 1397 1143 Subura;
1412 1082 1440 1129 et
1455 1074 1658 1131 monasterium
1678 1076 1781 1131 Sauene

985 1168 1094 1233 l‘riseae,
1107 1183 1171 1223 curra
1191 1168 1318 1223 omnibus
1331 1167 1388 1225 suis
1402 1166 1589 1239 pertiuentiis;
1605 1168 1674 1224 item
1690 1176 1718 1225 et
1738 1184 1780 1225 ee·

983 1262 1093 1318 elesiatu
1107 1262 1200 1318 Sancti
1214 1263 1294 1319 Forae
1303 1263 1444 1335 irlartpris,
1454 1262 1703 1335 quujurisSeeeti
1712 1264 1782 1318 dnn·

983 1354 1058 1411 slusii
1073 1354 1140 1411 olim
1160 1354 1227 1423 luit,
1250 1364 1279 1411 et
1300 1354 1442 1413 ecelesiam
1466 1356 1559 1413 Sancti
1575 1358 1682 1413 Leonis
1697 1372 1783 1429 pape,

985 1450 1188 1523 pusitautjuata
1198 1450 1397 1507 monesterium
1406 1449 1497 1505 Sancti
1507 1449 1629 1506 Andreae
1637 1448 1672 1505 ad
1685 1448 1785 1507 cliuum

984 1546 1095 1616 Scauri3
1109 1560 1229 1603 necnon
1249 1552 1278 1601 et
1291 1543 1439 1601 ecelesiam
1460 1544 1556 1600 Sancti
1569 1543 1690 1611 Nicolai,
1704 1544 1788 1601 sitaru

131 1644 200 1697 riam
220 1641 421 1707 dritouionuur,
442 1639 537 1695 villnru
558 1642 716 1705 Pertusam,
735 1638 887 1705 Bilurcuut,
903 1646 930 1695 et
980 1636 1060 1707 jrtsta
1074 1638 1194 1696 lerttraru
1208 1636 1333 1706 Claudii,
1349 1636 1476 1693 siruiliter
1489 1645 1516 1693 et
1527 1636 1678 1709 piscariam
1693 1636 1722 1691 iu
1737 1636 1788 1693 llu-

131 1732 680 1801 Priruinianutu,Cassianum,Siloue1u,
700 1731 868 1799 Corrieliutu,
882 1733 933 1787 Te·
951 1713 975 1777 Β
990 1731 1063 1788 atrine
1075 1733 1183 1789 Tiberis
1203 1732 1230 1789 in
1244 1734 1428 1802 Marmoreum
1447 1747 1496 1789 seu
1513 1732 1609 1787 otrtuia
1634 1746 1699 1803 aptare
1720 1728 1791 1789 inira

130 1828 247 1885 solatum
262 1836 345 1899 atque
358 1826 565 1892 Cornelianum,
579 1842 645 1883 cum
665 1812 743 1881 ouini
754 1825 817 1898 jure
838 1826 936 1881 instru·

133 1931 279 1995 mentoque
291 1935 355 1991 suo,
368 1929 396 1979 et
408 1935 473 1977 eum
493 1920 624 1977 omnibus
645 1918 682 1975 od
701 1935 762 1976 earu
773 1917 936 1991 generaliter

136 2015 346 2087 pertinentibus.

166 2108 337 2181 adjicientes
345 2108 432 2164 etiaiu
445 2106 510 2163 linio
524 2106 642 2163 cessioni
654 2106 752 2162 hortos
764 2104 845 2173 duos,
860 2104 937 2176 posi·

132 2209 178 2257 tos
191 2202 263 2257 inter
274 2198 397 2257 Tiberim
413 2208 441 2256 et
464 2199 603 2271 porticum
624 2196 709 2271 ipsius
722 2198 855 2266 ecelesiae,
874 2213 937 2254 enn-

134 2294 210 2351 tibus
226 2308 242 2349 a
257 2302 337 2365 porta
351 2293 473 2351 civitatis
484 2300 562 2363 parte
574 2289 680 2357 dextra,
693 2306 763 2363 quos
776 2289 872 2348 diuidit
888 2292 938 2347 lln·

136 2388 197 2443 ilus
217 2386 333 2455 Alutoo,
358 2386 430 2443 inter
443 2382 539 2441 affines
565 2384 639 2441 horti
656 2385 817 2441 monasterii
835 2388 862 2443 S.
882 2386 939 2441 Ste-

136 2480 230 2551 plranl,
248 2480 322 2551 quod
337 2487 378 2535 est
389 2480 589 2535 monasterium
602 2478 764 2534 ancillarum
783 2479 846 2546 llei,
862 2478 938 2551 posi-

135 2582 194 2629 tum
210 2573 244 2630 ad
254 2576 282 2629 S.
296 2574 410 2629 Petrutu
426 2572 600 2643 apostolum
615 2581 640 2627 el
651 2570 767 2628 fundunt
780 2572 938 2639 Pisciuiani,

136 2682 201 2723 eum
215 2666 302 2722 uineis
326 2673 355 2721 et
372 2665 463 2722 lrortie
492 2665 564 2732 suis,
586 2665 722 2737 simulque
746 2666 857 2723 terrulre
877 2682 939 2737 quas

136 2767 272 2815 rocoutur
286 2760 380 2815 Fossae
403 2759 542 2825 Latronis,
567 2758 665 2831 positar
680 2759 748 2815 item
761 2759 840 2830 juxta
861 2775 938 2815 enitr-

137 2852 202 2909 deru
220 2854 369 2923 porticum,
384 2850 516 2907 erintllius
529 2846 684 2907 siinlliter'a
697 2858 863 2924 pontoponto
876 2853 940 2907 sini-

135 2954 203 3013 stra,
216 2945 263 3003 ubl
275 2956 350 3001 nune
360 2946 447 3003 elnae
462 2943 544 3003 lacte
554 2954 631 3013 sunt,
646 2958 710 3017 qum
721 2946 831 3003 terrulae
846 2945 939 3002 eolre·

137 3045 196 3095 rent
210 3037 245 3094 ab
267 3052 323 3121 uno
343 3038 431 3095 liuere
452 3038 624 3109 possessioni
640 3038 786 3109 Eugeuitis
801 3036 940 3113 quondam

989 1829 1114 1881 lloruaua
1131 1826 1225 1881 urben
1242 1826 1306 1881 viris
1326 1825 1459 1897 religiosis
1473 1840 1552 1881 seua
1572 1824 1794 1899 quibuscunque

990 1919 1113 1990 personis
1129 1918 1177 1974 tibi
1193 1934 1321 1975 concessa
1336 1928 1411 1975 nint.

1025 2012 1243 2071 Corroboromus
1266 2013 1376 2085 insuper
1396 2021 1503 2070 curteru
1524 2014 1636 2071 Sanctae
1656 2012 1799 2081 Caecilia,

990 2121 1052 2177 quae
1067 2113 1180 2161 uocatur
1191 2105 1225 2164 de
1238 2108 1328 2178 illega,
1342 2122 1408 2163 cuin
1421 2105 1551 2163 omnibus
1572 2104 1632 2161 suis
1646 2106 1800 2177 pertiuen-

990 2200 1045 2265 tiis,
1068 2200 1150 2255 sitaut
1172 2198 1240 2255 foris
1263 2208 1372 2271 portatu
1393 2202 1423 2256 S.
1437 2200 1593 2267 Laurentii,
1618 2199 1661 2254 llis
1690 2199 1807 2255 sinibus

990 2292 1180 2362 terminatam,
1195 2294 1231 2349 ab
1244 2309 1302 2351 uuo
1325 2294 1409 2351 latere
1427 2294 1534 2351 lluumu
1546 2292 1672 2361 Tiberis,
1682 2294 1721 2349 ab
1740 2294 1804 2351 alio

992 2386 1074 2443 latero
1092 2386 1165 2443 risus
1186 2388 1287 2459 lllegae,
1301 2396 1328 2444 et
1342 2403 1389 2459 per
1403 2386 1533 2443 eumderu
1554 2387 1646 2443 riruru
1668 2387 1806 2445 ascendit

992 2478 1125 2553 usquead
1140 2488 1242 2537 terram
1252 2483 1281 2537 S.
1296 2481 1387 2537 turia
1398 2480 1432 2537 de
1445 2482 1553 2549 lle-nali,
1570 2479 1693 2553 indeque
1707 2498 1798 2555 usque

992 2574 1027 2630 ad
1047 2573 1187 2645 publicam
1216 2576 1292 2630 uiam
1314 2590 1376 2647 quae
1401 2583 1514 2631 voeattu·
1532 2578 1561 2633 S.
1592 2574 1746 2643 Valentini,
1765 2583 1795 2631 et

992 2666 1107 2724 subinde
1120 2666 1264 2725 descendit
1287 2683 1375 2740 usque
1398 2670 1428 2723 iu
1443 2677 1557 2741 puteuru
1583 2668 1734 2739 publicum,
1764 2676 1788 2723 et

992 2776 1026 2815 ex
1056 2777 1089 2815 eo
1114 2759 1254 2817 descendit
1285 2778 1332 2831 per
1359 2760 1512 2829 sorranus,
1537 2778 1629 2833 usque
1655 2762 1688 2817 iu
1711 2778 1788 2835 supra

993 2854 1126 2925 seriptum
1141 2854 1246 2911 llunteo
1261 2856 1383 2923 'l'ilreris3
1398 2854 1517 2911 littidum
1530 2870 1597 2911 rere
1614 2855 1738 2925 Paterni,
1748 2854 1787 2927 qui

994 2947 1121 3003 similiter
1134 2949 1206 3005 situs
1220 2956 1262 3005 est
1285 2947 1351 3005 ioris
1364 2957 1476 3021 proriam
1497 2950 1527 3005 S.
1553 2949 1718 3021 Laurentii,
1732 2964 1786 3007 ntro

994 3041 1085 3110 terris,
1100 3042 1250 3115 plantanis,
1265 3042 1361 3109 hortis,
1377 3042 1532 3115 aquimolis,
1551 3042 1636 3099 terris
1649 3044 1735 3099 cultis
1754 3040 1787 3099 rel

136 3132 305 3199 scholastici,
315 3141 343 3187 et
355 3133 390 3188 ab
402 3132 456 3187 ulia
465 3140 542 3203 parte
550 3132 719 3205 possessioni
731 3132 894 3189 ruounsterii
905 3134 932 3189 S.
953 3122 978 3187 G
992 3135 1111 3205 incultis,
1124 3145 1152 3192 et
1166 3152 1232 3193 cnm
1246 3134 1377 3193 omnibus
1390 3136 1448 3193 suis
1462 3136 1641 3209 pertinentiis
1655 3145 1686 3195 et
1704 3136 1786 3194 omui·

136 3227 236 3295 Eris-u,
248 3225 316 3283 iteru
329 3227 529 3285 monasterium
541 3230 572 3283 S.
586 3227 710 3285 cosmati
722 3228 810 3283 situm
826 3228 855 3283 in
870 3228 939 3285 valle

136 3320 274 3388 Tiberina,
289 3336 353 3376 curu
366 3321 496 3379 omuibus
509 3321 567 3379 suis
580 3322 773 3393 pertiuentiis3
795 3330 823 3377 et
851 3323 937 3379 eecle-

136 3416 204 3471 siant
217 3418 246 3473 S.
265 3416 345 3471 Pauli
357 3415 487 3487 apostoli,
502 3415 586 3471 sitam
598 3414 670 3473 inira
683 3416 826 3473 ciuitatem
839 3416 939 3473 Tiber-

138 3509 241 3579 tina1u;
253 3508 390 3583 sinudque
402 3508 590 3565 antedoniam
602 3510 755 3578 civitatem,
768 3526 833 3567 eum
855 3511 938 3583 perti-

137 3602 239 3659 uentiis
252 3600 311 3659 suis
327 3610 354 3657 et
369 3610 451 3673 portu
468 3617 535 3667 suo,
550 3610 675 3658 montem
694 3605 741 3674 qui
757 3612 870 3661 uocatur
885 3610 940 3661 rtr-

136 3694 307 3767 qentnrinm',
322 3710 385 3749 curu
403 3694 464 3751 lacu
481 3696 642 3762 Calamaro,
656 3693 703 3751 uli
719 3704 762 3751 est
778 3697 892 3755 eeclesia
909 3698 937 3753 S.

137 3786 251 3859 Angelis
267 3794 295 3843 et
305 3786 574 3843 medietatrmeastri
586 3788 711 3844 orbitelli
727 3804 790 3847 cunr
801 3792 940 3859 pertinen-

138 3880 185 3937 tiis
197 3878 270 3947 snis;
282 3888 310 3935 et
320 3864 443 3936 metrum
455 3880 528 3952 quod
542 3888 656 3937 roeatnr
671 3880 734 3935 Elsa
741 3920 751 3951 ‚
768 3898 834 3937 cunr
848 3882 939 3938 omni-

137 3972 259 4029 busonis
270 3972 458 4043 pertinentiis,
473 3973 536 4044 pari
551 3972 635 4029 medo
652 3972 743 4029 lacurn
758 3990 844 4047 prope
857 3990 938 4032 iuon-

137 4072 197 4121 tetu
211 4065 417 4137 Argentarium,
431 4080 497 4121 cnm
509 4065 633 4137 piscariis
648 4064 716 4135 suis,
731 4066 768 4123 ita
783 4074 814 4123 ut
832 4067 937 4125 medie·

138 4166 182 4213 tas
195 4157 315 4229 piscium
328 4158 378 4231 qui
398 4157 435 4213 ini
448 4157 596 4229 capiuntur
609 4157 741 4216 reddatur
753 4161 939 4235 suprascripto

139 4250 306 4309 monasterio
325 4252 354 4307 S.
376 4250 452 4307 Pauli
471 4250 601 4322 apostoli3
626 4252 739 4326 insuper
759 4262 788 4312 ot
810 4256 940 4313 Casama-

139 4342 221 4415 riam,
234 4360 298 4401 cnm
312 4344 394 4406 terris
412 4343 559 4402 etfamiliis
569 4346 637 4413 snit,
651 4347 725 4403 sicru
735 4348 764 4405 io
780 4358 857 4407 curte
868 4352 939 4425 regis

995 3230 1045 3285 bus
1058 3228 1225 3287 terminibus
1243 3230 1316 3287 sicut
1327 3245 1489 3287 eoncessum
1503 3238 1545 3287 est
1560 3231 1787 3289 monasteriotuo

994 3339 1009 3377 a
1038 3340 1106 3395 papa
1138 3322 1284 3381 Pascitesio
1307 3324 1511 3397 praedecessore
1541 3332 1654 3393 nostro,
1681 3332 1785 3397 excepta

994 3424 1067 3473 terra
1086 3430 1167 3489 parua
1178 3432 1241 3489 quar
1252 3416 1355 3474 ibidem
1367 3416 1476 3474 detinet
1489 3420 1518 3475 S.
1534 3418 1644 3489 Sabas;
1659 3426 1690 3477 et
1708 3426 1788 3475 totam

994 3524 1115 3565 urassaru
1132 3512 1287 3575 Cmsauatu,
1306 3528 1370 3567 cum
1383 3512 1489 3567 colonis
1512 3520 1539 3567 et
1552 3511 1709 3569 colonabus
1727 3510 1787 3579 tuis,

994 3604 1065 3659 siout
1079 3604 1245 3661 Benedictus
1258 3605 1446 3677 Canapauiuus
1458 3604 1629 3662 monasterio
1649 3613 1702 3663 tuo
1710 3602 1789 3673 dedit,

993 3696 1104 3769 quaudo
1122 3696 1239 3755 ellectns
1259 3704 1302 3753 est
1322 3697 1494 3767 monachus,
1514 3705 1655 3755 ettotam
1673 3712 1790 3755 massam

994 3791 1141 3847 lulianam
1159 3806 1224 3847 eum
1246 3792 1573 3859 casull031uliauellu1u
1597 3808 1666 3849 euru
1688 3790 1790 3849 colonis

993 3892 1020 3939 et
1034 3883 1193 3941 colonabus.
1210 3888 1333 3959 itemque
1354 3884 1552 3942 confirmanius
1576 3884 1630 3941 tibi
1643 3884 1742 3945 casule
1757 3881 1789 3941 de

993 3978 1094 4035 Selom
1116 3994 1180 4036 curu
1204 3979 1315 4036 castello
1341 3995 1392 4037 suo
1412 3980 1486 4053 qnod
1512 3988 1629 4038 roeatnr
1656 3984 1742 4038 Ponte
1757 3976 1789 4035 de

993 4074 1093 4139 Nena;
1113 4072 1251 4145 simulque
1263 4074 1358 4131 casale
1371 4072 1445 4147 quod
1459 4082 1572 4131 uocatur
1585 4074 1657 4131 Casa
1674 4071 1783 4129 arsicia

994 4166 1192 4237 Quiniusuper
1213 4167 1390 4225 concedimus
1403 4168 1455 4225 tibi
1477 4168 1624 4225 castellum
1650 4164 1723 4243 quod
1738 4178 1787 4219 ro·

993 4268 1070 4315 eatur
1091 4261 1256 4333 Lougezzae,
1278 4278 1344 4317 curn
1368 4261 1498 4318 omuibus
1521 4261 1579 4319 suis
1606 4258 1788 4335 pertinentiis.

993 4351 1080 4417 sitris,
1097 4354 1215 4426 corripis,
1229 4355 1326 4426 pratis,
1339 4356 1458 4427 pascum,
1473 4354 1619 4413 arboribus
1640 4354 1788 4429 punireris.

139 4439 293 4509 persolvere
306 4439 387 4497 solita
401 4447 471 4505 erat,
486 4440 580 4497 omnia
595 4440 623 4496 iu
637 4440 785 4511 integrare,
800 4444 881 4501 sicuti
901 4444 937 4501 ab
995 4444 1142 4503 lrnctileris
1154 4447 1195 4505 vel
1207 4446 1385 4505 infructiferis
1398 4448 1497 4505 diuersi
1518 4449 1642 4521 generis,
1657 4448 1788 4515 tanetus,

139 4530 353 4605 imperatoribus
377 4540 405 4589 et
417 4533 601 4591 sanctissimis
615 4532 792 4607 pontiliciltus
808 4552 936 4595 concessa
992 4540 1058 4595 riris
1077 4556 1156 4613 aquae
1173 4542 1311 4613 pere-utus,
1333 4542 1468 4611 aediliciis,
1499 4542 1655 4615 parietinis,
1678 4542 1788 4617 cryptis.

139 4633 244 4681 suntet
264 4627 293 4682 in
308 4634 473 4699 perpetuum
487 4626 667 4697 confirmatae
683 4628 765 4685 etiem
780 4630 937 4701 portionem
992 4634 1137 4700 arenariis,
1159 4642 1187 4689 et
1211 4651 1275 4691 enm
1296 4636 1445 4707 aquiniolis
1467 4636 1541 4705 suis3
1564 4636 1709 4709 simulque
1731 4652 1787 4693 me·

138 4716 173 4774 do
184 4717 245 4774 lecu
258 4719 304 4791 qui
321 4729 436 4777 roentur
450 4720 541 4791 Dulia,
557 4738 608 4777 nee
618 4737 675 4777 non
688 4723 867 4793 etCesinatu,
877 4742 939 4797 quae
992 4726 1125 4783 dietatem
1134 4728 1243 4785 Castalii
1254 4730 1325 4785 lieri
1339 4746 1404 4785 oum
1418 4729 1672 4803 suispertinentiis3
1683 4738 1787 4787 curtem

139 4810 248 4883 ponitur
270 4811 299 4867 iu
325 4812 429 4879 Piretu,
450 4822 534 4885 atque
558 4814 649 4871 vineas
667 4831 729 4889 quoe
752 4828 892 4889 ponuntur
910 4820 939 4875 iu
992 4838 1101 4895 quoque
1125 4830 1154 4879 ct
1176 4838 1297 4879 intissam
1318 4824 1348 4879 S.
1374 4823 1476 4881 tuliani
1501 4839 1567 4881 cunr
1594 4822 1737 4897 pantanis,
1761 4828 1787 4877 rt

139 4904 346 4975 Semproniano,
370 4906 481 4977 iusuper
502 4914 531 4963 et
555 4915 658 4965 terram
680 4908 758 4981 justa
776 4912 937 4983 Piseariaru,
990 4914 1075 4981 situs,
1088 4916 1169 4972 terris
1180 4916 1262 4973 cultis
1275 4924 1302 4973 et
1312 4917 1432 4985 incultis,
1454 4917 1525 4975 sieut
1545 4917 1699 4989 antiquitus
1717 4914 1786 4972 limi·

138 5010 188 5052 seu
204 4996 296 5055 rineas
309 5012 372 5071 quae
385 5008 528 5071 ponuntur
541 5000 570 5057 in
588 5002 751 5073 Cerberola3
765 5013 795 5061 et
808 5004 877 5063 alias
897 5007 937 5063 ui·
992 5015 1048 5065 tatu
1075 5008 1139 5077 fuit,
1164 5025 1226 5067 carm
1253 5010 1401 5067 medietate
1426 5011 1478 5067 laci
1501 5011 1632 5081 Berrani,
1667 5010 1786 5069 videlieet

138 5106 277 5163 aiensquae
290 5099 433 5161 ponuntur
446 5091 475 5147 in
489 5093 662 5166 Quarqueni,
676 5106 838 5155 necnenet
851 5101 938 5157 casale
991 5103 1116 5173 apriruo
1135 5103 1221 5159 latere
1239 5104 1344 5161 llumeu
1368 5105 1521 5173 Tiberine
1557 5105 1679 5165 monto
1705 5106 1785 5163 tatere

138 5182 213 5257 qued
228 5192 340 5241 uocatur
355 5184 526 5253 visilianum,
551 5202 616 5245 eum
635 5190 756 5247 oratorio
778 5200 938 5251 sanctoruni
991 5195 1068 5253 ritus
1088 5196 1161 5267 Osee,
1181 5212 1230 5269 per
1249 5198 1377 5255 eumdem
1390 5199 1490 5268 ritum,
1511 5214 1597 5271 usque
1620 5200 1658 5259 ad
1674 5208 1785 5273 pontem

138 5276 394 5345 Joauuisetl’auli,
408 5294 471 5335 eum
482 5280 592 5337 eastset
607 5282 702 5350 lineis,
732 5286 896 5343 riramariu'is
909 5297 938 5345 et
991 5297 1151 5347 satietatem
1173 5290 1271 5363 Dignus
1294 5300 1321 5347 et
1343 5292 1464 5361 bleritrer
1480 5310 1496 5349 a
1514 5292 1597 5349 tertio
1611 5310 1678 5353 rere
1692 5295 1783 5363 latere,

137 5368 331 5442 familiissuis,
346 5381 451 5429 etcum
471 5374 600 5431 carnibus
620 5374 655 5433 ed
675 5392 706 5433 se
721 5378 937 5453 pertinentibus,
992 5382 1027 5438 ab
1046 5382 1143 5441 codem
1157 5394 1242 5457 ponte
1263 5402 1311 5457 per
1324 5386 1446 5457 Silieem,
1461 5402 1548 5461 usque
1563 5388 1599 5447 ad
1619 5390 1713 5447 Pilum
1726 5388 1780 5449 ira·

139 5463 295 5537 pariterque
308 5466 452 5523 salinasin
471 5468 549 5526 Urbe
561 5472 672 5537 Vetere,
696 5480 724 5529 et
750 5472 819 5529 alias
837 5474 938 5533 salinas
990 5484 1078 5545 uum,
1098 5486 1125 5535 et
1138 5478 1235 5535 exindo
1257 5495 1307 5551 per
1329 5481 1457 5539 eatudein
1478 5482 1605 5553 silicem,
1635 5485 1668 5541 in
1694 5484 1781 5541 risere

138 5558 244 5629 positas
256 5558 286 5615 in
300 5559 418 5629 abinea,
431 5562 510 5635 paria
523 5561 598 5633 due;
611 5564 680 5621 item
693 5580 768 5636 oasa,
782 5570 936 5627 massaritia
989 5570 1109 5643 Spineti;
1124 5581 1221 5646 quarto
1235 5589 1299 5631 tero
1310 5574 1394 5633 latere
1417 5576 1581 5633 terminatur
1593 5592 1645 5651 per
1654 5576 1782 5635 eumden

60 5663 70 5714 ,·
138 5665 203 5707 oum
214 5652 359 5727 mancipiis
373 5655 443 5721 sois,
458 5664 485 5713 et
499 5658 707 5717 ctnnomeibns
720 5660 744 5717 ei
757 5661 937 5737 ininteqrnm
990 5664 1078 5721 rirnru
1102 5667 1207 5739 Spineti
1233 5684 1319 5741 usqne
1341 5668 1370 5727 in
1387 5670 1530 5729 silicinum
1558 5672 1665 5740 tirum,
1692 5681 1723 5731 et
1738 5686 1783 5747 pot

57 5760 59 5765 ·
140 5744 353 5818 poenitentibusr
376 5757 403 5807 et
428 5748 498 5807 alias
517 5750 629 5823 salines,
649 5754 727 5823 peria
746 5754 811 5825 diro,
833 5758 937 5828 positas
990 5758 1222 5821 comdemrirum
1239 5763 1366 5837 usquein
1381 5764 1498 5821 dumea.
