3870 6164
132 252 187 315 'did
476 254 506 313 S.
524 250 749 311 emunitati
768 247 866 307 PAPAE
884 240 1023 303 OPERUM
1040 240 1126 301 PARS
1156 284 1164 299 .
1186 270 1219 283 -
1237 238 1439 297 REGISTRUU.
1638 302 1651 315 ,Ι
1729 236 1780 293 170

133 379 244 440 nereus
265 394 390 453 separare
408 394 466 435 oon
486 377 614 447 differas,
635 386 664 434 et
681 375 762 433 nobis
783 364 866 446 liujus
887 371 971 439 reiA
1019 371 1093 425 Data
1112 364 1277 435 Eibianello,
1301 372 1398 425 oetam
1411 361 1478 422 idus
1490 361 1607 437 Aprilis,
1628 359 1784 421 mneos

23 502 29 513 ¹
133 474 337 541 certitudinem,
352 489 461 531 necnon
474 471 609 548 quidquid
626 470 662 528 de
675 469 858 543 superioribus
869 483 934 526 cau·
985 462 1211 536 decimaquinta.

135 568 175 627 vis
185 568 316 627 effectum
331 567 423 635 fuerit,
439 583 488 640 per
503 567 607 624 litteras
624 575 685 623 tuas
703 580 787 636 quam
803 561 933 620 citissime
1239 564 1418 623 EplsTOLA
1436 564 1531 621 xxii.

135 662 225 737 ΡΜ
247 661 369 719 fflffiffiif
392 660 481 718 stude·
509 663 553 719 ΒΘ
574 670 675 718 αθῐθῐῡ
702 672 834 731 ¹⁰E³¹¹¹¹¹⁵
855 664 882 712 ²0
906 662 934 712 et
1098 685 1141 729 sn
1160 684 1314 729 nnoounrr
1335 683 1503 727 misenensi
1522 680 1672 725 nranssss.

135 756 256 814 multum
282 755 463 813 admonemus
485 761 516 812 ut
540 754 670 811 omnibns
695 750 880 809 confratribus
905 756 934 805 et
1282 768 1372 832 (mo
1393 768 1484 829 1⁰77.)

135 848 304 923 coepiscopis
324 848 379 906 tuis
393 863 442 923 per
455 857 544 905 totam
568 847 711 905 Franciam
737 861 769 902 ex
783 842 933 918 apostolica
986 870 1117 941 mapa
1130 875 1162 925 u,
1175 873 1335 940 comam
1347 867 1449 939 synod,
1463 868 1647 938 mmmmm
1661 865 1785 921 mm

134 944 300 1011 auctoritato
313 942 465 1016 significes,
484 951 619 1015 quatenus
636 950 664 998 et
676 941 730 997 illis
747 937 933 997 sacerdotibus
1021 956 1104 997 consa
1131 943 1327 998 cameracensis
1354 941 1432 995 electi
1455 938 1632 1005 discutiatur,
1654 937 1705 1007 qni
1723 940 1786 1006 post

136 1037 182 1110 qui
209 1054 225 1093 a
249 1036 416 1109 turpitudine
438 1035 629 1093 fornicationis
652 1049 758 1091 cessare
779 1031 932 1098 noluerint,
1020 1013 1394 1155 {Zelffflw'gfflffi
1414 1009 1786 1149 mmmmm

135 1128 257 1187 omnum
280 1129 364 1185 sacris
380 1129 513 1186 altaribus
527 1128 700 1185 ministrandi
724 1126 832 1199 penitus
845 1126 932 1181 inter·
1021 1159 1090 1221 mm,
1105 1162 1131 1211 e,
1143 1123 1297 1223 hujusm’odi
1313 1154 1500 1208 mmmm
1520 1152 1675 1221 ,pompm
1685 1150 1785 1220 mogi,

136 1223 241 1291 dicant,
252 1231 321 1279 etto
333 1222 390 1295 ipse
409 1222 528 1279 inomni
545 1223 604 1279 loco
617 1230 645 1279 et
662 1229 797 1278 conventu
817 1219 844 1275 id
861 1232 932 1290 prae·
1023 1226 1115 1280 Mrem.
1132 1226 1208 1293 οιιοα
1221 1228 1247 1280 si
1265 1227 1307 1279 tto
1321 1239 1376 1279 esse
1385 1222 1568 1295 JureJ'nraodo
1589 1222 1783 1291 ammoverit,

137 1316 228 1375 dicare
245 1331 303 1373 non
315 1331 413 1373 mes.
430 1318 466 1373 Et
477 1316 500 1372 si
514 1316 543 1371 in
561 1314 613 1373 bac
631 1331 661 1372 re
672 1323 720 1371 ant
733 1314 876 1387 episcopos
889 1322 934 1371 re-
1024 1298 1082 1367 ejvs
1102 1297 1254 1352 electionem
1272 1298 1410 1365 coofinnat
1424 1312 1439 1377 Ιε
1458 1294 1570 1363 uultque
1583 1298 1615 1377 vt
1632 1295 1664 1347 in
1678 1293 1787 1347 comum

136 1409 228 1483 pidos,
244 1418 291 1465 aut
305 1409 367 1467 illos
379 1410 426 1483 qni
441 1424 581 1466 sacromm
592 1408 722 1466 ordinum
736 1424 839 1465 nomen
850 1416 877 1465 et
886 1407 932 1465 oi·
1021 1363 1787 1507 ffifcgwffifflfflsfflfflmffiffilgffl

139 1500 236 1559 ficium
250 1501 361 1577 indigne
377 1518 428 1575 pro
442 1502 605 1576 supradictis
622 1501 784 1558 criminibus
800 1516 933 1574 usurpare
1020 1512 1058 1565 su
1083 1511 1205 1566 scetem
1226 1523 1325 1578 ΝΜ
1348 1513 1375 1562 et
1389 1509 1463 1562 enter
1486 1512 1582 1561 offlam
1596 1506 1735 1560 nemu,
1754 1504 1786 1561 g,

137 1604 320 1669 praesomoot,
338 1595 452 1653 rebelles
463 1612 523 1653 esse
536 1594 708 1669 cognoveris,
727 1595 804 1652 omni
819 1595 933 1668 populo,
1020 1581 1244 1652 mministis&
1257 1581 1425 1635 investituris
1435 1594 1453 1633 ⁰
1463 1578 1540 1633 1⁰5⁶ss
1547 1576 1750 1648 multem?-

137 1704 173 1746 ne
190 1704 289 1745 eornm
301 1690 416 1747 ulterius
433 1688 556 1747 oflicinm
570 1689 699 1761 suscipiat
713 1705 747 1746 ex
763 1697 839 1762 parte
860 1688 932 1745 beati
1023 1686 1200 1743 Gnsoosrns
1212 1685 1369 1757 episcopus,
1384 1697 1478 1739 servus
1487 1695 1630 1738 servornm
1644 1679 1711 1747 Dei,
1723 1682 1784 1737 lin·

137 1782 212 1839 Petri
234 1790 263 1840 et
281 1791 377 1841 nostra
390 1783 540 1858 apostolica
555 1783 718 1840 auctoritate
729 1781 832 1855 ubique
847 1783 934 1839 inter·
950 1750 975 1813 B
989 1795 1063 1839 conr
1076 1779 1218 1837 venerabili
1235 1778 1328 1836 Diensi
1342 1778 1480 1851 episcopo,
1499 1776 1615 1834 salutem
1630 1782 1660 1831 et
1673 1782 1784 1849 aposto·

137 1876 224 1937 dicas.
244 1885 274 1933 ut
287 1878 329 1933 vel
357 1876 410 1934 hoc
433 1877 517 1934 modo
539 1876 644 1935 confusi
666 1876 702 1933 ad
715 1876 935 1933 emendationem
989 1875 1070 1932 licam
1096 1874 1327 1931 benedictionem.
1645 1886 1649 1893 ·

138 1970 203 2028 sitae
214 1985 283 2037 suae,
297 1977 325 2027 et
334 1970 369 2028 ad
380 1971 533 2028 castitatem
547 1970 682 2044 religiosae
693 1970 937 2038 continentiae,re·
1025 1968 1164 2027 Gerardns
1182 1967 1387 2027 Cameracensis
1411 1968 1513 2024 electus
1538 1964 1573 2023 ad
1593 1978 1648 2021 nos
1675 1963 1788 2021 veniens

137 2063 198 2121 dire
206 2072 350 2133 cogantur.
363 2071 423 2136 nge
436 2080 501 2137 ergo
513 2072 544 2120 ut
555 2072 649 2120 sancta
664 2072 691 2119 et
703 2063 864 2120 universalis
878 2079 937 2120 ma·
988 2063 1104 2135 qualiter
1122 2062 1150 2117 in
1165 2061 1259 2119 eadem
1280 2060 1469 2119 cameracensi
1492 2057 1614 2115 Ecclesia
1637 2056 1673 2114 ad
1694 2057 1787 2113 locum

138 2163 180 2214 ter
193 2155 312 2212 Ecclesia
327 2164 354 2212 te
373 2156 483 2213 fidelem
505 2156 664 2213 ministrnm
683 2163 710 2213 et
730 2165 937 2228 cooperatorem
992 2157 1132 2229 regiminis
1152 2155 1305 2229 assignatus
1318 2156 1355 2211 sit
1374 2162 1498 2227 prompta
1518 2149 1788 2209 nobisconfessiono

138 2258 252 2319 nostrae,
262 2249 499 2322 imoapostoiicae,
515 2249 716 2316 sollicitudinis,
734 2248 938 2321 DeoadJ'uvan-
991 2248 1187 2315 manifestavit,
1201 2265 1257 2305 non
1269 2249 1405 2321 denegans
1421 2256 1483 2321 post
1495 2246 1594 2304 iactam
1611 2245 1677 2302 cleri
1692 2252 1721 2301 et
1735 2258 1784 2317 po·

138 2351 178 2412 te,
199 2350 356 2416 cognoscat,
371 2352 399 2399 et
421 2342 513 2409 nobis,
538 2342 611 2415 quod
635 2342 713 2399 valde
735 2341 936 2410 desideramus,
991 2343 1218 2416 polielectionem
1232 2342 1341 2399 donum
1354 2341 1525 2414 episcopatus
1537 2339 1571 2397 ab
1587 2338 1711 2395 Henrico
1724 2351 1790 2411 roge

139 2435 175 2493 de
189 2436 314 2493 libertate
327 2445 354 2492 et
368 2435 460 2494 fructu
475 2437 516 2493 tui
530 2437 708 2493 sacerdotalis
721 2435 805 2493 oflicii
816 2435 851 2492 ad
866 2452 936 2508 prae·
991 2452 1019 2494 se
1040 2437 1174 2508 accepisse
1197 2457 1204 2493 :
1230 2435 1421 2493 defensionem
1443 2442 1536 2492 autem
1564 2447 1735 2505 proponens,
1759 2438 1789 2487 et

139 2544 203 2587 sens
216 2529 345 2602 gaudere,
361 2531 584 2604 etinpostcrum
598 2528 874 2603 permisericordiam
883 2530 938 2587 Dei
991 2532 1110 2587 multum
1131 2529 1212 2586 nobis
1239 2528 1374 2595 offerens,
1397 2544 1426 2584 se
1453 2543 1541 2599 neque
1563 2524 1711 2583 decretum
1733 2540 1788 2581 no·

140 2623 311 2681 confidenter
323 2640 434 2696 sperare
447 2639 526 2696 posse
540 2624 690 2696 proveniat.
992 2634 1083 2681 stmm
1107 2623 1142 2681 de
1156 2623 1338 2697 prohibitione
1363 2621 1523 2696 huiusmodi
1538 2619 1717 2692 acceptionis,
1738 2634 1790 2675 nec

175 2719 247 2773 Data
257 2716 421 2785 Bibianello,
438 2731 498 2774 vus
509 2717 649 2774 Kalendas
661 2717 774 2790 Aprilis,
790 2717 938 2774 indictione
991 2719 1079 2791 ipsum
1095 2717 1245 2775 ilenricum
1265 2732 1356 2791 regem
1380 2732 1395 2773 a
1416 2716 1498 2773 nobis
1518 2713 1789 2772 excommunicatum

141 2809 247 2868 decima
274 2809 378 2883 quinta.
991 2811 1085 2882 fuisse,
1108 2811 1196 2883 aliqua
1219 2818 1292 2867 certa
1306 2808 1527 2866 manifestatione
1549 2807 1722 2880 cognovisse.
1738 2806 1789 2864 Cui

402 2904 581 2962 EPISTOLA
600 2905 682 2961 XXI.
992 2922 1057 2962 cnm
1075 2920 1126 2962 nos
1144 2905 1277 2977 congruis
1297 2903 1449 2960 rationibus
1463 2899 1677 2960 ostenderemus
1700 2914 1787 2973 qnam

212 3031 254 3073 so
272 3030 483 3076 nnnsnsnnnss
500 3031 673 3074 srrscoeusa
687 3031 865 3073 ιιιιιιιιιι.
992 3015 1073 3073 diiii
1085 3007 1166 3065 “⁸0¹2
1184 2999 1266 3054 “lim
1279 2997 1355 3054 ⁰¹⁰⁰*
1375 2997 1528 3070 Ῑεῦθῐθῐὶῑῑθ
1541 3011 1606 3053 0⁰⁰¹
1624 3001 1791 3063 mum·

436 3123 532 3187 <guno
552 3124 645 3187 107⁷.)
952 3080 1094 3150 Csanctae
1109 3092 1267 3164 apostoticae
1286 3091 1361 3148 sedis
1376 3090 1510 3164 synodale
1529 3088 1671 3147 decretum
1692 3097 1792 3147 trans-

144 3231 293 3288 umunt
311 3231 337 3286 a.
353 3246 463 3287 mmm
482 3232 553 3286 inm
567 3231 718 3303 piscopnm
731 3232 900 3288 mmm
913 3236 939 3287 et
990 3186 1081 3261 gredi,
1109 3194 1138 3242 at
1157 3184 1321 3291 'hujusmodi
1348 3184 1555 3290 participatione
1580 3199 1645 3289 cnm
1672 3182 1792 3290 bomine

177 3302 302 3359 abgam,
315 3304 409 3359 Sam,-
423 3304 573 3366 gamm,
592 3304 887 3373 ,mammem-„opo
904 3303 938 3358 p,
990 3287 1227 3337 excommunicato
1254 3278 1464 3344 commaculari,
1494 3276 1530 3335 ad
1558 3275 1787 3335 satisfaciendum

177 3376 335 3430 monasterio
351 3390 399 3431 suo
410 3374 508 3446 ejectas
531 3374 568 3430 nd
586 3375 675 3430 sedem
696 3375 870 3447 apostolicum
886 3391 938 3447 np-
991 3381 1135 3447 promptus
1151 3372 1254 3430 donum
1273 3372 1348 3445 qnod
1361 3372 1500 3445 accepisse
1517 3371 1590 3428 visus
1603 3371 1793 3428 ιεῐοοιιιὶιιιιο

176 3446 338 3516 pellnoerot.
991 3466 1018 3523 in
1032 3483 1131 3523 manus
1144 3475 1253 3524 nostras
1265 3465 1405 3534 refutavit,
1420 3473 1448 3522 et
1457 3464 1569 3521 omnino
1583 3480 1696 3523 canum
1711 3479 1793 3522 snam

177 3560 776 3635 Gnsoonrusepiscopns,servasserrorum
786 3560 941 3629 Dei,ilam·
990 3569 1086 3618 nostro
1102 3560 1206 3633 jndicio
1228 3576 1291 3617 cum
1306 3561 1347 3616 sni
1371 3558 1454 3632 ipsius
1475 3558 1509 3616 ad
1533 3573 1644 3616 omnem
1659 3558 1794 3617 votoors-

141 3668 235 3709 sarum
254 3655 374 3711 Meteosi
399 3656 539 3727 episeopo,
563 3656 734 3712 salutemet
758 3654 938 3728 apostolicam
992 3663 1048 3712 tem
1074 3664 1196 3712 nostram
1219 3654 1388 3727 subjectione
1409 3661 1437 3710 et
1463 3651 1643 3710 obauditione
1666 3652 1790 3727 reliquit.

141 3743 372 3802 benedictionem.
993 3751 1047 3805 Pro
1069 3749 1148 3822 coins
1162 3747 1365 3815 humiliatione,
1381 3755 1410 3804 et
1429 3747 1550 3803 maxime
1564 3745 1696 3820 qnoniam
1709 3761 1793 3803 cano·

178 3838 359 3894 Prooemium
373 3830 502 3912 'portitor
523 3839 678 3900 litterarum
707 3842 833 3915 vulpodo
856 3842 940 3899 abbas
992 3841 1081 3898 nicam
1105 3841 1267 3899 electionem
1280 3840 1310 3897 in
1329 3856 1362 3896 eo
1378 3840 1547 3910 praecessisse
1562 3838 1731 3906 andivimus,
1756 3838 1794 3897 sd

143 3930 305 3989 monasterii
325 3933 413 3988 saneti
428 3933 568 3990 laurentii
588 3933 682 3991 Leodii
704 3934 739 3990 ad
758 3950 810 3991 nos
828 3935 940 3991 veniens
993 3933 1211 3992 misericordiam
1225 3934 1296 3991 moti
1310 3950 1415 4000 snmus,
1427 3942 1466 4002 et,
1483 3933 1618 3990 confisiin
1632 3932 1792 3991 testimonio

142 4024 240 4082 multis
253 4025 495 4097 supplicationibus
515 4042 568 4082 nos
585 4027 711 4084 exoravit
728 4036 863 4099 quatenus
875 4042 939 4084 enm
993 4029 1068 4103 quod
1083 4027 1207 4086 nonnulli
1226 4026 1396 4085 confratrum
1418 4036 1579 4084 nostrorum
1597 4026 1793 4100 episcoporum

143 4119 218 4192 apud
230 4119 390 4191 episcopum
406 4119 595 4187 leodiensem,
611 4120 659 4193 qui
671 4136 735 4177 eum
749 4120 784 4177 dc
798 4130 939 4178 monaste·
993 4138 1057 4179 cnm
1071 4122 1164 4178 moltis
1178 4137 1227 4194 pro
1242 4137 1275 4178 eo
1289 4119 1533 4193 supplicationibus
1544 4119 1578 4176 ad
1591 4134 1642 4176 nos
1662 4135 1713 4193 per
1734 4118 1792 4192 epl-

142 4213 185 4270 rio
199 4228 250 4269 sno
260 4212 386 4284 eiecerat,
397 4212 603 4270 otclemeotius
617 4213 648 4270 in
661 4214 741 4270 illum
752 4223 854 4285 ageret,
870 4229 939 4286 apo·
993 4217 1077 4271 stolas
1091 4231 1154 4272 snas
1167 4214 1336 4281 direxerunt,
1361 4215 1488 4271 videlicet
1509 4212 1582 4287 quod
1604 4214 1664 4286 ajars
1686 4227 1793 4286 praeaa-

143 4306 249 4363 stolicis
262 4306 460 4364 interventibus
479 4305 635 4378 juvaremus
658 4325 665 4365 :
687 4316 795 4365 tantum
809 4309 889 4365 nobis
903 4307 939 4366 de
992 4308 1059 4365 dens
1072 4310 1125 4364 vita
1145 4317 1173 4365 et
1185 4309 1358 4365 conversatio
1379 4310 1499 4364 multum
1513 4306 1628 4363 honesta
1642 4314 1670 4363 at
1693 4304 1792 4363 lauda·

144 4415 226 4457 causa
238 4416 287 4457 sua
301 4398 428 4457 indicans
442 4398 518 4474 quod
531 4399 565 4458 de
579 4400 694 4474 objectis
707 4402 760 4457 sibi
774 4400 940 4472 respondere
994 4401 1056 4457 bilis
1070 4402 1163 4469 fuerit,
1178 4400 1213 4458 ad
1227 4403 1429 4474 promotionem
1443 4401 1503 4474 ejus
1516 4401 1642 4459 discretae
1662 4398 1793 4456 modera-

144 4502 257 4566 paratns
275 4491 374 4562 fuerit,
395 4493 445 4550 sed
466 4493 567 4566 legales
582 4493 762 4565 respondendi
786 4502 815 4550 et
837 4509 937 4566 expur·
993 4493 1077 4551 tionis
1097 4494 1316 4552 consideratione
1329 4510 1474 4552 assensum
1498 4494 1622 4566 praebere
1636 4508 1693 4550 non
1716 4490 1791 4549 indi-

145 4586 226 4660 gsndi
238 4602 267 4643 se
280 4586 403 4643 inducias
418 4586 519 4643 habere
535 4576 695 4643 nullatenus
706 4587 836 4660 potuerit,
851 4602 937 4659 qnan-
993 4603 1078 4659 gnum
1087 4589 1224 4646 duximus.
1233 4594 1365 4645 Attamen
1372 4605 1408 4645 ue
1418 4587 1491 4644 istud
1499 4586 1569 4656 aliis,
1581 4601 1700 4660 quorum
1707 4601 1791 4643 cansa

145 4694 230 4752 qnam
245 4694 292 4736 eas
307 4678 359 4736 sub
377 4680 519 4736 vocahone
536 4679 620 4737 divini
641 4680 761 4737 nominis
774 4688 802 4737 et
815 4688 940 4752 respectu
996 4691 1025 4739 et
1038 4683 1209 4740 conversatio
1224 4682 1287 4740 huic
1303 4684 1382 4755 longe
1395 4679 1537 4737 dissimilis
1550 4678 1791 4752 etimparconsti·

144 4771 219 4829 beati
233 4772 307 4828 Petri
320 4772 466 4845 quaesierit.
488 4773 639 4847 Episcopus
656 4784 748 4831 autem
768 4773 843 4845 prins
858 4772 941 4831 nobis
996 4776 1071 4846 terit,
1082 4778 1118 4834 ad
1131 4778 1286 4849 exemplum
1298 4776 1337 4832 rel
1352 4775 1526 4833 occasionem
1541 4771 1697 4846 qnaerendae
1711 4772 1793 4831 mise-

143 4865 174 4921 in
186 4866 300 4937 epistola
314 4880 364 4922 sna
377 4866 504 4938 quaedam
518 4866 626 4939 indigna
651 4867 757 4940 deejns
777 4868 884 4924 actibus
896 4867 938 4923 in·
995 4870 1121 4927 ricordiee
1143 4870 1171 4925 in
1191 4876 1332 4941 posterum
1356 4867 1416 4925 fore
1429 4866 1577 4935 debuisset,
1600 4865 1669 4924 illud
1690 4864 1792 4923 consti·

145 4957 291 5015 dicaverat.
306 4961 346 5019 Ut
359 4960 445 5032 igitur
457 4959 486 5015 in
499 4957 553 5015 hnc
566 4960 745 5033 ambiguitate
759 4962 847 5018 nentri
866 4960 941 5034 quod
995 4963 1109 5032 luimus,
1130 4971 1160 5020 ut
1179 4978 1274 5019 coram
1287 4970 1315 5019 te
1337 4970 1364 5017 et
1385 4960 1525 5018 confratre
1543 4968 1639 5017 nostm
1661 4958 1791 5017 Remensi

140 5052 249 5126 justum
264 5061 310 5109 est
324 5053 459 5126 denegare
474 5052 630 5122 videamur,
643 5051 850 5112 fraternitatem
863 5062 941 5111 tuam
996 5055 1200 5130 archiepiscopo
1217 5061 1245 5113 et
1271 5055 1332 5111 aliis
1350 5053 1630 5126 comprovincialibus
1650 5052 1788 5125 episeopis

144 5160 287 5219 rogamus,
304 5154 331 5201 et
346 5145 496 5217 apostolica
511 5146 674 5205 auctoritate
697 5157 728 5205 ut
740 5147 814 5205 hanc
827 5163 939 5205 caumm
995 5147 1031 5205 ita
1042 5164 1071 5206 se
1084 5166 1132 5220 per
1142 5156 1347 5206 sacramentum
1359 5162 1476 5221 purgare
1485 5147 1594 5215 debeat,
1604 5146 1715 5219 quodsi
1726 5154 1792 5203 ante

145 5238 277 5311 suscipiat
290 5239 484 5306 admonemus,
497 5247 525 5296 et
544 5255 607 5296 eam
626 5239 749 5313 diligenti
764 5241 941 5313 inquisitione
995 5243 1179 5316 acceptionem
1197 5242 1285 5309 illam,
1299 5250 1338 5309 et,
1351 5249 1383 5299 ut
1395 5241 1506 5309 dicitur,
1527 5240 1716 5297 investituram
1736 5239 1791 5315 epi·

143 5332 334 5404 percognitam
351 5348 386 5389 eo
400 5331 498 5390 ordina
511 5348 566 5407 qno
578 5334 710 5391 canonica
724 5334 849 5390 instituta
870 5349 940 5406 prm·
994 5343 1123 5408 scopatns
1131 5350 1224 5408 regem
1235 5336 1507 5392 excommunicatum
1521 5332 1617 5401 fuisse,
1629 5343 1659 5391 et
1668 5333 1737 5392 illud
1750 5332 1793 5393 de·

146 5424 252 5497 cipiunt
266 5427 378 5482 tractari
392 5433 422 5482 et
433 5425 541 5484 deliniri
563 5426 646 5484 iaciat
662 5446 670 5485 ε
697 5442 849 5500 procurans
863 5427 941 5500 equi·
994 5436 1101 5485 cretum
1115 5437 1243 5486 nostrum
1257 5428 1291 5486 de
1311 5428 1496 5501 prohibitione
1509 5426 1704 5501 huiuscemodi
1718 5426 1792 5485 inse-

144 5516 208 5574 dem
223 5526 255 5574 ut
267 5518 318 5576 iste
330 5535 394 5576 cnm
417 5527 494 5577 tauto
516 5520 746 5579 moderamineet
760 5520 813 5577 sibi
831 5536 940 5578 conser-
995 5519 1095 5578 suendi
1113 5529 1140 5577 et
1153 5519 1303 5594 accipiendi
1324 5521 1470 5591 Ecclesias,
1494 5534 1585 5594 neque
1608 5535 1657 5595 per
1670 5521 1792 5595 legatum

146 5619 207 5668 vata
225 5611 335 5686 justitia
354 5612 390 5670 ad
413 5613 584 5672 audientiam
608 5613 783 5683 admittatur,
806 5622 942 5687 quamnns
994 5623 1131 5679 nostram,
1145 5630 1235 5687 neque
1246 5614 1282 5672 ab
1299 5616 1388 5689 aliqua
1403 5631 1521 5689 persona
1536 5629 1599 5687 qua
1611 5630 1642 5671 se
1653 5614 1696 5671 his
1707 5622 1794 5673 stam·

143 5719 199 5761 non
220 5706 360 5762 incassum
385 5707 566 5779 apostolicam
589 5707 808 5766 misericordiam
830 5715 859 5765 et
881 5708 942 5781 ejus
995 5709 1032 5765 tis
1050 5706 1206 5766 interfuisse
1225 5718 1252 5767 et
1264 5725 1295 5767 ea
1316 5709 1425 5767 audisse
1445 5708 1588 5777 fateretur,
1607 5707 1794 5781 significatum

49 5866 52 5875 ‚
143 5795 275 5873 suffragia
287 5799 421 5872 uambae
435 5799 571 5861 videamr.
996 5809 1025 5861 et
1043 5800 1233 5861 indubitanter
1250 5802 1424 5861 notificatum
1446 5802 1537 5862 fuerit
1552 5801 1729 5877 Quapropter
1740 5800 1795 5863 sd·
