3870 6164
132 214 181 268 cai
418 154 439 231 s
490 235 538 287 ,-
611 183 683 258 ἰιι
703 201 816 257 ovum
836 201 863 256 s.
884 200 1045 258 cancoan
1063 195 1280 256 arcesarces.
1382 160 1388 179 ⁸
1490 260 1493 265 Δ
1689 225 1692 229 ,
1739 198 1786 253 ιιι

92 344 95 349 ’
134 306 930 398 ministeriumcontemnitisl-Proptc'ramoreni,inquit,
945 330 972 393 Α
1022 327 1098 383 Sicut
1115 324 1246 381 acomito
1256 320 1392 379 Guiiredo
1404 331 1461 378 eta
1474 318 1623 394 sigefredo
1635 318 1672 376 de
1688 319 1785 378 berem

135 437 162 485 et
172 426 397 500 predicationem
411 425 440 479 S.
451 421 585 489 Anselmi,
601 435 650 492 pro
664 420 742 491 cujus
756 421 861 476 meritis
873 422 929 474 Do·
985 420 1045 492 ejus
1057 419 1143 475 milite
1166 416 1250 474 modo
1268 416 1353 473 ululri
1377 415 1455 471 vobis
1475 415 1580 471 scribo.
1594 413 1688 470 Vobis
1703 423 1730 469 et
1746 415 1785 471 ab

136 521 229 577 minus
252 519 426 590 omnipotens
438 513 560 587 quotidie
581 511 648 569 iacit
670 512 814 569 mirabilia.
842 535 854 562 ι
877 512 931 581 Qui
986 513 1090 569 batissa
1101 514 1129 569 S.
1147 512 1222 568 Pauli
1236 509 1272 567 de
1283 513 1384 567 Parma
1396 511 1517 565 llantuae
1527 508 1722 573 manentibus,
1734 509 1786 580 rjus

48 642 53 649 ·
136 615 337 672 dixitsnllunc
346 626 395 667 vos
406 609 548 680 deprecor,
560 607 654 662 inloto
664 606 856 677 corderogetis
866 622 930 662 eum
987 608 1103 674 milites,
1120 605 1220 662 auditis
1238 605 1334 661 miultis
1351 603 1435 677 signis
1451 602 1486 659 do
1508 605 1537 660 S.
1562 603 1639 668 viro,
1660 601 1697 657 ad
1714 602 1785 673 eujus

135 717 174 775 ut,
193 708 216 763 si
230 706 349 778 aliquem
362 704 459 771 erexit,
475 702 545 758 sicut
561 700 681 768 creditis,
700 714 747 756 me
771 700 932 767 coutralrat3
987 699 1173 756 venerandum
1185 698 1325 755 tumulum
1340 698 1380 754 ire
1390 697 1513 754 volentes
1532 695 1674 760 orationis
1691 710 1782 762 musa,

135 809 192 867 aut,
202 800 223 856 si
236 815 318 871 quiem
337 795 515 860 illuminavit,
528 794 595 850 mibi
609 795 701 850 lumen
715 792 832 850 auferat.
847 816 860 842 ι
881 793 934 849 Vis
987 801 1154 866 rogaverunt
1171 790 1334 864 quomdam,
1357 791 1471 847 nomino
1496 789 1683 856 Albericum,
1705 788 1783 845 tilium

136 891 214 949 lluita
224 908 313 965 prece,
328 890 464 948 ultionem
479 888 528 944 Dei
540 887 626 944 sensit
637 887 743 954 adesse,
759 895 788 943 et
802 886 933 942 continuo
986 887 1107 944 Alberici
1125 887 1159 943 de
1173 887 1293 952 Palmia,
1310 892 1340 941 ut
1360 900 1454 941 secum
1479 885 1533 942 iret
1551 899 1606 957 pro
1627 881 1782 939 delictorum

136 988 250 1044 flectens
265 1001 295 1042 se
308 985 339 1040 in
353 985 434 1052 latus,
450 983 570 1038 multum
586 980 742 1037 claudicare
757 981 851 1051 coepit.
868 982 934 1035 llaec
987 997 1101 1038 suorum
1112 980 1316 1053 petendavenia
1328 997 1334 1034 :
1347 978 1614 1050 «Sicutiuquitore
1636 976 1722 1033 stulto
1729 977 1784 1033 etii

136 1089 228 1137 autem
248 1078 344 1135 videns
362 1077 426 1145 boc,
440 1077 524 1147 caepit
536 1075 668 1131 intentius
681 1089 779 1145 rogare
788 1076 877 1129 Deum
885 1115 894 1160 Ζ
905 1080 935 1128 ut
988 1091 1052 1132 vore
1062 1075 1154 1146 pleno,
1170 1075 1240 1130 irem
1250 1074 1285 1130 ad
1299 1072 1423 1139 asinum,
1437 1071 1474 1128 ita
1486 1071 1589 1128 vadam
1602 1069 1641 1128 ad
1655 1086 1730 1135 eum,
1739 1072 1784 1127 nis'

135 1173 226 1231 adhuc
250 1180 362 1245 augeret
388 1170 553 1242 supplicium
576 1183 657 1240 super
681 1167 877 1223 incredulitatis
903 1168 935 1222 li·
987 1168 1104 1226 fortusse
1129 1167 1273 1224 derisionis
1291 1182 1388 1235 causa,
1424 1165 1458 1221 ad
1490 1164 1552 1236 ejus
1585 1164 1785 1236 impetrandam

138 1267 221 1335 lium,
234 1275 261 1322 et
281 1263 425 1322 confestim
440 1263 518 1319 dolor
532 1270 641 1318 tantum
655 1262 739 1317 crevit
753 1259 828 1331 quod
842 1260 885 1315 vir
899 1259 935 1316 ad
989 1263 1134 1321 auxilium.
1149 1285 1162 1311 ι
1176 1268 1214 1317 At
1224 1261 1261 1317 illi
1272 1259 1465 1332 redarguentes
1475 1266 1502 1314 et
1514 1257 1784 1317 contumeliaminis·

138 1360 292 1432 hospitium
313 1358 447 1430 perrexit,
459 1365 486 1427 et
503 1356 582 1428 quasi
606 1362 730 1410 mortuus
750 1362 793 1410 cst
805 1352 933 1424 relictus.
988 1366 1089 1424 rentes,
1101 1355 1212 1412 tandem
1231 1363 1262 1411 ut
1276 1369 1370 1410 secum
1384 1353 1487 1409 veniret
1501 1367 1568 1408 cum
1584 1352 1782 1424 compulerunt.

137 1454 211 1510 llario
236 1468 302 1525 ergo
326 1460 462 1508 matronae
487 1448 620 1517 venienti,
642 1456 673 1503 ut
697 1448 799 1520 gratias
824 1450 885 1503 Deo
908 1455 935 1503 et
989 1453 1119 1507 Extremo
1129 1457 1222 1505 autem
1231 1447 1285 1517 die,
1296 1445 1412 1520 quidam
1420 1443 1697 1512 contractusfuerst,
1710 1460 1784 1518 quem

137 1550 165 1604 S.
179 1547 310 1604 Anselmo
320 1543 447 1611 referret,
462 1540 616 1616 quidamde
627 1541 786 1597 monticulis
797 1541 932 1608 Guiborti,
989 1543 1024 1600 ad
1045 1543 1173 1599 tumbam
1186 1550 1353 1614 prostratum
1376 1540 1466 1598 videre
1489 1539 1647 1611 cupientes,
1670 1553 1784 1594 accesss-

137 1641 206 1697 bene
215 1646 306 1707 notus,
322 1639 348 1695 ei
362 1638 487 1703 obvians,
500 1637 559 1709 jam
569 1636 605 1691 ab
617 1635 686 1691 urbe
695 1634 861 1706 regrediens,
876 1650 933 1689 ma·
988 1645 1067 1705 runt,
1097 1645 1125 1694 ot
1150 1644 1304 1692 reverenter
1341 1641 1450 1690 orantes
1481 1633 1644 1705 tumulique
1673 1631 1780 1704 lapidem

137 1750 223 1806 gnum
247 1731 299 1789 sibi
327 1731 402 1804 quod
429 1732 582 1802 contigerat
611 1728 734 1785 narravit
756 1726 932 1785 miraculum.
988 1731 1115 1796 osculati,
1132 1730 1254 1786 iaetantes
1271 1727 1422 1785 redierunt.
1440 1727 1487 1782 llle
1508 1734 1619 1794 sutem,
1644 1734 1676 1782 ut
1688 1725 1782 1782 videret

135 1827 262 1898 Quadam
284 1834 364 1882 nocte
383 1840 449 1881 cum
473 1825 566 1880 ivisset
584 1821 620 1879 ad
642 1823 747 1879 ilumen
764 1822 881 1890 Oleum,
904 1829 935 1877 ut
990 1830 1074 1892 (eum)
1094 1824 1141 1896 qui
1156 1822 1283 1879 liberatus
1300 1821 1399 1889 iuerat,
1421 1821 1525 1892 pariter
1538 1819 1781 1881 volensaceederr,

135 1920 258 1977 hauriret
281 1935 392 1991 aquam,
417 1926 542 1990 porrecto
574 1916 691 1982 uncino,
714 1916 846 1988 quoniam
877 1915 935 1987 ripa
989 1936 1005 1975 a
1039 1917 1179 1989 sepulcro,
1216 1924 1350 1988 tauquam
1383 1913 1512 1986 indignus
1538 1923 1568 1969 et
1597 1912 1780 1986 blasphemus,

135 2013 225 2071 iuerat
247 2013 318 2079 alta,
345 2012 477 2068 decursus
504 2025 582 2081 aquae
602 2009 653 2066 sibi
671 2009 783 2066 situlam
806 2009 934 2078 abstulit,
987 2011 1098 2068 duobus
1120 2011 1177 2066 iere
1199 2009 1323 2081 passibus
1339 2006 1511 2080 prohibetur,
1535 2006 1656 2078 pedibus
1674 2007 1780 2080 marim

136 2107 279 2178 ablataque
297 2103 366 2173 face,
377 2105 506 2175 quoniam
521 2119 577 2159 nox
597 2102 713 2159 obscura
723 2110 792 2171 erat,
810 2117 875 2157 cum
895 2104 935 2157 vi·
988 2114 1015 2161 et
1029 2105 1141 2176 pigriter
1162 2102 1339 2160 haerentibus.
1356 2103 1409 2158 Hic
1422 2116 1498 2169 vero,
1513 2099 1633 2157 credens
1646 2115 1779 2156 cruruma

136 2199 213 2256 deret
233 2198 387 2254 alluminis
400 2197 532 2270 vertigine
551 2195 660 2260 abduci,
675 2197 780 2268 rogavit
793 2197 822 2251 S.
843 2197 938 2251 busel-
990 2197 1109 2255 fasciolis
1123 2198 1233 2266 stricta,
1255 2196 1356 2264 exirit,
1375 2204 1404 2252 et
1424 2194 1603 2267 comperiens
1624 2193 1652 2251 id
1663 2194 1716 2250 sibi
1734 2209 1781 2249 nou

138 2309 216 2349 mum
231 2298 333 2348 uteam
347 2290 399 2347 sibi
410 2289 547 2347 redderet.
560 2292 643 2347 Facta
655 2299 748 2345 autem
763 2305 854 2361 prece,
871 2305 937 2345 cum
990 2291 1126 2357 obiuisse,
1140 2292 1241 2347 iterum
1255 2292 1385 2358 intravit,
1404 2290 1476 2345 ultra
1493 2287 1625 2345 eumdem
1640 2287 1780 2344 terminum

137 2385 309 2459 deposuisset
328 2385 471 2450 runcinum,
484 2392 511 2439 et
530 2383 575 2438 vix
587 2381 643 2439 duo
664 2381 773 2439 brachia
788 2384 938 2454 appropin·
990 2401 1047 2440 non
1068 2385 1159 2441 valens
1174 2400 1296 2459 pergere.
1313 2386 1374 2455 lpse
1398 2390 1501 2449 autem,
1517 2380 1617 2437 dolens
1637 2397 1698 2438 sess
1711 2381 1780 2437 toties

40 2508 44 2523 ·
138 2487 237 2551 quaret
260 2492 350 2550 aquae,
374 2478 504 2533 contiuuo
521 2492 585 2532 ausa
608 2476 697 2532 situlae
719 2476 884 2532 seelevavit
911 2484 938 2531 el
988 2493 1048 2536 esse
1066 2479 1217 2551 repulsum,
1242 2493 1368 2550 egressus
1382 2485 1425 2533 est
1438 2491 1503 2532 cum
1518 2474 1635 2547 pudore,
1649 2474 1780 2532 admirans

138 2573 240 2628 uncino
253 2587 282 2628 se
297 2571 456 2643 applicavit.
989 2582 1016 2629 et
1034 2582 1146 2645 stupens
1160 2572 1341 2643 quamobrem
1356 2569 1383 2626 id
1410 2571 1463 2626 sibi
1492 2570 1651 2642 contigerit.
1677 2569 1778 2623 Interea

174 2668 228 2721 Per
254 2665 352 2721 merita
390 2663 513 2735 ejusdem
541 2662 706 2720 sanctissimi
740 2664 830 2720 Patris
850 2664 937 2720 nostri
991 2666 1205 2739 caecusquidam
1223 2666 1395 2720 illuminatus
1409 2671 1460 2719 est.
1475 2662 1617 2735 Cognovit
1631 2676 1695 2735 ergo
1709 2676 1777 2716 suan

138 2757 265 2830 quaedam
292 2757 425 2813 monacha
457 2755 491 2812 de
516 2756 732 2812 ultramontanis
755 2756 880 2828 partibus
901 2755 936 2812 de
989 2760 1135 2817 stultitiam
1141 2767 1187 2829 ,et
1202 2758 1340 2815 maledicti
1353 2758 1488 2830 poenitens
1504 2756 1697 2813 llevitamere.
1708 2754 1776 2810 lieni

137 2850 216 2918 villa,
252 2865 315 2923 quae
352 2848 451 2906 dicitur
485 2848 674 2916 Gamudium,
710 2849 787 2921 juxta
816 2858 937 2906 castrum
989 2870 1042 2926 que
1064 2869 1131 2909 cum
1145 2852 1285 2909 canonicis
1298 2867 1348 2923 pro
1362 2849 1480 2907 ierendis
1494 2849 1625 2907 laudibus
1645 2865 1663 2905 a
1680 2851 1710 2906 S.
1730 2853 1776 2904 ln·

137 2944 220 3001 Cisne
233 2944 300 3011 sita,
321 2944 404 2999 unius
419 2943 492 3000 oculi
508 2943 602 2999 lumen
626 2944 739 3014 recepit,
754 2952 781 2999 et
794 2942 935 3011 dealtero,
989 2946 1055 3003 drea
1066 2946 1190 3015 rediens,
1205 2945 1299 3002 multis
1312 2952 1376 3001 ante
1392 2945 1509 3017 ianuam
1519 2945 1548 3000 S.
1573 2943 1649 2999 Petri
1672 2940 1774 3015 proius's

137 3037 224 3110 gratia
245 3037 313 3107 Dei,
329 3052 402 3093 nunc
414 3037 513 3094 clarius
535 3036 616 3106 videt,
637 3034 714 3093 uude
735 3036 877 3109 paululum
900 3036 937 3092 vi·
955 3040 1135 3114 clacrymis‚
1150 3040 1186 3097 ad
1208 3039 1349 3095 tumulum
1364 3037 1455 3095 Patris
1467 3037 1563 3106 nostri,
1587 3037 1662 3093 siem
1683 3035 1772 3097 sema.

32 3132 36 3147 '
137 3130 228 3188 debat.
991 3133 1093 3190 meruit
1116 3132 1253 3189 accedere.
1280 3132 1363 3204 Quod
1385 3147 1420 3190 ne
1447 3130 1512 3188 socii
1535 3128 1574 3186 ad
1596 3128 1772 3186 contumeliam

175 3223 313 3297 Quaedam
322 3222 403 3297 igitur
414 3224 514 3280 mulier
527 3222 563 3280 do
577 3224 734 3296 episcopatu
748 3224 939 3288 Cremonensi,
990 3228 1041 3285 sibi
1056 3226 1220 3298 objicerent,
1232 3227 1335 3295 tacuit;
1347 3225 1397 3282 sed
1410 3240 1494 3298 nunc,
1516 3224 1552 3281 ad
1571 3224 1688 3297 gloriam
1701 3222 1771 3281 Deis

138 3318 172 3376 de
186 3327 287 3387 castro,
314 3318 429 3374 nomine
443 3321 587 3391 Benengo,
611 3317 687 3390 quod
702 3327 744 3373 est
762 3318 847 3375 situm
862 3318 938 3391 juxta
989 3322 1024 3377 ad
1040 3320 1203 3377 sanctissimi
1228 3321 1370 3389 insumi,
1388 3319 1491 3392 ubique
1506 3316 1722 3391 predicatquod
1734 3313 1770 3373 sibi

138 3412 307 3480 lovisaltam,
336 3411 455 3468 babebat
479 3427 597 3484 puerum
625 3411 772 3468 duodecim
802 3426 938 3467 annorum
991 3415 1118 3487 contigit.

138 3507 185 3579 qui
200 3504 324 3563 noudum
339 3505 463 3562 adiebus
476 3504 626 3561 nativitatis
637 3520 707 3575 suae,
728 3504 818 3562 nervis
831 3514 939 3561 contra·
1027 3512 1097 3567 cum
1113 3507 1249 3564 venissent
1262 3508 1369 3579 aliquot
1383 3506 1540 3563 Brixienses
1552 3505 1591 3564 ad
1606 3504 1770 3564 venerandm

138 3600 205 3666 ctis,
225 3607 338 3655 noverat
362 3613 495 3670 gressum.
524 3600 614 3670 Huius
634 3614 699 3671 ergo
729 3598 823 3656 salutis
850 3607 939 3655 mater
991 3603 1130 3659 tumulum
1141 3600 1229 3658 Patris
1242 3599 1339 3670 nostri,
1358 3599 1535 3657 obviaverunt
1557 3599 1669 3658 cuidam
1683 3593 1771 3672 pauper*

77 3678 80 3685 ’
133 3691 246 3763 cirpida,
265 3691 409 3746 devotione
421 3692 515 3762 plena,
541 3690 596 3746 lide
615 3691 748 3762 perfecta,
771 3709 834 3750 eum
849 3708 878 3749 se
902 3691 938 3749 la·
992 3696 1118 3752 similiter
1129 3696 1249 3752 venienti
1264 3710 1314 3766 pro
1328 3695 1417 3751 salute
1441 3694 1561 3767 petenda
1576 3693 1612 3751 de
1633 3693 1771 3767 episcopatu

140 3791 230 3839 turam
246 3782 282 3838 ad
295 3783 480 3839 venerandum
497 3783 588 3850 vovit,
599 3781 789 3857 deferensque,
800 3786 858 3855 iam
869 3784 938 3842 iesse
992 3791 1128 3859 Cumano,
1138 3789 1173 3847 do
1184 3787 1327 3857 valtelina,
1338 3788 1385 3860 qui
1395 3803 1524 3855 comuus,
1534 3788 1589 3844 nisi
1603 3785 1721 3844 fustibus
1729 3797 1771 3843 sll-

137 3885 250 3949 propter
270 3891 356 3945 onus,
367 3876 589 3932 cum'accederet
609 3877 644 3932 ad
663 3878 803 3934 marcham
817 3878 937 3950 regiam,
992 3892 1123 3951 tentatus,
1137 3883 1262 3939 incedere
1284 3898 1340 3938 non
1357 3881 1476 3950 valebat3
1492 3896 1580 3953 quem
1599 3896 1696 3939 seeum
1708 3880 1770 3939 ιιιιιι

139 3968 280 4042 deposuit3
301 3968 380 4040 cujus
400 3967 453 4024 lide
466 3976 494 4024 et
516 3966 678 4038 devotione,
698 3986 751 4041 qua
771 3986 882 4042 semper
895 3987 938 4028 ca·
991 3985 1055 4034 runt
1077 3986 1166 4049 etpro
1182 3976 1314 4032 charitate
1327 3975 1492 4032 sanctissimi
1509 3975 1641 4032 Anselmi
1657 3985 1773 4033 summer

140 4069 243 4130 ruerat,
256 4061 371 4119 salutem
384 4076 450 4117 mox
461 4061 580 4133 invonit.
991 4079 1051 4126 tum
1074 4070 1098 4126 ei
1111 4067 1256 4127 dederunt.
1274 4068 1318 4125 Ad
1337 4084 1459 4141 quorum
1472 4066 1558 4124 fidem
1572 4065 1772 4125 consensuum

177 4159 315 4212 Praeterea
333 4153 461 4227 quaedam
479 4155 577 4211 mulier
587 4155 620 4212 de
639 4156 781 4214 Wartalda
796 4157 940 4216 insomnis
990 4171 1019 4220 et
1031 4164 1207 4220 devotionem
1222 4161 1390 4236 augendam,
1404 4161 1540 4218 Dominus
1553 4177 1607 4234 per
1621 4158 1774 4219 intercessio

140 4249 312 4321 praemonita,
333 4248 490 4305 revelationi
507 4247 629 4317 credula,
655 4251 728 4307 veuit
739 4251 774 4308 ad
787 4251 937 4324 implorau—
990 4272 1055 4313 ncm
1069 4255 1195 4329 praedicti
1204 4256 1302 4324 Patris,
1315 4270 1336 4311 x
1347 4255 1410 4311 Kal.
1423 4255 1439 4309 J
1441 4255 1513 4321 unii,
1524 4263 1610 4311 nocte
1620 4255 1683 4328 jam
1692 4265 1775 4326 sppm·

136 4343 244 4415 dumJS.
261 4341 350 4399 Patris
367 4343 455 4399 nostri
466 4342 587 4399 salutare
605 4342 775 4417 suiiragium.
789 4347 857 4402 Haec
870 4346 938 4403 adeo
994 4350 1157 4421 pinquante,
1174 4349 1248 4405 hunc
1260 4349 1362 4416 erexit,
1382 4356 1410 4404 et
1425 4347 1529 4420 absque
1555 4346 1720 4406 baculorum
1731 4357 1776 4403 me

134 4436 285 4510 hydropico
304 4437 403 4494 morbo
424 4435 568 4493 laborabat
579 4436 656 4509 quod
674 4452 704 4494 se
727 4436 799 4494 ierre
813 4455 871 4496 non
888 4456 935 4496 va·
952 4440 977 4502 D
992 4441 1146 4498 tentatione
1165 4442 1204 4498 ire
1222 4441 1368 4498 concessit.

137 4531 218 4588 lebat.
232 4531 297 4603 Ejus
310 4546 431 4604 namque
444 4546 544 4603 corpus
554 4539 664 4588 tantum
678 4531 850 4588 intumuerat
863 4533 937 4604 quod
1028 4536 1163 4591 Praeterea
1178 4535 1287 4592 cuidam
1298 4549 1383 4607 puero
1404 4548 1420 4589 a
1443 4532 1543 4590 diebus
1560 4533 1715 4591 naucitatis
1733 4541 1777 4588 suet

138 4638 182 4691 se,
194 4623 270 4695 'quin
294 4631 435 4696 creparet,
456 4625 500 4680 vix
514 4624 655 4681 continere
672 4631 789 4695 poterat.
806 4627 864 4681 Nec
878 4625 938 4698 jam
991 4628 1074 4685 surdo
1089 4635 1116 4685 ct
1132 4636 1222 4697 mitto,
1237 4628 1320 4700 paulo
1339 4635 1402 4699 post
1416 4625 1613 4698 migrationem
1624 4620 1778 4684 sanctissimi

139 4716 286 4771 dicendum
304 4732 417 4789 corpus,
438 4717 487 4773 scd
503 4719 596 4790 potius
615 4725 745 4786 truncusa
758 4732 809 4774 nec
822 4718 876 4774 ulla
889 4718 938 4776 bo·
991 4721 1112 4778 Auselmi
1133 4721 1193 4795 ejus
1214 4722 1336 4789 meritis,
1349 4720 1430 4776 uobis
1455 4719 1653 4789 nescientibus,
1676 4713 1778 4776 reddidit

140 4807 224 4864 minis
241 4809 270 4863 in
292 4824 323 4865 ea
344 4808 489 4865 videbatur
507 4811 628 4881 species,
644 4809 693 4867 sed
710 4818 769 4867 tota
787 4810 936 4883 deformis,
990 4817 1123 4873 auditum.
1155 4816 1227 4873 Huic
1247 4830 1311 4871 vero
1324 4813 1445 4870 secundo
1467 4812 1513 4869 die
1532 4813 1666 4871 intrantis
1688 4808 1776 4869 messis

140 4911 168 4958 et
189 4902 317 4975 quaedam
339 4903 437 4959 mortis
460 4902 550 4960 iacies.
572 4904 687 4961 Articuli
705 4906 782 4963 enim
804 4922 936 4965 manuum
990 4909 1073 4976 lunii,
1095 4909 1168 4966 circa
1181 4925 1296 4976 nonam,
1320 4907 1380 4980 ejus
1406 4905 1515 4979 liugulae
1536 4907 1621 4962 solvit
1638 4906 1776 4965 vinculum

137 5002 166 5050 ot
190 4993 292 5066 pedum
314 4995 345 5049 in
370 4995 490 5052 solidum
512 4997 646 5054 abierant.
671 5000 743 5055 Nam
758 4999 781 5054 si
801 5000 891 5058 iorma
909 5010 937 5057 et
987 5002 1066 5072 juxta
1079 5002 1147 5059 iilud
1160 5001 1234 5074 quod
1263 5001 1291 5056 iu
1315 4999 1461 5072 Evangelio
1480 4998 1581 5070 legitur
1606 5017 1613 5055 ι
1641 5003 1714 5056 lieres
1738 5010 1779 5052 osv·

137 5088 281 5144 oculorum
309 5087 415 5144 orbitas
444 5090 599 5161 perierant,
627 5107 706 5148 mors
734 5094 827 5164 potius
853 5109 935 5165 quam
990 5098 1039 5150 nio
1070 5099 1153 5164 serim
1183 5096 1277 5151 surdos
1314 5096 1380 5163 [ecit
1415 5092 1513 5148 audire
1536 5096 1563 5148 et
1594 5098 1687 5150 mutos
1718 5086 1778 5162 lomi

137 5182 192 5237 vita
210 5181 341 5249 instabat,
354 5180 430 5237 etde
443 5182 528 5239 salute
547 5199 605 5239 non
625 5184 798 5257 desperabat.
816 5187 936 5258 Dignum
990 5191 1086 5255 (Marc.
1099 5188 1166 5259 vu).

138 5289 205 5347 ergo
232 5273 283 5331 iuit
306 5282 338 5331 ut
362 5275 555 5333 sanctissimus
580 5279 730 5336 dussimus
753 5278 816 5335 huic
840 5280 936 5336 salutis
1024 5285 1098 5349 (490)
1116 5280 1199 5337 Aliud
1219 5297 1328 5354 quoque
1343 5281 1520 5348 miraculum,
1544 5279 1621 5353 quod
1651 5277 1775 5338 contum

134 5367 271 5425 tribueret
288 5368 421 5442 gratiam,
447 5386 535 5443 aquo
556 5380 662 5427 tantam
682 5373 854 5444 exspectabat
877 5389 934 5431 me·
989 5374 1072 5430 vitali
1097 5375 1249 5431 Brixiensis
1269 5375 1399 5431 Ecclesiae
1417 5372 1590 5446 presbytero,
1606 5366 1774 5448 religiosel‘l

137 5460 242 5532 delam,
261 5478 345 5535 quam
358 5472 489 5535 sequente
502 5473 585 5522 nocte
598 5466 708 5523 laetatur
727 5482 758 5524 se
777 5482 836 5524 esse
853 5467 935 5541 adep-
988 5475 1026 5526 tas
1042 5468 1112 5536 viro,
1129 5468 1243 5541 aliisque
1258 5468 1382 5540 pluribus
1393 5465 1579 5524 reicientibus
1589 5466 1688 5534 didici,
1702 5470 1774 5539 pate

134 5562 207 5612 tam.
988 5561 1069 5640 nitati
1087 5569 1193 5630 vestrae,
1207 5561 1362 5618 venerando
1380 5563 1472 5626 Pater,
1484 5561 1637 5618 Mantuano
1654 5554 1772 5634 pontiitb

168 5746 241 5810 (490)
264 5745 306 5799 Ex
323 5742 402 5814 epist.
419 5743 563 5817 cujusdem
577 5745 683 5818 ligonis
697 5746 732 5804 ad
746 5748 929 5809 mantuanum
944 5713 1111 5823 episcopum.
