3884 6158
138 288 194 343 305
577 344 580 349 ,
706 286 954 344 cicatriculae.
973 316 1008 331 -
1027 288 1130 345 aelst.
1148 289 1224 349 xxti.
1735 297 1786 353 306

137 426 190 467 ero
204 410 238 468 ad
262 410 413 467 tenendum
425 419 453 467 et
474 409 671 484 acquirendum
684 418 713 466 et
730 410 936 469 defendendum
951 416 980 479 Α
993 413 1082 469 earnis
1106 413 1288 473 mortificante
1312 415 1358 488 [sn
1380 417 1611 492 mortificationel.
1634 418 1786 492 Spiritffllr

145 503 247 577 regalia
266 504 440 560 sanchetri
460 503 572 576 ejusque
592 504 776 576 possessiones
789 513 861 561 recta
884 504 938 562 lide
993 506 1091 580 quippe
1105 507 1167 564 vius
1178 509 1199 564 si
1211 507 1324 577 fueritis,
1341 509 1498 569 hereditate
1514 512 1624 584 quidem
1636 513 1711 585 regni
1729 513 1786 585 ejus

140 606 238 654 eontra
254 612 351 653 omnes
362 597 498 665 homines,
512 605 540 654 et
554 595 687 669 adjurabo
700 606 739 665 te,
757 606 788 655 ut
799 613 893 655 secure
910 607 939 655 et
993 599 1021 656 in
1034 609 1168 656 aeternum
1184 609 1215 657 ut
1225 601 1269 657 dlii
1283 600 1422 676 fruemini,
1433 605 1590 662 cohaeredes
1603 606 1716 673 Christi,
1730 608 1786 664 hre-

140 689 293 747 bonorillee
305 698 398 747 teneas
409 698 538 763 papatum
552 693 722 761 Romanum,
734 699 837 748 terram
850 691 936 748 saneti
992 693 1071 749 redes
1089 708 1153 749 vero
1162 694 1221 750 Dei.
1240 695 1318 751 Unde
1329 711 1438 753 omnem
1446 698 1590 767 malitiam,
1600 698 1787 757 simulationes

139 784 235 851 Petri;
258 792 286 839 et
310 784 478 857 principatus
499 799 560 845 nes
576 782 701 840 invadere
723 799 775 840 nee
797 786 937 858 acquirere
993 794 1021 841 et
1044 786 1175 855 invidias,
1203 803 1352 860 omnesque
1379 790 1560 847 detractiones
1581 807 1629 848 vos
1651 792 1787 864 deponere

141 892 277 951 quaeram,
298 892 350 933 nec
368 876 450 933 etiam
478 876 629 949 depredari
650 892 815 949 messmam
835 878 938 950 absque
992 877 1112 936 iraterm
1132 880 1263 937 charitate
1283 883 1417 938 commoti
1441 883 1631 941 admonemus.
1657 886 1686 941 Si
1714 886 1784 957 quid

139 979 189 1027 tus
200 979 368 1041 tuorumque
382 984 581 1041 racemorum,
597 970 643 1042 qui
656 970 692 1027 ad
705 969 837 1027 honorem
852 972 937 1027 sancti
991 980 1084 1028 autem
1107 973 1239 1046 contingit
1258 972 1329 1029 inter
1348 989 1425 1030 arma
1454 976 1651 1034 Saracenorum
1674 960 1784 1049 positis,

141 1064 211 1120 Petri
224 1061 396 1131 intraverint,
410 1070 485 1119 certa
498 1062 621 1129 tinentia,
636 1071 735 1136 praeter
757 1064 831 1120 illam
853 1080 937 1138 quam
991 1065 1076 1122 nolite
1101 1080 1258 1138 pavescere:
1289 1066 1337 1123 sed
1359 1069 1572 1141 quotiescunque
1599 1086 1649 1141 pro
1675 1071 1785 1129 Christo
1883 1068 1887 1075 “

140 1165 171 1213 ιιι
191 1156 259 1213 mihi
272 1156 417 1220 concedes,
433 1156 474 1213 vel
492 1157 532 1212 tui
545 1157 702 1213 concessuri
716 1165 782 1214 sunt
795 1172 936 1215 successo-
991 1159 1123 1231 patimini,
1137 1158 1259 1231 gaudete,
1276 1169 1307 1216 ut
1322 1160 1351 1215 in
1368 1160 1514 1218 adventum
1533 1162 1624 1235 gloria
1643 1164 1701 1236 ejus
1719 1180 1784 1235 pau·

140 1264 194 1306 res.
212 1248 375 1306 Pensionem
388 1248 424 1305 de
436 1250 604 1306 mmmncti
619 1250 705 1318 Petri,
727 1265 811 1321 quam
832 1265 884 1323 ego
898 1259 938 1308 te·
991 1249 1078 1308 deatis
1094 1253 1267 1309 exsultantes.
1286 1253 1386 1310 Fidelis
1400 1254 1509 1326 quidem
1524 1264 1566 1312 est
1584 1270 1676 1312 sermo
1699 1275 1707 1312 ε
1732 1259 1786 1324 Qui

139 1358 193 1400 neo
206 1352 235 1399 et
247 1342 358 1409 terrebo,
375 1341 448 1399 sicut
459 1350 592 1400 statuurm
609 1352 661 1413 est,
670 1351 745 1400 recta
759 1343 812 1400 lide
821 1343 936 1401 studebo
990 1348 1132 1401 suscitavit
1141 1349 1240 1415 lesum,
1252 1348 1395 1403 caecabit
1406 1353 1432 1404 et
1442 1364 1487 1405 vos
1496 1353 1582 1415 (hem.
1594 1351 1667 1417 vnn),
1679 1348 1702 1406 si
1712 1365 1785 1405 mor·

140 1436 256 1493 utillsm
267 1445 361 1492 sanda
379 1439 504 1493 Romana
522 1437 673 1494 annualiter
691 1436 790 1493 habeat
808 1437 935 1494 Ecclesia.
990 1438 1029 1494 tui
1051 1455 1133 1495 earne
1151 1437 1265 1510 fueritis,
1289 1443 1420 1497 vitavere
1447 1442 1497 1498 Dei
1510 1442 1613 1514 Spiritu
1628 1443 1654 1499 in
1668 1441 1786 1499 adventu

140 1531 368 1602 Omnesquoque
382 1529 512 1587 eeclesias
526 1530 627 1602 quaein
642 1545 702 1586 mea
717 1531 865 1603 persistunt
883 1530 935 1588 do·
990 1547 1041 1588 suo
1065 1532 1098 1589 ad
1122 1532 1215 1605 gloriae
1242 1548 1299 1590 suae
1321 1534 1608 1592 communicationem.
1640 1534 1787 1592 lueilabilis

141 1623 301 1690 mmadone,
320 1638 385 1679 cum
399 1638 493 1679 earum
515 1622 742 1695 possessionibus,
757 1622 894 1681 dimittam
907 1624 936 1680 in
991 1625 1073 1698 igitur
1094 1626 1245 1699 gloriaespc
1261 1635 1319 1682 mm
1332 1625 1403 1683 ddeli
1420 1628 1584 1700 promissore
1598 1628 1785 1697 conlidentes,

138 1724 213 1773 tuam
230 1722 406 1788 potestatem,
420 1724 449 1772 at
462 1712 592 1772 defensor
605 1716 714 1772 illarum
738 1732 786 1774 ero
802 1718 836 1773 ad
852 1716 936 1774 ddeli-
991 1719 1114 1775 membra
1128 1729 1217 1776 restra
1238 1719 1417 1787 mortificem
1435 1728 1552 1777 mortem
1571 1721 1670 1793 Christi
1689 1720 1782 1778 cordi-

140 1818 222 1866 tatem
236 1817 340 1866 sanctae
354 1812 486 1866 Romanae
498 1809 633 1866 Ecclesia.
647 1808 715 1881 Regi
727 1825 791 1866 vero
806 1811 935 1879 Hearico,
950 1788 974 1851 Β
991 1812 1043 1870 bus
1054 1813 1151 1868 vestris
1165 1812 1280 1885 infigite,
1299 1812 1412 1869 adversa
1426 1814 1518 1870 omnia
1533 1830 1582 1885 pro
1600 1830 1633 1870 eo
1647 1815 1702 1887 pati
1717 1830 1783 1886 qau-

139 1919 200 1959 arm
214 1912 273 1959 ate
295 1901 365 1976 [uta
380 1901 416 1976 te]
435 1902 594 1960 admonitus
611 1901 701 1970 luero,
716 1903 785 1959 vela
807 1903 859 1960 tuis
873 1920 935 1960 suc·
991 1905 1067 1973 dete,
1087 1904 1228 1963 credentes
1242 1921 1306 1961 cum
1331 1907 1461 1978 Apostolo
1483 1923 1537 1963 con
1561 1922 1615 1964 esse
1637 1907 1785 1976 eondipnas

141 1995 422 2067 mribus,1urabo
448 1995 621 2065 fidelitatem,
642 1995 715 2052 salva
735 1978 936 2054 tamen‘lideli·
987 2002 1124 2071 pastores
1138 1999 1218 2069 hujus
1233 2002 1360 2070 temporis
1382 2000 1554 2070 adfuturam
1576 2002 1700 2070 ploricm,
1723 2016 1785 2070 quc

141 2099 192 2146 tate
202 2097 307 2145 muctar
322 2091 456 2146 Romana
472 2088 612 2148 Ecclesia.
625 2091 661 2146 Et
677 2088 700 2146 si
718 2096 748 2145 tu
762 2089 802 2146 rel
816 2090 854 2146 tui
873 2105 936 2147 sue·
991 2093 1155 2148 revelabitur
1167 2094 1196 2146 in
1208 2094 1283 2147 rubis
1299 2095 1385 2159 (Rom.
1402 2094 1484 2163 virt).
1500 2094 1587 2149 Rixas
1601 2100 1705 2166 ergoet
1719 2107 1785 2148 con·

139 2197 262 2239 amores
270 2191 434 2239 autemaer
451 2182 568 2239 hacvita
586 2182 771 2255 migraverint,
785 2183 936 2240 secundum
991 2185 1125 2243 annones
1144 2192 1176 2241 ut
1194 2199 1329 2242 venenum
1353 2186 1443 2242 vitate.
1461 2185 1630 2242 numilitatis
1649 2184 1785 2258 discipuli,

140 2274 212 2350 quod
225 2276 349 2333 monitus
360 2274 465 2332 fueroa
478 2275 635 2334 melioribus
645 2274 826 2332 cardinalibus
841 2284 869 2333 et
881 2277 936 2333 ele·
992 2277 1173 2334 humilitatem
1193 2276 1312 2345 induite;
1328 2276 1426 2336 Christi
1446 2279 1532 2334 ricem
1555 2293 1638 2350 super
1660 2292 1710 2334 vos
1736 2277 1782 2334 ba·

139 2369 200 2427 sitris
215 2369 352 2426 Romanis
371 2378 399 2425 et
417 2368 504 2438 laicis,
528 2368 664 2442 adiuvabo
685 2377 718 2425 ut
735 2384 802 2441 papa
823 2370 937 2443 eligatur
991 2371 1106 2428 bentier
1118 2369 1209 2427 debito
1225 2370 1332 2428 obedite
1351 2391 1358 2427 ι
1374 2371 1497 2440 consilia,
1512 2370 1714 2428 admonitiones
1726 2372 1784 2443 ejus

140 2472 166 2519 et
180 2462 326 2521 ordiuemr
343 2462 378 2519 ad
397 2462 532 2519 honorem
546 2462 633 2519 anca
646 2463 727 2519 Petri.
756 2463 824 2520 llaec
845 2463 936 2520 omnia
991 2480 1054 2521 rere
1073 2480 1168 2521 amore
1182 2464 1308 2537 amplecti
1330 2464 1475 2532 insudate;
1496 2465 1612 2521 scientes
1632 2479 1696 2520 cum
1724 2464 1785 2531 sibi,

139 2555 322 2629 suprascripta
347 2555 497 2612 observabo
515 2563 618 2612 sanctae
642 2558 777 2613 Romana
798 2556 935 2624 Ecclesia,
992 2557 1102 2615 Christo
1115 2556 1189 2630 [eum
1203 2559 1263 2630 ipso
1271 2557 1486 2625 Christorsorte
1495 2565 1525 2613 ut
1535 2557 1654 2625 Christo,
1666 2557 1784 2629 annnd.

139 2658 167 2706 et
177 2650 226 2707 tihi
239 2658 316 2706 recta
329 2648 398 2715 tides
413 2657 442 2705 et
454 2648 523 2705 hane
542 2647 700 2706 fidelitatem
714 2649 867 2706 observabo
884 2650 937 2706 tuis
991 2651 1037 2722 qui
1052 2666 1101 2722 pro
1118 2650 1194 2706 vobis
1211 2665 1306 2722 passus
1316 2658 1374 2721 est,
1389 2649 1554 2716 obedieritis,
1570 2650 1628 2722 eJus
1640 2665 1705 2706 vero
1718 2666 1787 2722 pra·

140 2743 343 2800 samessoribus
354 2741 388 2799 ad
403 2741 540 2798 honorem
553 2742 638 2798 sancd
659 2743 733 2799 Petri
752 2741 894 2809 ordinatis,
913 2743 935 2799 si
990 2741 1265 2814 dicationes,judieia
1275 2742 1358 2798 etiam
1368 2758 1434 2798 cum
1446 2743 1631 2815 susceperitis,
1643 2742 1785 2799 Christum

141 2835 206 2891 mihi
218 2835 332 2893 firmare
345 2835 483 2892 voluerint
504 2833 721 2892 investiturama
736 2844 764 2891 te
784 2834 852 2892 mihi
867 2851 936 2891 eon·
992 2851 1040 2909 per
1062 2835 1155 2891 omnia
1168 2834 1337 2907 suscipietis,
1357 2836 1397 2890 ait
1410 2834 1486 2890 enim
1501 2855 1508 2891 :
1529 2837 1583 2903 Qui
1595 2850 1640 2890 nos
1655 2838 1784 2906 suscipit,

142 2944 256 2987 wm.
990 2944 1032 2985 me
1050 2930 1176 2999 scripta
1195 2930 1245 2998 qui
1262 2942 1308 2983 vos
1329 2930 1448 2999 spemit,
1464 2943 1507 2983 me
1526 2930 1629 2998 spernit
1644 2931 1718 2995 (Luc.
1741 2930 1783 2995 x).

175 3028 275 3080 lcum
289 3024 391 3095 Capuae
406 3036 469 3078 vrri
481 3021 611 3079 Kalendis
630 3021 769 3090 Octobris,
790 3020 937 3078 indictione
991 3022 1077 3080 Aliter
1089 3036 1153 3077 vero
1170 3020 1193 3076 si
1212 3018 1339 3089 feceritis,
1353 3021 1381 3076 in
1394 3020 1535 3077 Christum
1551 3020 1679 3092 pcccatis,
1700 3021 1782 3078 Chri-

144 3113 310 3173 duodeca‘ma.
951 3126 976 3192 c
992 3121 1067 3172 stum
1081 3113 1215 3187 spernitis,
1233 3112 1333 3170 Christi
1350 3112 1472 3185 discipuli
1487 3128 1546 3169 esse
1566 3110 1697 3169 desinitis.
1713 3118 1785 3185 Apo-

388 3209 567 3267 aristote
581 3209 675 3266 xxtt.
991 3208 1062 3265 stolo
1077 3207 1212 3273 resistitis,
1227 3207 1274 3278 qui
1285 3207 1344 3262 ait:
1365 3208 1457 3264 Omnis
1476 3209 1569 3261 auimo
1580 3207 1783 3263 sublimsbribus

364 3317 406 3360 ao
421 3316 707 3360 caarnactnsnsss.
988 3302 1168 3373 potestatibus
1182 3301 1337 3355 subditcss‘t
1350 3303 1435 3365 (Rom.
1451 3302 1532 3367 xant).
1547 3300 1617 3355 Cum
1628 3314 1692 3372 ergo
1706 3314 1784 3355 mnn-

468 3400 560 3461 (Anno
577 3398 668 3464 107³.)
991 3393 1068 3452 danis
1096 3392 1276 3465 potestatibus
1299 3391 1410 3449 obedire
1439 3391 1595 3463 praedicavit
1622 3392 1784 3464 Apostolus,

148 3484 273 3540 11on
283 3489 314 3540 at
326 3485 460 3555 deponant
468 3484 638 3546 inimicitias,
645 3485 834 3552 patienterque
843 3484 936 3549 seram
992 3485 1200 3558 quantomagis
1220 3484 1414 3556 spiritualibus,
1437 3491 1465 3540 et
1488 3485 1576 3540 vicem
1592 3485 1693 3540 Christi
1712 3486 1786 3540 inter

176 3557 289 3640 ‘'W“
307 3557 512 3640 &imm
541 3554 677 3637 mm
699 3552 936 3678 ⁹¹¹⁰dad⁰ffl⁰9¹⁴m
991 3577 1159 3636 Christianos
1180 3576 1359 3633 habentibus?
1377 3579 1454 3643 Haec,
1474 3576 1522 3632 lilii
1543 3575 1712 3643 charissimi,
1737 3592 1783 3649 ge·

176 3641 325 3765 m
337 3625 936 3765 ‘fflffagffiztfflffimmmffi
992 3687 1070 3729 mens
1088 3671 1187 3744 cogito,
1202 3670 1271 3727 dens
1284 3669 1385 3738 scribo,
1399 3669 1495 3728 dolore
1506 3669 1597 3726 cordis
1613 3670 1712 3725 intimo
1732 3686 1781 3727 vo·

177 3785 245 3824 see.
992 3766 1034 3823 his
1045 3764 1136 3821 mitto.
1155 3762 1282 3821 Pervenit
1295 3762 1394 3836 quippe
1413 3762 1446 3820 ad
1461 3778 1541 3820 aures
1563 3771 1683 3831 nostras,
1699 3779 1785 3836 quos·

177 3862 355 3921 aimonius
364 3861 516 3935 episcopus,
528 3875 623 3917 servus
634 3875 775 3917 servorum
784 3858 847 3926 Dei,
862 3858 935 3915 clero
990 3859 1054 3916 dam
1063 3865 1184 3914 vestrum
1197 3855 1346 3929 irreligiose
1363 3856 1392 3912 in
1405 3856 1492 3929 legem
1505 3855 1605 3913 Christi
1627 3855 1673 3929 [etl
1688 3865 1784 3913 contra

149 3964 172 4011 et
183 3957 252 4028 plebi
269 3955 430 4013 &dedente
443 3952 647 4027 &mandensi
658 3953 774 4011 salutem
788 3959 816 4008 et
828 3959 936 4025 aposto·
991 3952 1146 4017 Christum,
1161 3950 1308 4023 Cyriaeum
1326 3949 1510 4005 venerabilem
1528 3947 1641 4005 hatrem
1656 3958 1784 4007 nostrum

151 4047 455 4107 brambensdictionem.
991 4054 1112 4102 restrum
1131 4059 1195 4100 vero
1218 4042 1451 4114 arehiepiscopum
1478 4051 1505 4098 ct
1529 4043 1707 4115 magistrum,
1729 4044 1784 4099 imo

177 4144 268 4200 Gratia
290 4141 367 4199 robis
386 4151 415 4198 et
434 4143 588 4214 paanec
607 4143 687 4196 Patre
710 4146 737 4194 et
750 4136 935 4195 JesuChristo
991 4154 1055 4195 nero
1083 4138 1164 4194 vestri
1193 4136 1334 4194 Christum
1361 4135 1433 4207 apud
1457 4138 1605 4192 Saracenos
1637 4135 1676 4193 sie
1704 4152 1784 4192 accu-

151 4234 209 4292 hlio
223 4235 284 4309 ejus
295 4234 443 4307 tmico,qui
453 4234 570 4306 gratuita
589 4230 776 4290 misericordia
795 4245 849 4287 vos
867 4246 935 4286 con·
988 4247 1073 4303 rasse,
1082 4231 1179 4303 iurgiis
1195 4228 1370 4287 detractionis
1383 4228 1422 4284 sic
1436 4228 1578 4297 lacerasse,
1597 4236 1629 4284 ut
1649 4230 1719 4285 inter
1739 4230 1781 4285 la-

150 4326 260 4386 lormare
273 4330 304 4385 in
323 4344 426 4387 novum
440 4327 582 4384 hominem
596 4325 678 4383 insui
702 4324 840 4396 sanguinis
861 4321 935 4381 eflu-
991 4334 1086 4383 nones
1108 4330 1309 4389 numeraretur,
1331 4321 1488 4378 verberibus
1511 4321 1601 4377 nudus
1622 4321 1782 4379 caederetur.

150 4423 219 4479 ione
232 4421 363 4495 dignatus
373 4420 484 4491 est3cui
494 4421 578 4478 mmsl
597 4419 667 4477 mori
682 4426 710 4475 et
724 4432 863 4490 resurgere
876 4417 932 4489 pla·
990 4422 1016 4478 0
1034 4416 1189 4488 exemplum
1208 4417 1349 4488 iniquum,
1371 4413 1453 4470 vestri
1473 4421 1501 4469 et
1523 4414 1659 4470 universae
1683 4424 1784 4471 sanctae

150 4516 209 4584 anit,
224 4523 257 4573 nt
277 4530 326 4573 vos
344 4530 426 4571 earne
438 4512 632 4579 mortificaret,
646 4512 744 4585 spiritu
765 4526 829 4567 vero
850 4510 935 4566 rivili-
951 4510 976 4573 b
992 4510 1120 4569 Ecclesia
1137 4508 1279 4566 dedecoris
1291 4508 1464 4579 exemplum!
1480 4506 1604 4563 Christus
1618 4507 1717 4562 iterum
1736 4524 1781 4564 ca-

149 4618 215 4666 raret
228 4618 256 4666 ct
277 4605 479 4672 Deceliae-reu
498 4606 578 4679 cujus
597 4604 838 4662 reitestimonium
860 4611 936 4676 petra
989 4608 1073 4680 pitur,
1089 4603 1162 4661 falsis
1178 4601 1380 4659 accusatoribus
1402 4608 1430 4656 et
1443 4600 1557 4657 testibus
1569 4599 1781 4670 condemnatur,

147 4715 223 4773 siper
242 4717 326 4774 quam
340 4701 398 4773 ipse
417 4698 565 4758 aedificavit
585 4696 661 4755 dedit
674 4697 768 4754 dicens
792 4698 937 4755 :Christus
989 4701 1061 4756 inter
1072 4698 1189 4754 latrones
1205 4702 1365 4752 numeratus
1383 4693 1538 4750 verberibus
1549 4692 1671 4750 caeditur.
1686 4698 1711 4749 d
1722 4696 1784 4768 qui·

149 4797 221 4851 ml
234 4812 288 4866 pro
310 4797 426 4866 peccetis
447 4795 547 4849 nostris
560 4797 682 4848 mortuus
702 4796 755 4855 est,
779 4792 872 4861 justus
884 4806 937 4861 pro
989 4793 1059 4850 bus?
1077 4789 1129 4861 Qui
1143 4789 1201 4861 ejus
1214 4787 1463 4844 dicuuturcredere
1476 4787 1710 4854 incarnationem,
1724 4788 1784 4861 ejus

149 4890 267 4958 injusta,
290 4895 321 4943 at
346 4903 394 4944 cos
411 4887 523 4957 offeret
544 4889 612 4949 Deo,
631 4887 806 4955 mortificatos
828 4884 938 4954 quidem
990 4887 1073 4943 edam
1090 4881 1210 4939 venerari
1235 4880 1406 4954 passionem,
1427 4889 1578 4952 ceteraque
1600 4881 1658 4952 ejus
1685 4891 1778 4939 sancta

149 4983 398 5052 mammotrectus
410 4986 500 5037 netem
520 4980 803 5051 spiritntPetr.111).
827 4978 869 5031 De
882 4992 938 5048 quo
989 4976 1117 5052 mysteria
1132 4976 1185 5033 lide
1203 4975 1339 5046 amplecti.
1355 4977 1438 5031 Estne
1456 4990 1538 5046 super
1553 4974 1595 5029 his
1613 4974 1781 5032 tacendum?

149 5075 225 5131 edam
242 5075 296 5132 hoe
314 5074 399 5131 mmo
418 5073 568 5146 Apostolus
591 5092 598 5128 :
620 5071 749 5129 tradidit
770 5072 939 5140 semtipsum
990 5088 1027 5128 an
1039 5066 1557 5141 clamandum,etlletucorrigendum?
1574 5068 1784 5139 scriptumest:

149 5184 193 5237 pro
207 5169 284 5224 notis
294 5166 455 5225 mecmm
466 5172 492 5221 et
506 5168 623 5222 hostiam
636 5169 690 5222 Deo
707 5167 737 5219 in
748 5164 854 5219 odorem
872 5178 940 5219 sac·
991 5165 1092 5233 Clamo,
1103 5177 1223 5218 necesses
1232 5161 1295 5233 lise.
1304 5162 1405 5233 nutri).
1418 5161 1490 5218 Alibi
1499 5161 1585 5216 ctiam
1596 5168 1762 5232 pracceptum
1776 5183 1782 5218 :

148 5264 236 5318 sitatis
249 5262 365 5334 (Ephes.
385 5266 428 5328 r),
450 5267 479 5316 et
493 5257 567 5315 idem
586 5258 654 5315 alibi
675 5276 682 5314 :
704 5259 827 5316 Christus
848 5259 939 5324 sadus
990 5259 1050 5315 Nisi
1068 5257 1272 5312 cernuntioocris
1283 5257 1379 5325 iniquo
1391 5257 1563 5325 iniquitatem
1574 5269 1662 5317 suom,
1673 5258 1786 5324 scepei-

149 5357 334 5426 estprocobis
346 5354 470 5410 obedieris
482 5353 734 5423 usqaendmortem
748 5351 879 5421 (Philipp.
894 5354 938 5415 tt).
991 5366 1051 5407 cem
1072 5351 1130 5420 ejus
1151 5350 1184 5405 de
1204 5364 1286 5404 muna
1307 5353 1355 5403 tac
1378 5351 1516 5418 requiram
1535 5348 1643 5413 (Erech.
1664 5354 1785 5412 xxxin).

153 5450 241 5505 Estote
252 5464 317 5521 ergo
331 5447 483 5504 imitatores
491 5446 551 5519 ejus
571 5446 616 5518 qui
631 5443 718 5516 sputis
732 5458 780 5515 pro
793 5443 871 5498 vobis
880 5457 939 5498 sor·
992 5443 1160 5501 Necessitate
1177 5441 1259 5514 igitur
1272 5440 1411 5509 clamabo,
1424 5441 1588 5497 necessitate
1607 5450 1717 5512 oportet
1728 5457 1786 5497 coro

151 5538 232 5597 didari
241 5541 360 5613 &psum
378 5540 406 5596 in
422 5554 504 5597 cruce
520 5538 652 5612 positum,
672 5544 775 5593 etcum
792 5535 942 5594 latronibus
991 5537 1090 5608 rigere,
1102 5551 1136 5591 ne
1151 5535 1263 5607 sanguis
1272 5542 1359 5590 vester
1368 5534 1401 5591 de
1417 5550 1501 5591 mauu
1515 5549 1576 5589 mea
1593 5543 1743 5604 quaretur,
1754 5550 1789 5591 ne

151 5641 337 5705 computatum
350 5650 401 5708 pro
422 5632 539 5706 peccatu
559 5630 669 5698 vestris,
686 5628 772 5686 voluit
790 5628 940 5699 vulnerari,
993 5628 1174 5702 propeccatis
1195 5629 1290 5685 vestris
1309 5636 1371 5684 ante
1388 5627 1509 5699 iudicem
1524 5625 1711 5689 tremendum,
1726 5635 1789 5682 ante

151 5728 228 5785 etsie
243 5726 329 5785 duem
344 5727 393 5783 sibi
405 5726 556 5784 seeundum
568 5739 680 5781 carnem
693 5737 805 5795 ponere,
820 5731 851 5778 ut
867 5738 943 5779 vosa
990 5721 1112 5796 judicem
1134 5721 1240 5793 justum
1261 5730 1288 5776 et
1311 5720 1512 5776 immutabilem
1534 5718 1649 5791 ailligar.
1680 5720 1788 5773 viscera

152 5823 268 5892 maus
278 5820 412 5890 ablueret,
425 5819 562 5879 debitores
575 5835 631 5877 non
646 5820 746 5889 carnis,
763 5817 859 5891 spiritu
871 5815 942 5874 lacta
992 5816 1075 5887 igitur
1093 5815 1198 5887 pietatis
1218 5823 1350 5887 patema,
1376 5812 1476 5867 viscera
1492 5808 1691 5867 misericordiae
1709 5824 1799 5879 super
