3884 6158
143 278 197 335 see
653 304 664 311 -
711 276 810 333 unae
827 275 1010 333 secuuuus.
1028 305 1065 318 -
1081 277 1187 334 eersr.
1206 278 1238 333 x.
1603 266 1613 297 ¹
1743 282 1796 339 aro

142 418 200 486 qne
213 401 253 462 ,de
265 416 354 487 eausa
366 417 395 457 se
407 403 522 458 bomem
539 415 645 456 uocome
666 402 827 471 Pcpiemem
849 405 875 456 ct
888 402 948 456 ltu·
961 406 988 467 Α
1002 410 1100 458 notum
1125 402 1203 458 vobis
1222 410 1264 458 est
1286 402 1475 460 marchionem
1497 407 1620 463 Aeonem
1643 406 1671 463 iu
1692 408 1796 481 synode

145 480 280 529 ‘mim
291 488 435 545 ‘1²¹⁸th-
998 495 1077 552 nobis
1091 494 1261 568 promisisse,
1276 505 1304 553 et
1317 494 1399 553 fldem
1424 497 1453 553 in
1474 513 1588 555 manum
1610 508 1733 556 nomam
1746 501 1794 559 de·

178 616 358 673 Graeceius
366 615 520 688 episcopus,
532 629 628 671 servus
639 628 783 671 serrorum
796 615 857 682 Dei,
869 617 943 671 Bas·
997 587 1082 655 &⁵⁸⁰³
1104 604 1134 645 ⁸⁰
1159 589 1187 643 5¹¹
1210 597 1335 646 mmm
1363 590 1548 662 presentiam,
1575 593 1794 666 iu³⁰d⁰⁰u⁰qu⁰

143 723 231 765 rerer
245 708 321 775 duci,
332 716 360 766 et
369 709 427 782 ejus
441 708 687 777 dilectisssimi,
698 709 816 765 saltitem
825 716 854 765 et
866 723 944 781 apos·
998 697 1063 738 ⁰⁰¹⁰
1074 696 1327 749 ⁰⁰¹¹¹m⁰⁰⁰¹⁰¹¹¹¹¹⁸v
1342 698 1393 756 Pf⁰
1404 683 1543 741 “fidendi
1558 686 1664 743 ratione
1675 688 1718 744 ⁸111
1727 704 1795 745 00¹1·

142 802 257 859 topicam
269 803 498 859 benedictionem·
994 774 1064 849 jugii
1083 783 1239 832 venturum.
1259 777 1294 832 Et
1306 792 1357 832 nos
1371 776 1484 849 quidam
1497 776 1549 834 hac
1560 778 1594 836 de
1607 795 1688 837 causa
1701 780 1794 853 ipsum

176 894 481 969 Nonnmfugpfflm
492 894 610 968 mend
624 894 718 952 md,
730 894 945 952 mmmmm
997 868 1169 925 vocavimus.
1188 869 1365 927 Guilielmum
1383 870 1543 942 papiensem
1571 872 1741 946 episcopum,
1765 882 1794 931 et

141 988 247 1058 aliern,
262 990 334 1047 sicut
346 1006 408 1047 mus
420 998 567 1048 eorumest
580 990 627 1062 qui
638 989 793 1046 amicorum
803 987 943 1045 dilectioni
997 962 1174 1019 Hefibfflum
1192 961 1386 1032 Mutinfflmr
1412 963 1458 1034 (ΙΠἰ
1476 964 1707 1036 P¹⁰Pi¹¹q¹¹it⁸t⁰ffl
1729 984 1792 1025 ΜΠ·

141 1082 270 1140 inrident
284 1092 312 1139 et
335 1084 518 1139 unanimitati.
540 1084 575 1139 Et
594 1082 706 1157 quidem
726 1083 750 1137 si
772 1098 823 1139 nos
842 1081 944 1140 talibus
997 1055 1070 1160 ’ἰῷ
1090 1056 1190 1160 icimur
1215 1055 1249 1113 ἃᾶ
1275 1071 1327 1111 ¹¹⁰⁸
1349 1055 1440 1160 ’ΨΜ
1462 1072 1509 1127 ⁹⁰¹
1529 1057 1659 1129 ΘΡΜ88
1680 1069 1791 1118 ¹¹⁰⁸1f³⁵

142 1190 222 1233 aures
245 1176 331 1249 (quod
351 1175 423 1233 absit
431 1180 450 1243 l)
474 1176 606 1233 acclinare
624 1176 769 1243 vellemus,
789 1190 844 1231 nou
863 1176 942 1231 multi
997 1150 1188 1255 {mamma
1202 1156 1396 1254 q⁰³¹⁰¹¹¹¹⁸2¹⁰¹
1415 1150 1525 1205 veritate
1539 1152 1704 1224 P⁰¹⁰⁰S⁰st³e
1716 1152 1791 1226 dull(¹

140 1277 206 1327 sunt
229 1270 379 1342 inquibus
408 1271 524 1327 siucerae
546 1269 700 1326 dilectionis
717 1267 943 1325 aiiectumnebis
992 1242 1211 1347 1⁰⁸‘⁰¹¹}f⁰⁰f¹¹³
1233 1246 1292 1347 ⁰5⁰
1306 1241 1462 1347 ffdlulfflfloer
1478 1251 1640 1300 muam-
1665 1248 1790 1319 Qum·

142 1373 237 1435 ΡΜ,
250 1362 439 1421 crederemus·
454 1364 508 1421 Sed
519 1380 581 1431 ηοξ,
600 1363 670 1420 nihil
687 1361 742 1418 se„
756 1362 845 1434 popius
858 1378 941 1434 quam
997 1344 1058 1409 pter
1067 1335 1182 1408 dignum
1196 1335 1276 1392 nobrs
1289 1334 1398 1392 ardetur
1408 1343 1440 1392 ut
1453 1334 1568 1408 prelato
1582 1336 1733 1395 marchioni
1746 1356 1793 1410 per

139 1466 301 1530 suspectum
317 1458 441 1515 animum
463 1457 610 1531 fugientes,
627 1458 653 1512 in
676 1457 788 1513 ueritate
807 1456 884 1512 vobis
903 1457 941 1513 lo-

142 1551 255 1622 quimur
277 1550 353 1625 qued
376 1550 500 1608 innuitis
522 1560 657 1607 terrarum
677 1549 843 1622 principibus
857 1550 941 1607 tutius

140 1659 224 1716 quam
238 1646 267 1700 in
280 1652 369 1701 restra
387 1644 529 1702 nobilitate.
543 1643 729 1700 confidimus:
746 1643 875 1717 quouiaur
888 1644 941 1699 hoc

141 1738 235 1807 rerba,
246 1741 300 1794 hoc
314 1738 397 1807 iacta,
407 1738 460 1795 hoc
470 1739 523 1813 piae
534 1738 687 1795 devotionis
699 1737 800 1802 studia,
816 1737 869 1794 hoc
879 1737 940 1794 fidei

141 1840 238 1889 restrae
258 1833 390 1905 prmclera
405 1848 457 1890 nos
470 1830 623 1890 constantia
645 1830 807 1888 docueruut.
821 1834 878 1887 Nec
891 1831 942 1888 du·

142 1922 265 1983 bihamus
278 1926 346 1999 quin
357 1936 446 1983 vestra
466 1927 494 1982 in
508 1926 588 1983 uubis
602 1941 665 1981 vera
683 1924 798 1981 nitescat
811 1924 941 1994 charitas,

141 2034 206 2075 mm
219 2034 270 2092 per
283 2022 396 2076 Petrum
406 2036 512 2091 servus,
525 2028 553 2076 et
568 2021 667 2075 Petrus
680 2020 706 2074 iu
718 2033 796 2074 servo
809 2018 940 2091 diligitur.

141 2114 182 2169 De
202 2121 305 2170 caetero
325 2114 423 2171 scitote
448 2128 509 2181 nos,
533 2123 632 2185 praeter
650 2128 727 2185 spem
747 2112 870 2169 omnium
894 2113 941 2185 qui

141 2205 292 2264 uobiscum
322 2215 409 2277 erant,
445 2206 635 2263 iulirmitatem
660 2205 783 2278 corperis
813 2205 941 2275 erasisse,

139 2302 238 2375 etjam
260 2301 362 2358 bonam
386 2300 575 2358 valetudinem
594 2299 727 2371 recepisse
755 2319 764 2356 r
790 2300 865 2357 unde
888 2316 942 2356 no·

140 2394 182 2451 bis
200 2393 355 2452 dolendum
371 2395 462 2467 petius
482 2409 565 2467 quam
580 2392 756 2466 gaudendum
778 2408 838 2450 csse
861 2402 942 2466 puta-

140 2502 211 2545 mus.
235 2487 377 2546 Tendebat
397 2488 472 2544 euim
496 2488 588 2544 anima
612 2496 716 2555 nostra,
740 2496 768 2543 et
789 2495 848 2543 toto
872 2487 941 2543 desi·

140 2580 218 2637 derio
241 2580 278 2637 ad
298 2582 374 2639 illam
398 2580 514 2653 patriam
536 2580 692 2649 anhelabat,
714 2579 742 2635 in
762 2596 814 2652 qua
836 2581 881 2636 illc
896 2580 943 2652 qui

140 2674 266 2732 laborem
292 2684 320 2732 et
340 2675 464 2732 delorem
483 2675 650 2742 considerat,
669 2674 746 2730 lassis
772 2674 891 2746 quictem
915 2683 943 2730 et

139 2766 311 2841 refrigerium
342 2775 464 2841 prmstat.
499 2770 603 2825 Verum
634 2767 764 2825 reservati
791 2766 880 2823 adhuc
908 2767 942 2824 ad

141 2871 292 2919 comuetos
323 2862 434 2919 labores
464 2869 493 2917 et
523 2859 644 2918 infinitas
676 2860 886 2927 sollicitudines,
915 2877 942 2917 rh

139 2954 260 3028 aiugauas
281 2954 374 3028 heras,
394 2955 471 3029 quasi
494 2954 668 3027 parturientis
682 2952 791 3011 dolores
809 2963 837 3010 et
856 2969 942 3027 augu-

140 3048 208 3105 stias
232 3050 359 3122 patimur,
375 3049 443 3107 dum
470 3065 538 3122 pene
559 3049 587 3105 iu
601 3047 686 3105 oculis
706 3047 807 3105 uostris
830 3046 941 3104 naufra-

139 3141 938 3215 gantemlicclesiamnullovalemuseripereguberuacule.

97 3264 103 3275 ·
140 3236 198 3292 les
215 3236 291 3293 enim
307 3245 336 3294 et
353 3238 448 3310 religio
467 3236 622 3295 Christiana
645 3236 682 3291 ita
696 3233 754 3291 fere
773 3234 874 3308 ubique
890 3234 938 3291 dc·
958 3216 980 3279 C

140 3329 231 3403 periit,
248 3338 279 3386 ut
301 3331 443 3398 Saraceni,
464 3341 491 3388 et
504 3331 620 3403 quilibet
644 3329 758 3402 Pagani,
787 3343 852 3385 suos
873 3328 943 3385 ritus

140 3422 250 3480 minius
266 3432 381 3480 teneant
399 3439 481 3496 quam
502 3424 538 3479 illi
558 3423 605 3497 qui
627 3423 814 3479 Christianum
841 3436 942 3478 nemen

140 3526 314 3590 acceperunt,
328 3517 379 3588 [et,
392 3517 492 3589 quibus
502 3517 532 3572 in
546 3532 630 3590 regne
640 3516 730 3573 Patris
743 3531 792 3588 per
802 3514 942 3572 Christum

141 3610 289 3668 hereditas
311 3619 338 3667 et
352 3619 464 3668 ueterum
484 3610 548 3667 ritae
569 3611 653 3684 gloria
669 3618 760 3682 parata
775 3616 826 3675 est,
842 3608 942 3665 divium

141 3704 208 3777 hgis
219 3704 351 3761 mandata
364 3703 533 3774 custodiant]
547 3709 630 3773 titel).
652 3706 712 3774 Quo
728 3703 817 3760 miuus
838 3702 941 3758 miran-

142 3796 209 3855 dum
225 3808 269 3855 est
290 3799 311 3854 si
333 3797 416 3871 hujus
430 3797 497 3854 lucis
519 3812 656 3855 aerumnas
670 3812 717 3870 spe
736 3811 863 3868 supernae
876 3812 940 3853 cou-

142 3892 284 3950 mistionis
298 3891 392 3963 lugere
406 3892 541 3963 cupimus,
555 3892 610 3962 qui,
626 3892 653 3947 iu
669 3891 711 3947 bis
726 3890 818 3963 positi,
839 3890 866 3945 in
883 3890 941 3946 sola

143 3986 295 4060 cognitione
322 3984 515 4042 inundantium
547 3984 734 4056 periculorum
768 3984 941 4057 singulorum

145 4092 235 4151 peenas
244 4080 359 4137 luimus.
372 4081 508 4136 Praeterea
529 4079 628 4135 scitote
641 4077 796 4134 liebertum
811 4077 940 4135 Guiscar-

145 4170 207 4229 dam
220 4188 296 4246 saepe
310 4172 447 4245 supplices
461 4172 563 4246 legates
575 4170 609 4228 ad
620 4185 672 4227 nos
685 4169 806 4235 mittere,
820 4178 848 4227 et
858 4180 941 4228 mute

148 4264 282 4324 dictitatis
305 4266 482 4323 securitatem
503 4281 532 4322 se
546 4266 574 4322 in
587 4279 688 4321 manus
697 4272 808 4322 nostras
821 4263 880 4319 dari
894 4280 942 4320 cu-

150 4372 216 4429 pere,
231 4368 264 4416 at
282 4375 367 4416 nemo
387 4375 513 4432 unquam
524 4357 638 4415 firmiori
653 4357 820 4430 obligatione
834 4373 864 4414 se
879 4373 939 4413 cur-

150 4450 208 4509 libet
228 4450 347 4509 domiuo
369 4451 468 4509 debeat
481 4451 523 4508 uel
540 4452 627 4524 possit
640 4451 800 4523 astringere.
817 4450 869 4507 Sed
890 4466 941 4505 nes

152 4558 199 4603 teu
221 4546 341 4603 incertas
362 4545 482 4603 rationes
503 4561 553 4602 cur
566 4544 632 4602 illud
646 4544 683 4601 sit
703 4544 794 4600 adhuc
808 4542 938 4601 ditiereu—

156 4733 245 4790 ttolicar
261 4733 464 4807 procurationis
476 4732 589 4789 consilia
604 4730 807 4804 praestolamur.
825 4730 939 4787 adhaec

159 4824 256 4911 alteram
272 4836 397 4884 restrum
416 4826 469 4883 hoc
492 4827 659 4898 intempore
676 4826 939 4898 transalpinaturam

161 4914 343 4989 htellcximus3
366 4919 414 4977 sed
433 4920 517 4992 prius,
542 4919 564 4975 si
586 4918 644 4974 lieri
667 4927 770 4991 posset,
795 4917 938 4975 ambarum

996 1439 1103 1486 certum
1128 1438 1248 1486 vestrum
1274 1429 1401 1487 nuntium
1421 1430 1557 1487 mandetis
1583 1439 1717 1505 quatenus
1745 1448 1793 1505 per

993 1531 1097 1579 terram
1111 1531 1229 1580 vestram
1238 1523 1266 1579 in
1280 1522 1371 1580 eundo
1389 1531 1417 1578 et
1431 1523 1569 1580 redeundo
1582 1540 1695 1582 securus
1707 1534 1794 1583 nana·
1899 1516 1906 1527 “

995 1615 1034 1673 ire
1047 1617 1143 1689 possit,
1164 1634 1209 1685 ne,
1233 1616 1374 1673 occasione
1386 1617 1468 1673 vestri
1487 1616 1595 1673 timoris
1609 1618 1636 1673 iu
1649 1617 1700 1675 hac
1716 1627 1793 1691 parte

992 1710 1095 1782 justitia
1110 1709 1268 1767 Christianae
1282 1710 1347 1782 legis
1362 1709 1556 1766 detrimentum
1568 1711 1677 1767 sentiat.

956 1806 980 1868 Β
1032 1807 1100 1861 Data
1122 1806 1220 1860 Roma
1239 1803 1346 1860 decimo
1367 1813 1463 1859 octavo
1476 1802 1616 1861 Kalendas
1630 1805 1794 1864 Novembris

997 1896 1142 1954 indictione
1156 1896 1264 1954 decima
1278 1896 1367 1953 tertia.

1287 1992 1465 2048 EPISTOLA
1484 1992 1523 2046 X.

1034 2099 1075 2140 sb
1087 2098 1217 2141 UDONBH
1232 2098 1451 2141 reserassent
1464 2097 1755 2142 sacntsrrscormt.

1293 2184 1384 2243 (Anno
1406 2183 1499 2244 1074.)

997 2274 1145 2330 Cororriittit
1165 2273 1191 2327 ei
1205 2276 1231 2326 et
1248 2274 1368 2342 episcopo
1390 2273 1506 2327 liciensi
1521 2286 1631 2326 musam
1643 2288 1703 2342 quc
1722 2274 1793 2329 inter

1034 2345 1180 2399 ihilertsem
1204 2346 1354 2413 episcopum
1373 2349 1399 2398 et
1421 2342 1567 2413 quecutdom
1592 2343 1649 2399 e'us
1666 2344 1792 2399 clericum

1030 2416 1199 2470 seruabatur.
1216 2417 1304 2471 hleoet
1313 2420 1343 2469 ut
1356 2414 1434 2469 iilum
1443 2418 1532 2469 tubam
1541 2429 1571 2468 re
1629 2418 1650 2481 t,
1662 2419 1689 2470 et
1702 2418 1795 2471 ‹rmoia

1031 2489 1123 2541 urbicio
1140 2488 1166 2541 ci
1177 2488 1286 2541 restitui
1295 2486 1392 2555 jubeat
1408 2505 1416 2539 :
1430 2489 1498 2549 tam,
1513 2487 1664 2541 convocetis
1684 2486 1793 2542 licitere·

1032 2558 1109 2611 athaes
1136 2558 1252 2620 clericis,
1275 2558 1399 2626 inquiret
1419 2557 1452 2612 de
1467 2557 1586 2611 meridie
1609 2559 1735 2628 episcopi,
1760 2558 1795 2612 de

1031 2629 1128 2698 aquibus
1138 2630 1236 2683 certior
1251 2629 1309 2682 reue
1320 2630 1382 2697 fieri
1393 2632 1455 2683 cote
1465 2628 1610 2697 synodum

1031 2719 1793 2793 Gauconrusepiscopus,servasservorumDeiUoour

916 2861 922 2872 .
996 2815 1173 2871 Trevirorum
1193 2812 1406 2885 archiepiscopo,
1429 2813 1546 2869 salutem
1570 2821 1599 2869 et
1616 2814 1794 2886 apostolicam

997 2906 1223 2965 benedictionem.

1033 2999 1190 3057 Admonere
1202 3009 1239 3070 te,
1253 2998 1350 3068 irater,
1367 3007 1399 3057 ut
1412 3016 1444 3057 ea
1457 3015 1519 3072 quae
1533 2998 1582 3057 tibi
1593 3000 1794 3059 committimus

996 3094 1114 3153 fideliter
1127 3109 1234 3167 ageses
1250 3093 1391 3159 charitate,
1408 3101 1438 3151 ut
1453 3108 1516 3151 vero
1531 3092 1669 3162 velociter,
1680 3109 1713 3151 er
1727 3110 1794 3151 con·

996 3189 1112 3245 siderate
1128 3203 1272 3244 causarum
1291 3187 1332 3244 vel
1346 3196 1504 3260 temporum
1519 3187 1551 3245 tit
1566 3188 1749 3259 competentia
1767 3196 1795 3246 et

997 3281 1153 3338 necessitate
1168 3300 1175 3336 :
1191 3296 1252 3353 quae
1269 3280 1381 3353 quidem
1400 3290 1515 3353 utraque
1536 3282 1564 3337 in
1579 3280 1732 3353 subscripto
1747 3297 1795 3338 ne-

997 3375 1069 3449 gotio
1082 3374 1117 3430 ita
1129 3382 1156 3431 te
1170 3374 1313 3430 observare
1333 3374 1470 3442 volumus,
1486 3383 1527 3443 ut,
1539 3374 1793 3447 quedmadmcdum

996 3467 1141 3535 credimus,
1160 3466 1246 3523 ddum
1260 3475 1286 3522 te
1301 3475 1329 3522 et
1349 3465 1515 3524 indeiessum
1534 3468 1615 3525 nobis
1629 3478 1790 3541 cooperato·

997 3577 1056 3619 rem
1072 3575 1281 3633 cognoscamus.
1294 3561 1389 3616 Frater
1409 3560 1459 3617 iste
1471 3559 1615 3628 Tullensis‚
1634 3571 1666 3617 ut
1676 3559 1789 3625 fatetur,

995 3655 1111 3713 clericus
1131 3653 1166 3711 ad
1188 3654 1368 3722 nosveniens,
1383 3662 1550 3727 conquestus
1564 3662 1606 3711 est
1627 3654 1705 3711 nobis
1724 3671 1793 3728 quo·

995 3748 1071 3806 niam
1083 3748 1168 3805 iratus
1181 3748 1216 3804 sit
1232 3747 1256 3804 ei
1271 3745 1403 3804 deminus
1414 3763 1491 3818 suus,
1505 3746 1631 3805 videlicet
1647 3747 1791 3818 Tullensis,

996 3851 1025 3900 ut
1039 3842 1149 3913 dicitur,
1159 3840 1315 3914 episcopus,
1326 3856 1356 3899 se
1369 3841 1490 3898 exsulem
1500 3840 1613 3907 tactum,
1628 3841 1793 3899 etomnibus

994 3936 1078 3993 rebus
1092 3936 1150 3993 suis
1168 3935 1359 4009 exspoliatum,
1374 3934 1530 4006 supplicans
1551 3942 1581 3990 ut
1594 3934 1667 4008 apud
1681 3944 1790 4008 aposto·

994 4029 1074 4087 licem
1089 4030 1222 4102 pictatem
1241 4037 1382 4085 tanmrum
1397 4028 1572 4084 miseriarum
1585 4028 1703 4101 aliquam
1720 4029 1793 4085 inre·

995 4125 1069 4180 niret
1087 4122 1313 4180 consolationem.
1329 4120 1415 4179 Nobis
1431 4137 1495 4177 vero
1515 4137 1565 4178 cur
1577 4122 1630 4178 hoc
1653 4122 1704 4178 sibi
1726 4122 1793 4177 aeci·

995 4218 1068 4275 derit
1081 4216 1221 4291 diligenter
1242 4215 1451 4288 inquirentibus,
1469 4215 1560 4271 retulit
1577 4230 1607 4271 se
1619 4215 1791 4287 abepiscopo

917 4358 923 4369 .
994 4309 1142 4384 quamdam
1166 4309 1309 4366 ecclesiam
1332 4308 1493 4380 postulasse,
1520 4322 1583 4381 quae
1609 4306 1644 4364 ad
1669 4307 1793 4365 othcium

995 4403 1128 4460 custudiae
1146 4402 1220 4476 qued
1239 4401 1349 4459 tenebat
1371 4400 1449 4472 legali
1476 4400 1669 4457 eeurhtutione
1691 4400 1792 4459 dicitur

994 4498 1121 4554 attinere.
1141 4496 1200 4566 Qua
1220 4495 1255 4553 de
1278 4510 1308 4552 re
1328 4502 1487 4551 commotus
1511 4493 1664 4566 episcopus,
1681 4510 1744 4549 cum
1768 4495 1791 4550 ei

154 4634 168 4691 4
296 4640 302 4652 .
632 4638 637 4649 .
751 4636 756 4649 .
799 4637 804 4649 .
955 4584 1049 4648 iinon
1064 4591 1154 4647 solum
1167 4586 1614 4660 hancdenegarctecclesiam,sed
1627 4586 1790 4643 totumolll·

168 4654 209 4696 um
223 4639 444 4709 considerantes,
464 4653 589 4711 superate
611 4638 820 4710 dispensationis
832 4646 860 4694 et
873 4654 937 4709 apo·
1010 4684 1015 4695 .

992 4700 1065 4741 ctum
1076 4699 1124 4756 per
1137 4698 1275 4740 summam
1291 4681 1463 4738 interdiceret
1473 4680 1667 4747 obedientiam,
1680 4696 1792 4753 respon·

993 4770 1035 4826 dit
1048 4787 1077 4827 sc
1090 4786 1146 4827 nen
1160 4769 1258 4827 debere
1270 4769 1320 4826 sibi
1334 4766 1497 4825 obedientiae
1512 4768 1700 4834 reverentiam,
1723 4782 1791 4839 quo·

993 4862 1066 4915 uiam
1092 4857 1340 4921 archidiaconatus,
1365 4857 1584 4913 consecrationes
1603 4855 1791 4923 ecclesiarum,

993 4960 1021 5005 et
1041 4950 1113 5021 ipsas
1136 4946 1261 5005 ecclesias
1281 4946 1436 5013 vendendo,
1462 4945 1614 5002 Simoniaca
1636 4944 1734 5003 haeresi
1760 4960 1792 5002 se

163 5010 278 5086 coloquio
291 5014 332 5070 uti
347 5013 467 5071 multum
482 5014 669 5070 desideramus
687 5030 693 5066 :
709 5012 838 5084 quoniam
850 5019 939 5068 restra
994 5038 1240 5106 commaculasse„
1263 5053 1326 5093 ,um
1351 5036 1467 5092 munere
1488 5034 1609 5109 qmdam
1632 5035 1660 5090 pn
1684 5034 1792 5107 public,

163 5108 264 5179 arsitia,
277 5108 350 5164 sicut
362 5122 490 5163 sororum
507 5115 676 5173 nostrarum,
686 5119 714 5162 et
726 5105 844 5160 siliarum
853 5106 939 5161 sancti
995 5126 1171 5183 fornicatione
1181 5125 1295 5198 jaceret,
1309 5123 1343 5181 d,
1361 5139 1415 5195 qu,
1431 5123 1517 5180 qpum
1529 5124 1677 5196 genuisset,
1694 5139 1791 5197 quam,

165 5192 227 5269 eur,
237 5201 361 5259 incausis
370 5198 936 5273 ernegutiisuostrishabcredesideremus.
994 5232 1048 5290 qu,
1061 5232 1158 5273 mmo,
1171 5224 1244 5273 Μ
1259 5222 1431 5272 ,aeramento
1444 5222 1471 5269 et
1484 5213 1697 5286 desponsatione
1712 5212 1794 5269 raico.

167 5286 687 5367 ¹¹²¹¹⁰b51³lt³f⁰‘illidiumperlitumet
699 5291 940 5363 fessttssallffilssel
994 5322 1057 5362 rum
1072 5321 1150 5363 more
1162 5305 1215 5363 sihi
1225 5305 1380 5377 copulasse,
1395 5311 1424 5358 et
1436 5311 1565 5375 praeterea
1577 5302 1652 5375 quod
1667 5302 1792 5359 nonnulli

165 5380 272 5457 lderasus,
296 5388 324 5444 iu
348 5387 427 5443 omui
445 5386 587 5444 charitatis
606 5386 772 5444 exhibitione
796 5384 872 5442 vebis
890 5402 940 5459 pa·
994 5412 1059 5453 eum
1071 5395 1105 5454 ad
1116 5394 1305 5470 episcopatum
1319 5394 1445 5467 pactione
1459 5392 1567 5489 praemii
1582 5393 1737 5466 pervenisse
1749 5392 1792 5449 di.

164 5475 353 5549 ititwnfldim
365 5489 394 5537 ei
408 5480 572 5538 memorium
581 5490 698 5536 vestram
712 5479 741 5535 in
753 5479 854 5536 nostris
869 5495 938 5552 quo·
993 5494 1096 5543 carent,
1121 5486 1173 5542 Hip
1190 5485 1292 5542 auditis
1308 5484 1462 5556 episcopus,
1483 5482 1561 5555 quasi
1584 5482 1619 5538 de
1641 5481 1794 5540 manifestig

164 5564 209 5631 lib
226 5574 397 5633 orationibus
410 5574 516 5643 baberi,
535 5581 563 5629 et
587 5586 756 5647 (quanquam
781 5582 940 5646 peccateres
993 5575 1082 5648 culpis
1094 5575 1241 5647 poenitens,
1255 5572 1330 5630 etde
1344 5587 1393 5629 sua
1406 5571 1576 5629 correctione
1594 5577 1653 5626 tum
1664 5584 1730 5626 cum
1742 5568 1793 5626 hoc

162 5660 239 5737 flurs)
256 5668 364 5727 intente
382 5670 445 5727 Deo
465 5665 653 5726 commendari
673 5666 782 5725 scitote.
806 5669 938 5726 Preteree
992 5668 1065 5735 solo,
1090 5675 1151 5721 tum
1168 5680 1232 5720 curu
1255 5663 1362 5721 caeteris
1383 5660 1513 5719 hemon
1536 5660 1661 5733 loquens,
1680 5656 1791 5714 tandem

185 5830 251 5895 (wll
264 5828 353 5889 Unde
372 5827 480 5887 ἰωῖιιεῖι
492 5826 595 5885 munt
607 5826 637 5883 in
651 5826 751 5885 Mutiu.
