3870 6164
230 253 279 316 lsi
570 251 601 314 8.
618 251 781 312 eustosii
799 253 844 309 lii
862 243 960 309 PAPAE
979 245 1117 309 ossltttll
1135 246 1223 309 'PARS
1240 252 1262 308 i.
1278 279 1315 293 -
1334 242 1534 308 itssststltdll.
1820 244 1874 308 litt

229 381 296 439 dum
309 381 397 454 (loon.
416 383 440 449 1)
451 379 481 436 in
493 379 545 436 hac
553 379 709 436 intentione
725 384 852 434 mentem
864 383 943 433 tuam
964 376 1022 433 iliu·
1033 381 1062 445 Α
1076 380 1202 447 Romano
1221 374 1324 448 palatio
1337 375 1483 433 nobiscnm
1493 374 1619 442 mutriti,
1629 375 1752 432 multum
1765 374 1876 432 demde-

228 473 353 531 minsvit.
368 476 437 531 iiam
449 473 623 544 omnipotens
634 475 716 540 Deus,
727 470 773 543 qui
788 485 883 527 onmes
896 469 1023 528 homines
1076 477 1171 527 rantes
1182 469 1213 527 in
1221 468 1372 526 amicitiam
1383 476 1411 525 et
1418 485 1546 527 amorem
1554 468 1636 525 muni
1645 467 1786 537 devenire,
1801 466 1878 526 etde

230 567 288 624 snit
306 566 395 623 saltos
414 565 552 636 iacere,et
571 566 712 622 neminem
727 565 814 637 perire
829 566 859 633 (i
882 566 950 620 Tim.
970 569 1024 634 ιι),
1077 561 1120 620 bis
1139 578 1201 636 quae
1219 563 1257 620 im
1279 562 1402 635 patribus
1415 562 1518 620 nostris
1537 561 1672 635 piacwb
1691 560 1744 618 tibi
1763 560 1880 618 libenter

228 659 293 717 utlaii
320 666 364 717 est
384 658 459 732 quod
479 658 509 716 in
528 659 608 715 nobis
631 658 718 731 magis
737 656 872 730 approbet
889 671 975 729 quam
993 665 1024 713 ut
1077 657 1190 728 scrobe,
1201 654 1362 713 mittuutad
1375 663 1403 713 te
1416 656 1544 713 homines
1556 671 1635 724 suos,
1647 663 1681 712 ut
1701 670 1754 729 per
1768 669 1817 712 cos
1829 653 1874 711 in-

229 753 313 811 bomo
325 756 389 826 post
406 750 581 810 dilectionem
599 767 680 809 suam
701 750 845 808 bominem
867 749 976 822 diligat,
995 757 1025 807 et
1078 751 1183 825 telligas
1195 758 1332 823 quantum
1342 749 1543 822 inprudentem
1559 758 1587 806 et
1602 748 1727 807 nobilem
1742 747 1874 818 babeam,

228 845 303 919 quod
315 845 366 902 sibi
379 860 438 902 non
452 846 512 902 vult
522 845 595 915 lieri,
606 844 653 902 aiii
663 859 719 901 non
731 842 816 900 iaciat
826 843 939 913 (Mettis.
954 846 1023 911 vsi).
1076 853 1104 902 et
1125 852 1261 916 quantum
1283 843 1335 900 tibi
1358 844 1475 900 libenter
1499 843 1603 900 servire
1617 843 1702 900 veiint
1711 850 1739 900 ct
1752 842 1875 899 valeant.

227 940 307 997 Hanc
319 939 410 1010 itaque
420 938 580 996 charitatem
597 953 650 995 nos
663 945 691 994 et
703 952 752 994 sos
766 935 930 1009 specialibus
942 935 1024 993 nobis
1076 938 1153 1008 Quos
1175 936 1390 1010 magnificentiae
1408 945 1467 994 tuse
1479 935 1712 993 commendantes
1727 950 1874 1008 rogemus,

227 1048 309 1106 qnam
328 1033 434 1090 ceteris
446 1032 574 1106 gentibus
587 1030 734 1099 debemus,
748 1029 794 1103 qui
813 1045 900 1086 unuin
920 1033 1021 1097 Deum,
1076 1038 1180 1088 ut-earn
1189 1029 1365 1095 charitatem,
1375 1045 1460 1102 quam
1472 1028 1524 1086 tibi
1533 1030 1646 1102 unisque
1654 1028 1789 1085 omnibns
1800 1043 1876 1084 wm-

225 1125 289 1183 llcet
298 1126 404 1184 diverso
417 1125 512 1192 modo,
522 1122 660 1181 credimus
673 1132 700 1181 et
711 1123 889 1190 confitemur,
902 1122 948 1196 qui
958 1138 1022 1180 cum
1076 1122 1502 1196 perimpenderedesidersmus,
1516 1122 1557 1179 eis
1568 1136 1620 1195 pro
1632 1137 1728 1180 amoro
1738 1130 1837 1179 metro
1848 1130 1876 1179 st

226 1220 387 1289 malorem
394 1219 561 1276 saeculorum
572 1218 820 1291 etgubernatorem
832 1215 1023 1289 hujusmundi
1075 1216 1332 1289 recompensatione
1357 1215 1494 1273 fidelitatis
1523 1214 1721 1288 praedictorum
1748 1214 1875 1274 virorum

225 1311 349 1385 qnotidie
367 1311 513 1369 incidamus
531 1319 560 1368 et
573 1324 746 1368 veneramur.
762 1313 836 1367 Nam
854 1309 927 1367 sicut
946 1312 1021 1382 npo-
1075 1310 1238 1383 impendere
1258 1309 1379 1367 studeas.
1401 1308 1546 1366 Scitenim
1566 1311 1642 1366 Deus
1662 1309 1727 1382 quia
1749 1325 1818 1382 pure
1841 1308 1875 1368 sd

225 1406 312 1463 stolus
331 1404 424 1462 dicit:
444 1408 503 1477 ipse
515 1410 555 1462 est
567 1422 627 1477 pac
648 1409 742 1461 nosne
758 1407 809 1474 qni
825 1405 890 1472 fecit
906 1408 1023 1475 utraqne
1076 1402 1212 1460 bonorem
1231 1403 1284 1460 Dei
1296 1411 1324 1459 te
1338 1402 1496 1476 diligimus,
1512 1410 1542 1458 et
1562 1403 1681 1460 salutem
1696 1410 1725 1459 et
1738 1402 1875 1461 bonorem

225 1515 308 1555 unum
319 1498 426 1570 (Epites.
447 1504 494 1566 ss).
510 1498 565 1556 Sed
581 1498 652 1555 banc
663 1498 713 1554 tibi
724 1497 867 1570 qratiama
889 1501 949 1554 Deo
960 1513 1023 1554 cou-
1074 1504 1156 1552 mum
1172 1497 1201 1553 iu
1214 1496 1343 1568 prasenti
1356 1504 1384 1553 et
1395 1495 1423 1551 in
1432 1494 1527 1552 lutura
1539 1495 1596 1552 vita
1609 1495 1811 1553 desideramus.
1826 1502 1875 1553 st-

223 1607 331 1649 ccssam
342 1592 432 1663 piures
446 1591 580 1648 nobilium
593 1594 785 1648 Romanorum
796 1606 845 1664 per
858 1606 910 1648 nos
922 1606 1020 1666 cogno
1075 1604 1129 1664 que
1143 1596 1175 1645 ut
1188 1589 1245 1661 ipse
1263 1592 1338 1646 Deus
1351 1588 1380 1644 in
1400 1589 1493 1646 duum
1513 1588 1693 1647 beatitudinis
1706 1590 1875 1647 sanctissimi

225 1692 344 1752 scentes,
361 1684 513 1742 bonitatem
528 1692 556 1740 et
577 1684 697 1741 virtutes
708 1692 770 1741 tuas
788 1684 903 1741 omuino
927 1683 1021 1741 admi·
1073 1683 1236 1755 patriarchae
1253 1682 1372 1740 Abrabae
1386 1689 1449 1756 post
1463 1683 1545 1756 ionga
1567 1681 1651 1758 bujus
1664 1683 1729 1742 tite
1742 1683 1832 1758 spatia
1843 1691 1873 1741 ts

222 1785 320 1834 rantur
327 1785 356 1834 et
365 1775 523 1850 praedicant.
539 1779 613 1833 inter
625 1792 696 1851 quos
710 1777 765 1835 duo
774 1776 921 1835 iamdiares
929 1777 1019 1834 nostri
1032 1767 1057 1833 B
1073 1777 1206 1851 perducat
1221 1776 1305 1834 corde
1316 1786 1346 1836 et
1358 1793 1406 1834 oro
1427 1791 1569 1849 rogamus.

222 1870 367 1928 Alboricus
381 1877 410 1927 et
421 1870 542 1939 Cincius,
552 1879 580 1927 ct
590 1870 625 1927 ab
637 1869 693 1943 ipsa
704 1886 775 1944 pene
787 1869 974 1928 adolescentia
988 1871 1020 1927 in

629 2128 809 2221 LIBER
842 2130 1122 2238 QUARTUS
1155 2130 1458 2223 Rselstttl.

244 2295 328 2358 dono
347 2290 515 2357 dominice
535 2289 763 2353 iucarnationis
782 2264 945 2355 millesimo
967 2293 1187 2375 scptnuqcsimo
1206 2301 1302 2367 secto,
1323 2269 1486 2356 indictione
1503 2293 1619 2355 decima
1633 2293 1851 2376 quarto(387).

458 2425 636 2483 EPiSTOLli
654 2425 783 2482 PRIMA.
1072 2427 1108 2484 tis
1120 2447 1127 2485 :
1141 2430 1232 2486 lienus
1247 2429 1369 2492 eiectum,
1384 2426 1475 2498 sepulc
1488 2428 1678 2494 emersionem(
1687 2430 1703 2484 i
1713 2432 1787 2484 Petr.
1802 2427 1848 2501 ιι)
1864 2444 1873 2486 s

383 2547 426 2590 Α»
445 2546 621 2590 amomo,
640 2546 857 2592 cnpqsfflflos,
1074 2523 1185 2578 obedire
1195 2524 1283 2592 muqt's
1293 2526 1394 2593 oporiet
1408 2524 1462 2577 Deo
1476 2537 1559 2592 qnam
1574 2522 1726 2576 bominibus
1741 2521 1815 2588 (sec.
1830 2526 1875 2589 t).

516 2636 525 2707 p
531 2638 612 2691 Anno
631 2636 723 2707 10⁷6.)
806 2604 810 2609 ’
1072 2616 1146 2672 Nam
1161 2624 1255 2672 vestra
1268 2614 1428 2688 fraternitas
1438 2615 1554 2670 minime
1566 2613 1788 2687 ignoratqnanto
1801 2623 1872 2673 tem·

223 2737 352 2807 mm,
363 2736 397 2792 d,
407 2739 517 2793 Hm,-
531 2736 603 2807 καῖε
614 2738 743 2808 perfidw,
760 2743 786 2794 e,
799 2739 878 2793 mali,
892 2753 953 2808 quw
966 2727 1018 2795 gc,
1073 2725 1140 2780 pore
1153 2717 1248 2765 sancta
1264 2707 1384 2764 Ecclesia
1395 2707 1532 2764 inauditas
1542 2709 1691 2779 pravitates
1705 2716 1734 2763 et
1746 2707 1873 2767 diversas

256 2809 335 2864 eletio
352 2808 387 2863 ab
412 2823 441 2863 eo
457 2809 625 2880 potiebatur.
648 2811 736 2866 Monet
750 2814 781 2865 nt
802 2825 861 2865 enm
875 2811 912 2865 ad
926 2825 1019 2865 veram
1072 2802 1323 2883 iniquitatesregis,
1334 2808 1363 2856 et
1373 2801 1481 2857 utinam
1495 2800 1656 2870 Christiani,
1671 2809 1699 2856 et
1717 2801 1801 2857 vestri
1810 2818 1870 2860 sus·

253 2881 441 2951 mimmii
460 2884 612 2949 lii⁰¹i⁰0⁶l²ii
640 2881 713 2950 liwd
736 2882 762 2936 ⁸²⁴
779 2881 877 2936 andire
890 2882 1015 2948 ”libeliis
1071 2896 1166 2961 tinuit,
1180 2904 1208 2952 et
1223 2903 1334 2967 quantae
1352 2895 1441 2952 ruluae
1455 2903 1622 2966 quanteque
1634 2893 1795 2960 calamitati,
1810 2896 1870 2968 ipso

253 2950 738 3091 Ξὲζῖἒεξῖνᾜὲρὲῗζξξᾭῇᾖξὲᾝ
750 2967 873 3077 {0¹²2ng
885 2953 1016 3092 {men
1070 2988 1185 3061 antiquo
1199 2987 1279 3045 hoste
1302 2996 1413 3045 auctore
1435 2988 1616 3061 praecedente,
1639 2988 1738 3060 patuit.
1753 2989 1805 3045 Cui
1820 3004 1871 3046 nos

254 3092 411 3147 admittant.
430 3093 657 3162 litoreamque·
674 3109 691 3146 a
707 3096 885 3148 commem,
904 3096 975 3163 ,0953
988 3107 1016 3148 ω
1069 3081 1192 3139 fraterna
1210 3081 1358 3138 dilectione
1379 3090 1407 3138 et
1430 3097 1525 3138 amoro
1544 3082 1630 3153 patris
1644 3093 1670 3139 et
1692 3082 1790 3139 matris
1811 3082 1871 3154 ejus

252 3179 309 3219 ’¹⁰²⁸
326 3164 523 3245 §libidimis
539 3164 666 3221 viimi
678 3178 733 3219 ⁰⁸⁸⁸
746 3164 921 3239 dimitiis&-
1031 3164 1054 3230 C
1067 3174 1154 3241 ducti,
1167 3175 1256 3232 adbuc
1269 3175 1297 3230 in
1311 3175 1459 3232 diaconatu
1473 3175 1555 3246 positi
1569 3175 1771 3232 admonitionis
1786 3174 1870 3233 verba

251 3264 712 3337 Gsneos1us,episcopus,servus
725 3279 868 3321 serrorum
879 3264 940 3333 Dei,
952 3280 1017 3322 om·
1070 3269 1284 3337 transmisimus,
1306 3276 1334 3325 et
1347 3277 1496 3342 postquam
1515 3267 1550 3325 ad
1562 3268 1686 3327 cilicium
1709 3268 1868 3337 sacerdotii,

134 3416 137 3421 ,
218 3357 298 3416 nibus
312 3357 341 3415 in
355 3357 465 3415 Christo
475 3355 621 3426 iratribus,
631 3358 767 3431 episcopis
782 3356 918 3426 videlicet,
932 3357 1016 3417 abba·
1070 3361 1134 3419 licet
1143 3360 1258 3435 indigui,
1272 3362 1409 3432 venimus,
1421 3370 1452 3418 ut
1470 3361 1618 3434 respiceret
1636 3368 1827 3435 summopere,
1841 3370 1872 3419 et

216 3452 290 3509 tibus
302 3460 384 3524 atque
393 3450 595 3520 sacerdotibus,
607 3451 724 3508 ducibus
735 3452 831 3520 etiam,
839 3451 1017 3525 'principibus
1069 3453 1228 3527 frequenter
1249 3469 1298 3527 per
1311 3455 1385 3511 viros
1404 3454 1546 3529 religiosos
1567 3456 1785 3528 procuravimus.
1808 3458 1870 3529 ipss

215 3552 299 3617 atque
317 3544 461 3614 militibus,
477 3546 662 3619 omnibusque
674 3544 860 3603 Christianam
880 3543 965 3602 iidem
987 3552 1016 3603 ot
1069 3563 1133 3605 vero
1153 3547 1220 3621 quid
1233 3556 1330 3605 contra
1351 3547 1450 3621 egerit,
1474 3555 1502 3604 et
1522 3548 1663 3621 quomodo
1683 3549 1792 3606 maium
1817 3563 1870 3623 pro

216 3637 291 3695 beati
306 3639 379 3694 Petri
391 3639 526 3696 bonorem
541 3653 636 3694 revera
648 3637 834 3710 diligentibus,
846 3637 877 3693 in
886 3640 1015 3697 Romano
1067 3640 1143 3698 bono
1154 3639 1315 3708 reddiderit,
1326 3640 1366 3697 sei
1377 3641 1496 3714 qualiter
1504 3641 1664 3698 calcaneum
1675 3658 1756 3699 suum
1768 3648 1868 3713 sonim

216 3729 332 3802 imperio
347 3729 547 3798 babitantibus,
561 3730 677 3787 salutem
697 3738 724 3787 et
737 3731 916 3803 apostolicam
927 3731 1015 3788 bone
1068 3733 1182 3791 beatum
1192 3735 1307 3790 Petrum
1316 3732 1455 3807 erigendo,
1465 3742 1593 3791 sanctam
1603 3734 1765 3806 Ecclesiam,
1780 3750 1868 3809 quam

215 3822 375 3879 dictionem.
985 3835 989 3844 ·
1067 3826 1120 3885 sibi
1133 3826 1308 3899 omnipotens
1321 3829 1398 3883 Deus
1416 3828 1569 3897 commisit,
1593 3827 1718 3885 scindere
1733 3842 1869 3900 procurs-

249 3916 359 3972 Gratias
373 3915 482 3988 agimus
495 3916 681 3990 omnipotenti
692 3920 764 3990 Deo,
782 3919 830 3991 qui
843 3925 954 3990 propter
970 3917 1013 3973 ni·
1067 3918 1145 3988 serit,
1161 3928 1252 3977 restra
1263 3919 1341 3976 novit
1352 3919 1483 3990 ollaritas,
1497 3929 1526 3977 et
1539 3921 1688 3994 peremnia
1698 3920 1797 3977 mundi
1807 3921 1870 3997 jam

215 4009 301 4066 miam
310 4007 476 4066 charitatem
490 4025 569 4066 suam
578 4025 631 4082 qua
640 4009 736 4066 dilexit
751 4025 803 4066 nos
819 4010 930 4083 proprio
944 4009 1013 4068 Filio
1067 4013 1211 4087 personuit
1229 4013 1348 4071 climata.
1363 4012 1416 4070 Sed
1430 4013 1495 4086 quia
1515 4015 1604 4071 nostri
1624 4023 1665 4072 est
1679 4012 1761 4072 cilicii
1774 4012 1869 4071 bomi-

215 4109 272 4158 suo‘
285 4118 341 4159 non
360 4102 491 4176 pepercit,
517 4102 565 4160 sed
588 4103 735 4175 pronubis
756 4103 885 4160 omuibus
896 4101 1013 4160 tradidit
1066 4122 1126 4175 ues,
1141 4090 1197 4164 nou
1211 4106 1276 4164 vitia
1294 4105 1419 4179 diligere,
1432 4116 1461 4164 et
1474 4107 1576 4180 pravis,
1595 4116 1627 4165 ut
1638 4107 1805 4181 resipiscant
1824 4121 1868 4165 re-

215 4196 308 4252 illum:
323 4194 371 4269 qui
387 4196 462 4252 ultra
482 4195 625 4265 meritum,
638 4195 710 4253 ultra
726 4212 803 4269 sporn
823 4196 910 4254 otiam
928 4195 1011 4254 bono·
1067 4199 1173 4268 sistere,
1185 4208 1212 4256 et
1225 4182 1392 4272 impietates,
1418 4216 1475 4256 non
1495 4200 1623 4257 homiues
1641 4200 1799 4270 abhorrere,
1813 4216 1867 4258 au-

214 4305 277 4345 rum
290 4288 436 4347 bominum
451 4287 533 4362 [some
542 4288 681 4364 omnium]
691 4289 844 4349 Ecclesiam
856 4304 935 4347 suam
945 4305 1009 4364 pro·
1066 4293 1195 4351 ctoritate
1204 4291 1279 4350 beati
1289 4292 1366 4349 Petri
1376 4293 1567 4365 apostolorum
1576 4295 1708 4367 principis
1717 4309 1868 4352 monemus

214 4382 293 4456 tegit,
306 4382 442 4456 gubernat
453 4390 480 4440 et
492 4381 627 4440 defendit.
638 4384 722 4441 Scitis
733 4384 819 4454 euim,
833 4382 932 4441 batres
942 4383 1008 4442 cha·
1063 4402 1124 4455 vos,
1147 4394 1214 4441 etut
1226 4385 1406 4442 charissimos
1419 4384 1516 4443 iratres
1527 4402 1668 4461 rogamus,
1683 4384 1785 4444 amodo
1807 4394 1869 4443 sm.

213 4476 326 4546 tissimi,
341 4475 472 4550 quiahoc
485 4475 637 4549 periculoso
649 4485 784 4550 tempore,
799 4476 910 4551 quando
928 4477 1009 4533 Anti·
1025 4478 1128 4572 fidele
1141 4476 1219 4534 illum
1229 4475 1264 4533 de
1274 4493 1360 4534 mauu
1374 4477 1479 4536 diaboii
1493 4496 1599 4550 eruere,
1613 4471 1689 4537 etad
1705 4495 1797 4537 seram
1812 4497 1868 4553 poe

214 4570 333 4627 cbristus
346 4571 377 4626 in
391 4571 448 4627 suis
464 4569 598 4628 membris
614 4570 677 4645 jam
694 4579 837 4644 operatur,
851 4570 954 4643 ubique
967 4570 1008 4627 vix
1064 4570 1214 4628 nitentiam
1223 4586 1383 4643 provocare,
1393 4581 1426 4630 ut
1432 4588 1496 4630 eum
1508 4574 1658 4645 possimus,
1670 4576 1731 4632 Deo
1741 4572 1866 4645 favente,

213 4662 312 4735 aliquis
331 4665 403 4720 solet
423 4664 552 4734 inveniri,
569 4665 618 4738 qui
629 4680 721 4723 resera
735 4671 763 4721 et
775 4666 866 4721 Deum
881 4670 909 4720 et
923 4663 1010 4720 bono·
1064 4663 1099 4722 ad
1119 4665 1211 4720 sinum
1225 4663 1382 4721 communis
1405 4665 1627 4735 matrisnostrae,
1649 4681 1733 4739 quam
1746 4673 1867 4723 conatus

214 4771 274 4812 rem
296 4755 354 4828 ejus
367 4756 475 4830 diligat,
491 4758 549 4831 eius
569 4766 705 4831 praecepta
719 4757 842 4816 saectdmi
861 4756 1010 4815 commodo
1064 4764 1106 4814 est
1123 4756 1265 4827 scindere,
1280 4754 1401 4813 fraterna
1416 4756 1492 4814 ducti
1517 4758 1651 4816 charitate
1670 4774 1810 4828 revocare,
1825 4758 1865 4835 ita

213 4855 242 4906 et
254 4848 351 4921 gratim
365 4855 541 4907 temeuornm
557 4851 715 4924 principum
727 4859 878 4925 praeponat.
898 4849 1013 4907 sedilis
1064 4857 1160 4907 tamen
1177 4858 1210 4906 ut
1232 4850 1310 4907 nulia
1325 4850 1413 4923 possit
1433 4848 1529 4910 fraude
1548 4851 1668 4910 recidiva
1689 4851 1764 4909 clade
1779 4850 1866 4909 Chri·

213 4943 320 5015 quinon
330 4941 438 5013 repellit
448 4941 557 5014 piebem
575 4952 705 5011 suam,et
719 4943 842 5017 quotidie
853 4951 1012 5016 peccatores
1065 4943 1186 5000 stianam
1207 4943 1368 5017 religionem
1384 4942 1564 5016 conlundere,
1582 4953 1610 5002 et
1628 4954 1754 5002 sanctam
1767 4942 1851 5001 Ecrle

213 5035 369 5109 asinistra·
382 5035 410 5090 in
430 5033 573 5092 dexteram
593 5044 763 5105 commutat,
778 5052 827 5094 vos
840 5036 960 5109 propitio
978 5053 1011 5095 ec
1064 5037 1135 5094 siam
1147 5035 1263 5111 pedibus
1276 5037 1334 5093 suis
1348 5039 1520 5095 conculcare.

212 5142 309 5186 sereno
327 5129 404 5185 vultu
427 5129 554 5201 respexit,
582 5136 609 5187 et
629 5137 726 5187 contra
748 5145 817 5189 suos
832 5129 961 5187 inimicos
974 5129 1012 5188 nd
1100 5130 1180 5202 Quod
1205 5131 1227 5186 si
1245 5144 1293 5186 vos
1313 5145 1371 5186 non
1398 5130 1530 5200 audierit,
1556 5139 1584 5188 et
1608 5131 1749 5190 diabolum
1764 5128 1865 5204 polius

212 5218 328 5275 salutem
343 5218 496 5275 multarum
513 5219 639 5290 gentium
654 5219 755 5287 erexit,
769 5227 802 5297 ut
819 5220 909 5293 magis
932 5218 1011 5277 tobis
1064 5238 1150 5296 quam
1167 5222 1308 5279 ebrinum
1332 5225 1411 5297 sequi
1432 5226 1552 5299 elegerit,
1576 5234 1603 5282 et
1623 5241 1720 5283 eorum
1741 5226 1789 5299 qui
1811 5240 1864 5299 pro

211 5311 295 5368 libeat
308 5311 336 5367 in
351 5310 471 5384 periculo
497 5311 667 5370 transitoriae
677 5312 742 5370 sitae
759 5313 911 5371 consistere
925 5330 1011 5388 quam
1064 5314 1220 5375 simoniaca
1243 5315 1342 5373 baeresi
1351 5316 1413 5390 iam
1436 5319 1579 5391 perlonga
1600 5326 1725 5393 tempora
1741 5335 1864 5377 excom·

211 5404 307 5462 salerni
335 5406 418 5479 Regis
437 5404 555 5479 gloriam
568 5413 595 5453 o·
612 5404 749 5464 bonorem
761 5405 893 5465 humente
915 5406 1009 5483 gratiae
1063 5408 1198 5465 municati
1208 5418 1279 5465 sunt
1292 5411 1438 5468 consilium
1448 5412 1524 5468 vobis
1534 5416 1697 5485 praetulerit,
1713 5415 1806 5477 divina
1821 5421 1865 5479 in·

210 5505 387 5572 postponere.
408 5500 476 5556 iitec
490 5498 583 5572 itaque
604 5497 747 5571 iacientes,
763 5515 820 5579 pon
840 5516 908 5565 aure
922 5498 1009 5559 surda
1063 5501 1182 5575 spirante
1200 5504 1334 5574 potentia,
1349 5505 1432 5576 simui
1451 5505 1635 5576 iuveniamds,
1650 5508 1786 5584 simulque
1802 5522 1864 5575 sta·

210 5592 400 5665 apostolorum
413 5591 567 5666 principem
578 5592 719 5652 dicentem
736 5594 862 5652 mansitls
871 5597 920 5666 [s.,
933 5593 1009 5655 audi·
1062 5602 1185 5666 tunmus,
1196 5603 1229 5653 ut
1240 5598 1396 5657 Dominum
1412 5598 1518 5656 bomini
1532 5611 1734 5674 preponentes,
1749 5605 1866 5669 unirer·

250 5776 319 5844 liet)
333 5778 569 5834 Attamenomnes
581 5772 637 5833 iere
648 5775 684 5835 ed
696 5788 738 5834 xe
751 5774 890 5849 pertinent
976 5834 979 5845 ,
995 5828 1007 5843 .,
