3870 6164
117 295 151 349 83
612 336 615 343 -
734 297 763 355 S.
781 297 972 360 essecutus
991 298 1036 355 Vll
1055 296 1153 355 PhPh.
1722 288 1769 346 ‘84

119 417 208 488 Dixit,
221 426 250 476 et
260 420 345 477 eheu!
357 418 530 493 permittente
540 423 609 487 Deo,
623 426 680 478 mm
694 422 840 495 pessimum
851 422 914 482 faci-
927 430 953 493 A
1003 429 1049 481 st.
1065 420 1258 478 incrastinum
1277 432 1343 475 vero
1356 418 1457 475 iterum
1477 413 1512 472 ad
1524 414 1640 488 hospitia
1662 415 1769 486 Legato

120 528 173 568 nus
200 512 228 568 in
250 511 392 571 dominam
422 514 533 587 peregit.
553 516 624 571 Nam
649 514 819 573 delectabiles
842 518 919 575 cibos
968 533 1030 574 rum
1045 514 1245 580 convenientes,
1268 528 1318 585 pro
1338 528 1387 569 sua
1409 510 1568 567 necessitate
1590 507 1768 577 sublevanda,

122 621 226 662 veneno
247 605 363 664 infectos
386 607 497 678 obtulit,
524 624 640 681 eamque
660 609 726 666 nihil
747 611 812 667 mali
829 611 917 685 snspi·
951 627 1019 672 ¹eos
1031 609 1244 675 consulueruut;
1263 613 1440 680 suggerentes
1454 605 1492 660 eis
1508 601 1769 676 periculosissimum

121 700 366 757 eantemsimulata
387 699 551 773 benignitate
574 702 690 775 decepit.
712 704 798 776 igitur
821 706 919 763 Comes
971 713 999 762 et
1010 702 1183 762 irrevocabile
1195 701 1312 758 schisma
1329 700 1358 756 in
1371 707 1432 755 toto
1447 702 1545 771 Regno
1565 695 1699 765 futurum,
1717 694 1771 756 nisi

121 794 272 868 religiosus,
294 793 383 850 adhuc
398 794 426 851 in
440 796 553 853 robusta
570 804 652 853 aetate
674 798 810 868 viduatus,
836 800 919 858 nullis
971 801 1000 856 in
1012 799 1111 856 eodem
1134 799 1286 863 Conventu,
1305 803 1337 851 ut
1356 792 1583 861 deliberaverant,
1606 791 1635 847 in
1657 790 1771 864 alicujus

121 902 234 945 snorum
248 887 481 946 adhortationibus
501 888 536 946 ad
549 890 698 948 secundam
711 894 838 965 copulam
857 910 919 967 per·
972 894 1035 951 novi
1055 891 1150 965 capitis
1169 889 1356 947 sublevatione
1373 885 1568 954 confoederati,
1590 884 1655 942 iliud
1677 883 1770 941 anticl-

14 978 41 1037 ,ι’
120 982 226 1038 moveri
241 982 345 1055 potuit;
359 981 462 1052 dicens,
474 983 525 1040 sibi
539 984 697 1057 pudendum
709 995 736 1044 et
750 987 919 1045 horrendum
973 1003 1038 1062 pare
1057 986 1203 1044 festinaret.
1225 981 1319 1057 Legati
1346 990 1437 1038 autem
1464 979 1607 1054 legationis
1634 993 1692 1036 suae
1714 993 1771 1034 non

39 1088 51 1107 ··
125 1075 222 1145 videa,
237 1077 259 1132 si
280 1092 343 1132 cum
369 1075 475 1133 duabus
486 1079 622 1135 uxoribus
645 1096 825 1152 processurus
850 1091 922 1140 esset
970 1082 1169 1147 immemores,
1191 1078 1258 1135 satis
1275 1073 1468 1148 compendiose
1482 1074 1517 1132 ad
1539 1073 1599 1131 haec
1622 1071 1771 1146 responde·

16 1184 25 1203 ³
124 1179 186 1226 ante
198 1168 314 1226 tribuual
328 1169 426 1227 Christi
444 1171 472 1226 in
483 1172 527 1229 die
537 1172 642 1246 judicii.
657 1176 687 1231 fu
702 1183 812 1233 tantum
826 1187 920 1234 autem
973 1184 1049 1246 runt,
1065 1174 1115 1231 sibi
1127 1172 1238 1249 quidem
1259 1171 1395 1244 optimum
1414 1169 1496 1226 videri
1508 1211 1517 1239 ,
1529 1168 1550 1224 si
1573 1168 1657 1240 Regis
1671 1166 1772 1224 consti·

124 1261 240 1336 profecit
251 1279 300 1335 per
311 1263 437 1322 devotam
457 1264 641 1323 obedientiam
657 1271 738 1342 Papae
751 1271 835 1328 nostri
852 1273 921 1329 Gro-
973 1269 1179 1342 tutione,juxta
1192 1276 1288 1324 eorum
1309 1265 1480 1339 legationem,
1496 1263 1524 1318 in
1545 1261 1692 1319 adventum
1712 1264 1772 1322 Do·

125 1355 204 1429 gorii,
218 1364 322 1413 utante
345 1357 428 1414 finem
450 1375 540 1430 suum,
565 1377 648 1433 quem
671 1379 752 1421 senex
776 1374 804 1422 et
826 1367 922 1438 plenus
973 1365 1042 1422 mini
1057 1363 1206 1436 Papaesine
1228 1361 1348 1435 periculo
1362 1357 1473 1417 differre
1495 1365 1626 1430 possent:
1651 1365 1773 1414 ceterum

126 1447 232 1505 dierum
243 1450 345 1524 attigit,
360 1452 520 1525 quibusdam
533 1455 664 1512 virtutum
678 1458 761 1531 signis
777 1457 919 1530 effulserit,
975 1458 1127 1532 provisione
1140 1456 1226 1529 Regni
1240 1471 1295 1512 non
1315 1462 1373 1510 tam
1387 1453 1416 1510 iu
1430 1467 1528 1509 eorum
1546 1449 1670 1518 consilio,
1689 1464 1774 1522 quam

126 1551 155 1600 et
166 1544 324 1616 prophetiae,
339 1546 568 1617 quemadmodum
583 1549 609 1605 in
619 1551 752 1609 occisione
765 1552 810 1611 filii
826 1555 920 1626 patuit,
975 1554 1003 1609 in
1016 1553 1171 1625 Principum
1187 1549 1298 1606 arbitrio
1319 1548 1402 1604 sitam
1420 1562 1481 1603 esse
1499 1545 1634 1615 dixerunt,
1649 1544 1694 1617 qui
1714 1559 1774 1600 rem

127 1635 222 1708 (dono)
233 1638 421 1696 lesselflbflllssr
432 1642 559 1698 claruerit
573 1649 638 1710 (8³l·
977 1647 1112 1721 publicam
1128 1647 1155 1702 in
1169 1645 1295 1701 manibus
1307 1649 1447 1711 teneren13
1461 1657 1492 1697 ac
1504 1639 1587 1695 totius
1601 1639 1688 1712 Regni
1699 1636 1776 1694 dam·

163 1738 208 1787 82.
233 1734 305 1789 Huic
330 1734 416 1791 beatae
430 1736 624 1795 recordationis
643 1740 741 1796 Comiti
761 1757 817 1798 non
831 1743 922 1800 incon·
977 1758 1044 1799 num
1069 1741 1125 1824 sive
1154 1739 1305 1813 proficuum
1339 1737 1443 1809 optime
1465 1740 1644 1807 praenossent.
1679 1737 1776 1806 ltaque

126 1842 191 1900 grue
213 1827 368 1901 adjungitur
381 1830 512 1887 memoria
524 1831 650 1903 pretiosae
667 1835 764 1891 mortis
777 1839 809 1892 B.
826 1838 922 1907 Cincii,
937 1814 961 1877 Β
978 1836 1114 1908 Principes
1129 1833 1226 1908 Regni,
1251 1832 1286 1889 de
1301 1831 1418 1889 adventu
1440 1832 1522 1902 Papae
1540 1827 1645 1895 incerti,
1668 1828 1718 1883 sed
1741 1825 1776 1883 ds

130 1921 214 1978 Urbis
233 1925 332 1979 Romae
351 1923 494 1992 Praefecti,
519 1926 597 1998 eujus
619 1935 648 1983 et
669 1929 792 2001 superius
813 1931 926 1988 virtutes
977 1930 1097 1987 maxima
1110 1928 1277 1986 dissensione
1299 1934 1428 1982 eventura
1443 1932 1470 1980 et
1486 1920 1615 1996 periculo,
1642 1921 1664 1977 si
1681 1917 1776 1976 differ·

128 2013 245 2070 breviter
258 2014 460 2088 descriptlmus.
480 2019 562 2075 Hune
577 2020 694 2090 etenim,
719 2032 829 2095 propter
844 2024 926 2082 fidem
979 2033 1052 2093 rent,
1075 2021 1234 2090 certissimi;
1256 2028 1365 2092 accepta
1389 2017 1496 2074 licentia
1519 2032 1534 2072 a
1556 2014 1686 2088 Legatis,
1703 2012 1778 2087 apud

127 2107 926 2189 saepedictoetsaepedicendoPnpaeGregorioexhibitam,
981 2118 1172 2190 hfagontinum
1192 2113 1433 2186 archiepiscopum
1447 2117 1642 2177 convenerunt,
1664 2117 1691 2164 et
1711 2105 1777 2179 quid

128 2201 266 2259 Dominus
279 2213 372 2260 noster
391 2206 470 2262 lesus
484 2206 608 2264 Christus
626 2210 756 2284 martyrio
771 2214 926 2284 coronavit,
980 2213 1019 2269 eis
1030 2210 1166 2284 agendum
1188 2217 1260 2266 esset
1278 2206 1406 2279 singulari
1430 2204 1568 2279 diligentia
1588 2203 1704 2260 invicem
1724 2210 1778 2258 tra·

128 2295 240 2368 eiusque
259 2298 433 2369 sepulchrum
462 2300 590 2358 continuo
609 2302 701 2375 viginti
727 2305 873 2369 miraculis,
900 2308 928 2363 in
981 2313 1141 2363 oraverunt:
1163 2302 1366 2361 considerantes
1383 2300 1493 2375 quidem
1512 2314 1542 2355 sc
1560 2296 1594 2355 ad
1615 2296 1718 2353 nullam
1736 2295 1778 2353 di·

131 2390 242 2462 Synodo
256 2393 408 2449 numeratis
421 2402 448 2450 et
461 2394 590 2466 probatis,
613 2396 758 2455 illustravit
773 2402 836 2467 (84).
857 2402 928 2458 Nam
981 2400 1109 2457 lationem
1130 2398 1164 2454 ab
1187 2396 1475 2469 Apostolicocoactos,
1498 2391 1546 2450 sed
1566 2390 1619 2447 hoc
1632 2391 1659 2446 iu
1680 2405 1779 2446 eorum

129 2500 194 2540 euru
219 2485 308 2542 zelum
340 2487 450 2543 Domini
476 2487 606 2560 haberet,
629 2499 657 2547 et
678 2491 817 2549 exhiberet
844 2493 929 2551 fidem
981 2494 1095 2551 arbitrio
1110 2493 1314 2565 positumesse3
1336 2505 1389 2546 nec
1407 2487 1487 2545 alicui
1503 2486 1555 2543 nisi
1576 2483 1691 2556 sibiipsis
1704 2481 1780 2540 dein·

130 2577 280 2635 secundum
317 2589 439 2637 sanctam
474 2583 639 2655 apostolieae
672 2585 848 2644 institutionis
872 2587 929 2644 for·
981 2605 1046 2662 ceps
1065 2587 1257 2660 imputandum
1277 2584 1344 2643 fore,
1365 2584 1387 2640 si
1411 2581 1504 2640 dilutio
1525 2585 1646 2636 noceret.
1664 2578 1779 2650 lnsuper

130 2674 346 2741 mam,occisus
359 2683 400 2733 est
416 2676 450 2734 ab
465 2678 665 2751 apparitoribus
678 2681 849 2741 Henricianae
865 2698 930 2755 per-
982 2698 1012 2740 se
1036 2681 1137 2738 nullius
1172 2677 1348 2752 subjectionis
1372 2675 1530 2735 exhibenda
1560 2671 1680 2729 Henrlco
1710 2670 1780 2745 Regi

130 2765 284 2827 θθωῐῑθῦῑθ·
983 2775 1125 2843 obnoxios,
1139 2774 1194 2831 imo
1206 2790 1254 2846 per
1267 2771 1415 2845 apostolici
1433 2768 1515 2826 banni
1536 2765 1781 2839 transgressionem

441 2870 564 2929 CAPUT
582 2874 620 2929 X.
982 2868 1173 2939 damnandos,
1198 2868 1221 2924 si
1245 2866 1361 2940 aliquam
1388 2862 1583 2936 subjectionem
1611 2860 1679 2933 Regi
1707 2857 1782 2916 dein·

131 2973 278 3030 Casuentus
295 2974 512 3042 Fereltemieust's,
531 2975 670 3045 Rudolplti
680 2979 762 3046 Regis
774 2978 878 3048 electio,
890 2996 930 3037 se-
983 2978 1047 3036 θθῐ)8
1085 2962 1251 3020 exhiberent·
1283 2961 1353 3017 Nam
1390 2960 1482 3030 Papa,
1520 2955 1678 3028 priusquam
1717 2967 1782 3010 ⁸⁰¹³

184 3045 254 3100 dim
271 3046 462 3102 “smum
479 3050 504 3103 ⁶¹
519 3047 726 3103 &mummii
745 3052 874 3105 mnata·
985 3055 1234 3124 anathematizaret,
1256 3070 1289 3111 ex
1309 3060 1384 3126 parte
1397 3049 1591 3124 omnipotentis
1616 3046 1667 3103 Dei
1696 3055 1724 3102 et
1751 3046 1781 3105 S.

167 3153 213 3203 83.
228 3148 312 3203 Facto
333 3146 563 3218 igiturconventn
578 3147 650 3220 apud
665 3150 837 3215 Foreeheim,
858 3168 927 3224 prte-
985 3150 1056 3207 Petri
1084 3159 1112 3207 et
1137 3165 1196 3213 sua,
1225 3148 1261 3205 illi
1285 3150 1411 3220 Regnum
1441 3142 1601 3212 interdixit3
1631 3150 1658 3198 et
1685 3154 1784 3197 omnes

133 3239 182 3297 fati
197 3241 290 3311 Legati
305 3239 407 3297 litteras
430 3241 599 3313 apostolicas
616 3241 645 3299 in
665 3241 785 3299 medium
810 3246 930 3317 protule·
946 3202 1149 3304 cChristianos
1166 3243 1340 3315 juramento,
1365 3238 1439 3313 quod
1458 3237 1509 3295 sibi
1533 3235 1661 3292 fecissent
1679 3233 1721 3290 vel
1745 3232 1784 3289 fa·

131 3340 198 3391 runt
214 3350 222 3389 r
245 3333 334 3404 eram
350 3350 446 3407 parum
460 3334 588 3392 domiuus
601 3339 673 3410 Papa
692 3337 726 3394 de
749 3339 929 3410 promissione
983 3341 1053 3398 cturi
1074 3347 1175 3407 emeat,
1192 3336 1321 3405 absolvit,
1337 3342 1374 3404 et,
1389 3342 1421 3390 ut
1439 3331 1529 3389 nullus
1542 3331 1577 3401 ei,
1592 3338 1625 3387 nt
1641 3328 1785 3401 Regisen

131 3428 216 3500 Regis
230 3427 337 3485 laetatus
358 3427 449 3499 fuerit,
471 3445 536 3486 cum
559 3430 703 3488 adversarii
722 3432 848 3490 Ecclesiae
869 3434 930 3506 plus
985 3434 1064 3504 viret,
1087 3432 1247 3490 interdixit:
1272 3430 1317 3502 qui
1332 3437 1425 3501 postea
1439 3427 1473 3482 ab
1495 3442 1528 3483 eo
1551 3423 1782 3482 communionem

132 3520 264 3592 audaciae,
287 3538 369 3596 quam
393 3523 505 3580 terroris
519 3539 552 3580 ex
567 3526 708 3597 praesentia
727 3528 808 3600 Regis
829 3529 930 3602 accipe·
984 3537 1103 3596 tantum,
1124 3543 1180 3583 non
1208 3528 1347 3598 Regnum,
1376 3520 1442 3581 falsa
1467 3517 1642 3578 correctionis
1665 3514 1783 3594 promis·

133 3624 202 3672 rent.
226 3616 271 3674 Ad
292 3615 355 3685 hoc,
379 3617 496 3686 aiebant,
518 3633 581 3675 eum
596 3628 686 3692 petere
710 3629 741 3676 ut
760 3623 824 3678 novi
846 3622 931 3697 Regis
985 3623 1061 3679 sione
1075 3620 1253 3694 recuperavit.

133 3708 293 3765 electionem
315 3711 349 3767 de
361 3726 414 3783 qua
436 3709 570 3778 audierat,
591 3712 618 3768 in
636 3712 781 3770 adventum
802 3716 860 3788 ejus
880 3714 933 3773 dif·
1021 3723 1067 3772 85.
1089 3716 1151 3772 Hoc
1174 3715 1256 3789 igitur
1288 3712 1425 3785 Principes
1455 3709 1542 3783 Regni
1576 3707 1784 3780 diligentissime

132 3800 246 3875 ferrent,
267 3803 289 3859 si
311 3803 362 3860 hoc
383 3804 443 3860 siue
457 3804 576 3877 periculo
603 3807 660 3862 fleri
681 3823 761 3880 posse
781 3810 930 3883 perpende·
986 3809 1160 3885 perscrutati,
1184 3824 1213 3864 se
1234 3807 1345 3882 quidem
1365 3821 1379 3863 a
1402 3805 1487 3877 Regis
1515 3801 1625 3859 fienriei
1652 3807 1784 3873 potestate

64 3933 70 3939 -
133 3904 206 3952 rent.
231 3896 343 3953 Peracta
360 3899 442 3972 igitur
464 3899 608 3971 legatione,
629 3902 845 3975 archiepiscopi,
865 3905 930 3977 Epi·
987 3906 1105 3978 penitus,
1119 3913 1151 3961 ut
1164 3901 1324 3976 predictum
1340 3907 1397 3967 est,
1411 3898 1605 3970 emancipatos,
1625 3909 1677 3950 nec
1699 3908 1728 3948 se
1745 3891 1783 3948 iili

135 3990 223 4062 scopi,
237 3994 339 4058 Duces,
362 3992 546 4063 Marehiones,
571 3995 692 4052 Comites
715 3997 832 4070 majores
850 4007 932 4073 atque
986 4000 1062 4073 plus,
1083 4014 1165 4072 quam
1195 3997 1271 4053 illum
1294 3995 1345 4051 illis
1363 3993 1476 4066 alieuius
1498 3989 1633 4048 fidelitatis
1653 3985 1696 4043 vel
1724 3984 1788 4042 suit·¹

136 4084 265 4155 minores,
279 4085 399 4143 debitam
414 4088 592 4144 reverentiam
606 4091 714 4163 Legatis
728 4092 942 4164 impendentes,'
983 4091 1108 4166 jectionis
1132 4091 1306 4165 (juramento)
1333 4087 1483 4153 obnoxios;
1503 4093 1533 4141 ut
1551 4081 1626 4140 liberi
1649 4080 1785 4148 homines,

135 4194 183 4251 per
194 4194 354 4236 consessum
365 4181 464 4253 singuli
478 4191 673 4253 surrexervmt3
695 4194 732 4252 et,
754 4194 821 4257 quot
836 4195 932 4244 contu·
986 4185 1165 4258 Rudofphum
1184 4188 1288 4239 Ducem
1302 4184 1470 4249 Saevomm,
1482 4179 1582 4236 frustra
1600 4175 1719 4232 multum
1738 4188 1784 4229 re·

134 4272 224 4331 meliis
234 4281 262 4329 et
274 4282 342 4346 quot
355 4275 481 4347 periculis
491 4275 549 4348 jam
560 4277 593 4332 ab
609 4277 728 4335 ilenrico
742 4281 818 4353 Rege
838 4278 931 4338 affecti
985 4280 1132 4349 nitentem,
1152 4276 1307 4350 frustraque
1328 4276 1370 4333 vel
1401 4275 1482 4331 unius
1505 4272 1582 4330 horae
1609 4267 1729 4326 inducias
1749 4264 1785 4324 ad

136 4376 245 4437 essent3
269 4367 311 4423 vel
340 4383 369 4424 se
403 4368 558 4427 afficiendos
590 4369 648 4428 fore
674 4388 730 4429 non
760 4373 931 4446 dubitarent,
985 4371 1181 4431 consulendum
1202 4378 1350 4443 petentem,
1369 4368 1453 4443 Regia
1473 4366 1604 4440 dignitate
1625 4361 1788 4420 sublimave-

136 4463 245 4536 Legatis
266 4461 409 4519 lamentari
432 4467 597 4535 cmperunt3
616 4480 700 4537 seque
721 4467 802 4524 toties
824 4468 933 4526 insidias
986 4476 1051 4525 runt
1065 4484 1072 4522 :
1087 4466 1175 4522 virum
1194 4464 1309 4522 sanein
1331 4462 1484 4520 bumilitate
1506 4459 1687 4533 praecipuum,
1711 4452 1787 4527 regio

136 4556 194 4630 ejus
216 4555 287 4612 inter
300 4557 357 4629 ipsa
372 4557 446 4630 pacis
460 4558 605 4613 osculavit
626 4557 805 4632 evasisse,ut
825 4578 875 4618 nec
885 4563 931 4637 J'u·
946 4582 972 4644 ρ
986 4561 1085 4618 honori
1107 4568 1191 4618 aetate
1216 4567 1244 4615 et
1266 4558 1392 4615 moribus
1415 4556 1567 4624 idoneum,
1589 4554 1666 4624 eique
1686 4564 1716 4607 se
1740 4546 1789 4605 de·

136 4657 259 4705 ramento
276 4649 334 4723 ejus
345 4648 474 4724 deinceps
484 4651 610 4724 :aliquam
625 4652 709 4710 fidem
730 4654 855 4712 exhibere
873 4673 934 4729 pos·
988 4655 1047 4712 bito
1059 4654 1197 4712 fidelitatis
1216 4661 1387 4710 sacramento
1402 4649 1592 4708 subdiderunt.
1614 4645 1668 4718 Qui
1693 4642 1788 4715 utique

136 4751 206 4799 sent.
221 4745 282 4800 Hoc
293 4759 403 4816 quoque
414 4744 554 4815 addentes,
567 4761 597 4802 se
610 4747 712 4805 tamdiu
727 4764 789 4805 euax
805 4760 867 4823 post
885 4752 932 4810 de·
988 4753 1136 4822 Regnum,
1158 4764 1213 4804 non
1234 4757 1266 4805 ut
1287 4748 1445 4821 proprium,
1467 4743 1516 4801 sed
1538 4758 1589 4816 pro
1609 4736 1790 4811 dispositione

135 4837 300 4911 positionem
318 4838 466 4907 tolerasse,
491 4855 546 4895 non
567 4841 660 4913 utique
684 4850 715 4898 ut
736 4846 933 4905 correctionem
988 4842 1185 4900 sibicreditum
1204 4850 1346 4915 reputans,
1373 4854 1455 4896 omne
1474 4834 1669 4894 hereditarium
1688 4831 1736 4905 jus
1759 4831 1788 4886 in

136 4932 205 5004 ejus,
220 4940 315 5006 utpote
327 4933 434 5005 penitus
448 4932 636 5007 desperatam,
658 4948 866 5010 exspectareut;
885 4941 934 4999 sed
988 4953 1021 4993 eo
1041 4935 1201 5009 repudiavit,
1217 4943 1244 4992 et
1266 4935 1307 4991 vei
1321 4933 1377 4990 filio
1403 4948 1453 4989 suo
1475 4947 1503 4987 se
1517 4930 1570 4987 hoe
1595 4928 1790 4999 adoptaturum

135 5035 168 5083 ut
189 5026 352 5099 quibusdam
372 5026 546 5085 occasionem
569 5030 750 5087 calumniandi
785 5032 934 5107 auferrent,
990 5029 1047 5087 fore
1081 5029 1188 5104 penitus
1223 5027 1366 5102 abnegavit
1395 5045 1402 5084 :
1430 5023 1578 5100 justissime
1606 5023 1635 5078 in
1676 5016 1789 5075 arbitrio

136 5120 182 5192 qui
196 5118 310 5178 fortasse
328 5121 366 5190 ei,
387 5122 410 5178 si
432 5138 489 5178 non
502 5123 606 5181 tamdiu
627 5133 823 5197 expectaretur,
846 5144 935 5186 eorre-
989 5125 1147 5198 Principum
1170 5138 1228 5180 esse
1253 5123 1419 5191 decernens,
1437 5129 1469 5177 ut
1497 5126 1559 5192 post
1583 5123 1704 5173 mortem
1731 5112 1791 5185 ejus

136 5213 258 5270 ctionem
284 5215 456 5272 interclusam
485 5215 546 5273 fore
566 5228 796 5291 conqurerentur;
825 5229 936 5293 totaque
990 5219 1073 5275 libere
1087 5234 1144 5275 non
1161 5217 1246 5290 magis
1260 5215 1346 5271 filium
1365 5215 1423 5287 ejus
1437 5228 1521 5288 quam
1542 5213 1626 5267 alium
1648 5208 1789 5281 eligerent,

137 5306 183 5363 illa
196 5307 241 5365 die
261 5323 326 5364 cum
343 5308 501 5381 hujusmodi
526 5313 704 5385 querimoniis
722 5322 869 5385 mansueta,
885 5331 936 5375 nec
989 5312 1041 5369 nisi
1056 5310 1189 5383 quemad
1206 5309 1233 5366 id
1251 5308 1380 5365 culminis
1394 5316 1474 5366 aetate
1488 5315 1516 5363 et
1528 5320 1640 5362 morum
1658 5301 1790 5377 grauitate

137 5398 312 5459 medietatem
340 5402 502 5476 injuriarum
529 5405 580 5462 sibi
608 5406 742 5465 illatarum
776 5390 936 5471 edumerme
990 5404 1107 5477 dignum
1121 5403 1293 5460 invenissent.
1313 5405 1401 5483 rauna
1418 5398 1702 5475 igiturRudolphum,
1723 5395 1790 5469 legi·

137 5503 295 5568 Potuerunt.
989 5498 1055 5555 time
1075 5499 1191 5556 electum
1202 5538 1212 5570 ,
1238 5497 1444 5571 Arelriepiscopi
1468 5494 1646 5569 hfogontiuus
1667 5500 1695 5548 et
1713 5491 1792 5563 ffag-

171 5662 230 5727 (83)
245 5659 347 5716 hfirum
364 5668 405 5717 est
426 5661 498 5721 hunc
514 5679 649 5737 nusquam
669 5666 740 5723 inter
759 5670 936 5795 Augustanos
988 5661 1102 5717 cationis
1120 5658 1240 5727 decreto,
1254 5661 1344 5734 itaque
1358 5659 1415 5716 dies
1429 5659 1469 5716 sui
1487 5659 1577 5715 cultus
1597 5657 1656 5712 viro
1682 5650 1792 5710 restitui

136 5731 252 5788 Sanctos
271 5733 443 5789 nominatum
457 5735 578 5804 inveniri,
601 5753 633 5792 ac
647 5754 735 5810 neque
754 5738 788 5794 de
820 5754 870 5794 oco
891 5754 934 5797 ss-
988 5741 1091 5806 posset,
1112 5740 1169 5789 tam
1194 5734 1276 5806 dignu
1307 5734 1376 5788 inter
1408 5734 1542 5805 Martyres
1565 5726 1710 5795 bonorari;
1738 5730 1794 5797 ‘aut

32 5840 35 5845 -
136 5805 252 5873 pulturae
265 5802 306 5859 vel
318 5805 362 5861 die
374 5805 470 5862 mortis
484 5808 632 5880 quidquam
643 5809 704 5881 legi.
989 5804 1086 5863 saltem
1099 5805 1212 5862 sciretur
1227 5805 1273 5862 ubi
1288 5803 1411 5879 sepultus
1425 5802 1469 5862 sit.

172 5880 226 5941 tas)
244 5874 358 5935 Utinam
376 5876 507 5935 miracula
523 5879 569 5936 illa
583 5886 721 5939 exstarent
733 5894 800 5939 cum
827 5880 934 5941 mnud-
