3870 6164
143 251 194 305 887
648 244 695 302 ub
714 245 826 303 oratis
845 246 874 303 S.
892 244 1052 303 caecetur
1071 241 1287 300 serebamus.
1740 240 1789 297 088

140 372 240 430 illustri
261 372 397 444 martyrio
424 379 587 437 coronatus,
612 368 725 427 anbelus
747 370 876 428 occurrit.
904 375 938 428 Et
951 375 977 439 Α
991 364 1405 441 Quanquametsiillesignum
1419 362 1527 421 lecisset
1542 361 1791 431 nulium,nibilta·

142 481 208 523 cum
219 464 346 539 lacrymis
357 460 503 520 uberrimis
517 460 680 537 defunctum
693 461 848 533 infudisset,
861 463 939 521 obtu-
994 478 1099 520 menes
1107 462 1159 518 boc
1165 461 1224 533 ejus
1229 458 1409 530 derogaretur
1416 455 1615 526 sanctitati,sel
1620 455 1696 529 apud
1702 457 1790 525 onan,

143 560 175 616 lit
196 574 246 632 pro
260 573 294 616 eo
314 555 477 615 sacrificium
502 555 633 625 saltitare,
654 565 682 613 et
694 573 794 630 corpus
816 573 940 615 veneran-
992 554 1035 612 val
1044 555 1118 627 apud
1127 554 1262 613 immines.
1275 554 1358 625 Signa
1373 551 1474 624 quippe
1482 551 1663 609 sanctitatem
1671 565 1731 607 non
1738 548 1790 608 ets·

142 653 211 711 dum
224 668 289 709 cum
302 651 396 710 debito
412 650 559 708 bonorein
570 651 683 708 ecclesia
698 654 806 709 Sanctae
821 652 874 708 Dei
888 652 940 708 Ge
993 647 1297 719 ciuntsedostendunt.
1306 643 1791 718 Siqrridemdelmnneliapdsmpm

142 747 251 805 nitricis
275 743 454 803 sommendat
473 746 631 818 sepulture,
656 744 720 814 ubi,
739 746 774 803 ad
797 745 938 818 pmbanda
994 744 1389 808 inlecnctosmnlinum,nemo
1398 740 1790 810 maiorsurrecitfflcttbm),

142 841 213 899 tanti
226 840 278 898 viri
294 840 401 907 merita,
416 838 513 896 crebro
531 837 601 896 liunt
621 838 700 912 signa
713 839 846 897 virtutum
858 841 940 895 varia·
994 836 1172 909 Evangelium
1189 843 1336 893 attestatur
1350 832 1426 902 quod
1440 833 1550 906 signum
1562 831 1667 890 iecerit
1680 832 1789 891 nullruo

142 950 205 991 rum
227 934 256 991 in
280 932 388 991 laudem
412 932 462 990 Dei
484 931 574 989 Patris
587 933 794 1004 omnipotentis,
810 931 857 1005 qui
876 948 940 989 cum
996 935 1038 988 De
1055 931 1114 1003 ipso
1132 944 1242 1001 quoque
1273 927 1396 985 Domino
1419 928 1559 984 Salvatoro
1588 927 1731 999 scriptum
1749 937 1789 998 cst

143 1027 281 1101 unigenito
293 1027 363 1085 Filio
381 1042 433 1084 suo
453 1035 481 1083 et
498 1026 594 1099 spiritu
611 1034 707 1083 sancto
720 1026 787 1082 vivit
804 1034 832 1084 et
845 1034 942 1099 regnat
995 1024 1070 1098 quod
1096 1039 1153 1082 non
1167 1022 1262 1079 iecerit
1277 1021 1353 1095 signa
1373 1020 1469 1090 multa,
1485 1028 1601 1093 propter
1625 1019 1789 1079 incredulita

142 1124 275 1194 &asper
286 1120 454 1177 immortalia
464 1118 562 1178 secuta
572 1119 751 1179 saeculorum.
766 1124 870 1177 Amen.
995 1126 1053 1174 tom
1074 1115 1261 1190 quorumdam
1283 1119 1380 1183 (Marc.
1393 1119 1446 1180 rr).
1462 1113 1532 1185 Quid
1555 1129 1625 1187 ergo
1643 1113 1790 1183 mirumst

177 1214 296 1285 Quidam
317 1214 433 1271 clericus
456 1229 529 1272 saro
561 1213 687 1275 daemone
708 1220 869 1286 correptus,
897 1214 940 1269 rix
995 1219 1105 1269 sanctus
1129 1211 1197 1277 iste,
1217 1208 1342 1265 obstante
1361 1208 1414 1265 sibi
1435 1208 1614 1278 praeconum
1640 1216 1790 1281 temporeo

142 1308 238 1366 multis
252 1308 397 1382 ligantibus
410 1317 492 1380 atque
504 1307 680 1365 trahentibus
689 1307 724 1364 ad
735 1308 795 1380 ejm
806 1307 941 1365 tumulum
996 1303 1198 1370 incredulitate,
1217 1302 1286 1359 nibil
1302 1311 1432 1375 operatus
1450 1300 1544 1358 subest
1569 1301 1722 1371 virtutum,
1735 1302 1789 1359 nibi

142 1401 352 1474 cstperductus.
371 1402 423 1458 ilic
443 1403 537 1458 omnia
549 1400 675 1457 horribili
694 1400 815 1457 clamore
832 1417 865 1458 ac
878 1400 940 1458 diro
995 1399 1163 1455 sanitatum?
1183 1400 1282 1453 Verum
1306 1397 1394 1469 gratia
1417 1395 1507 1453 divina
1527 1410 1592 1468 quae
1618 1396 1788 1468 repromittit,

143 1486 229 1553 lelore
239 1497 369 1568 replebat.
384 1497 438 1551 Pro
451 1511 507 1567 quo
524 1510 589 1551 cuna
600 1493 698 1551 iratres
715 1495 865 1552 instantius
880 1510 941 1551 ora·
995 1492 1070 1566 quod
1091 1492 1148 1564 ipsa
1163 1490 1346 1564 glorificantes
1365 1504 1395 1545 sc
1415 1488 1560 1561 glorificet,
1576 1488 1656 1546 bunc
1671 1488 1788 1547 dilectata

142 1598 214 1658 rent,
228 1598 338 1662 repente
350 1590 464 1657 corruit,
482 1597 510 1645 et
524 1588 677 1645 videntibus
691 1590 810 1657 cunctis,
827 1589 941 1662 nigerri·
996 1602 1087 1652 suunt,
1103 1595 1133 1641 ut
1153 1584 1268 1641 dilectus
1287 1582 1366 1641 iieret
1378 1582 1557 1639 nibilominus
1574 1581 1749 1649 bominibm,
1767 1592 1788 1639 et

141 1697 220 1740 nrum
238 1683 397 1739 scarabeum
418 1682 554 1750 evomuit,
568 1681 615 1755 qui
635 1682 719 1740 etiam
732 1684 858 1755 protinus
878 1698 941 1739 nus·
996 1689 1028 1736 ut
1051 1679 1184 1736 memoria
1203 1677 1261 1748 eius
1283 1678 1312 1733 in
1335 1676 1526 1734 benedictione
1544 1683 1707 1743 constaret,
1722 1677 1787 1733 etian

140 1791 224 1850 quam
244 1777 408 1848 comparuit.
431 1776 596 1833 Laudabant
615 1776 733 1832 universi
747 1780 847 1833 neum.
863 1778 942 1849 isque
957 1755 982 1818 Β
997 1772 1186 1847 magnitudine
1198 1772 1340 1845 signorum
1361 1769 1478 1828 similem
1491 1769 1571 1827 illurn
1589 1769 1658 1827 iecit
1673 1770 1702 1827 in
1719 1770 1786 1844 glorie

141 1870 189 1943 qui
206 1869 354 1928 advenerat
375 1870 473 1942 ligatus
491 1878 521 1925 ct
540 1871 652 1927 insanus
660 1866 771 1938 ,banus
793 1871 905 1927 recessit
916 1877 945 1927 et
997 1877 1158 1926 sanctorum
1170 1867 1263 1934 (Eccli.
1279 1869 1376 1932 rosv).

139 1963 246 2021 solutus
257 1964 397 2021 anexibus
410 1964 510 2021 mentis
520 1972 549 2020 et
557 1964 692 2035 corporis.
1033 1961 1103 2019 Mihi
1123 1970 1215 2017 tamen
1233 1959 1306 2016 bunc
1333 1958 1433 2026 virum,
1454 1958 1496 2015 rel
1514 1957 1673 2031 quemlibet
1685 1957 1784 2015 aliomm

175 2058 247 2113 item
266 2056 354 2129 puella
374 2056 501 2128 mraedam
515 2056 660 2112 immundo
679 2055 776 2129 spiritu
790 2071 912 2128 pervasa,
926 2072 941 2113 a
998 2056 1157 2128 berirrsmodi
1172 2053 1245 2111 mira
1256 2051 1399 2111 facientem
1411 2051 1570 2125 diligentius
1581 2051 1713 2119 iumenti,
1722 2051 1784 2123 longe

106 2152 113 2161 “
141 2148 298 2222 parentibus
311 2158 354 2205 est
373 2149 409 2206 ad
431 2149 588 2222 sepulcrum
606 2149 655 2206 riri
679 2149 731 2207 Dei
757 2148 890 2217 adducta,
915 2157 943 2207 et
998 2150 1149 2207 mirabilior
1162 2147 1268 2205 videtur·
1282 2148 1340 2219 ipse
1352 2147 1399 2219 qui
1414 2144 1489 2214 iacit,
1501 2161 1588 2217 quam
1602 2160 1637 2203 ea
1651 2160 1714 2218 ortu
1723 2144 1783 2201 iacit

141 2242 202 2298 sine
218 2257 297 2299 mora
312 2241 438 2311 liberata,
458 2251 541 2315 atque
555 2251 659 2299 sanata
999 2244 1105 2300 Etenim
1123 2244 1144 2298 si
1158 2244 1187 2299 in
1206 2241 1288 2298 rebus
1309 2240 1509 2297 insensibilibus
1526 2241 1590 2311 plus
1610 2238 1783 2297 admirationis

177 2335 237 2391 Alia
259 2334 355 2392 itidem
376 2335 466 2407 puella
488 2336 647 2408 perplures
668 2351 755 2393 annos
773 2336 879 2393 lumine
899 2352 943 2393 or·
997 2338 1081 2395 babet
1099 2336 1211 2393 interius
1232 2335 1416 2392 consideranti
1435 2333 1550 2391 causalis
1569 2334 1643 2390 ratio
1664 2348 1723 2406 qua
1737 2330 1782 2390 ebi-

142 2429 218 2495 bata,
231 2444 279 2500 per
296 2428 392 2485 merita
409 2429 533 2502 ejusdem
553 2428 649 2486 iamuii
667 2431 731 2499 Dei,
751 2430 856 2497 lumen,
869 2430 942 2502 quod
996 2433 1045 2501 cit,
1059 2446 1143 2504 quam
1158 2429 1185 2486 id
1197 2429 1272 2502 quod
1285 2427 1416 2495 eflicitur,
1433 2428 1520 2484 multo
1538 2424 1652 2500 dignius
1664 2436 1782 2499 atgoere·

141 2523 280 2593 amiserat,
293 2521 406 2580 invenit.
997 2526 1117 2598 ligiosius
1135 2523 1297 2581 admiranda
1316 2531 1359 2579 est
1378 2522 1423 2577 illa
1437 2521 1579 2589 sanctitas,
1599 2535 1665 2594 qum
1680 2520 1707 2577 in
1727 2534 1781 2575 con·

176 2615 277 2673 Mulier
289 2614 415 2688 quaedam
432 2614 537 2673 babens
548 2615 637 2673 illium
653 2617 797 2689 parvulum
814 2632 831 2672 a
847 2616 942 2673 nativi·
996 2630 1092 2692 spectu
1105 2617 1207 2674 divinae
1224 2617 1374 2690 majestatis
1387 2616 1427 2673 sic
1447 2616 1539 2688 piacet
1550 2623 1580 2671 et
1593 2621 1781 2688 acceptamr,ut

141 2717 198 2771 tate
212 2716 321 2766 mumm
334 2717 363 2766 et
377 2709 516 2778 claudum,
533 2709 569 2767 ad
585 2710 740 2782 sepulcmm
753 2710 874 2783 episcopi
891 2710 942 2765 mi·
997 2714 1056 2787 ejus
1069 2714 1167 2770 intuitu
1180 2720 1207 2768 et
1220 2712 1379 2769 interventu
1389 2710 1534 2767 bominum
1548 2709 1683 2782 pellantur
1693 2708 1780 2766 incone

140 2802 287 2861 serendum
309 2802 450 2874 deposcite
474 2805 588 2877 ipsaque
612 2804 770 2861 miseranda
792 2820 857 2860 cum
877 2803 943 2859 lietu
997 2808 1090 2875 moda,
1116 2815 1143 2863 et
1167 2814 1269 2880 optatae
1290 2814 1347 2861 taut
1368 2806 1522 2861 animarum
1541 2820 1627 2876 quam
1653 2817 1777 2875 corpomu

140 2911 241 2969 magno
259 2897 294 2953 ab
316 2897 430 2953 ecclesia
451 2897 545 2954 exivit.
566 2902 631 2955 Post
652 2898 796 2955 modicum
820 2914 886 2968 puer
904 2897 943 2953 lo·
997 2903 1178 2958 restituantur
1205 2900 1367 2972 sospitatem
1397 2898 1496 2964 multo,
1516 2898 1644 2970 inquam,
1681 2895 1777 2969 amplios

139 2989 219 3062 quola
238 2999 266 3047 et
279 3006 373 3064 gressu
392 2991 531 3059 restituto,
546 3000 666 3049 matrem
684 2992 822 3049 insecutus
833 3000 874 3047 est
885 3005 943 3046 am·
996 2993 1158 3054 admiranda
1171 3003 1213 3050 cst
1226 2994 1283 3066 ipsa
1297 2993 1382 3057 intus,
1395 3008 1476 3064 quam
1488 3006 1663 3065 quartoque
1677 2988 1776 3047 mirmda

140 3083 240 3141 balans
248 3092 276 3143 et
285 3085 398 3158 loquens
406 3094 490 3143 recte.
999 3088 1064 3145 iacit
1078 3088 1156 3145 loris.
1173 3088 1309 3143 Miremur
1323 3102 1390 3158 ergo
1402 3086 1447 3144 alii
1462 3085 1555 3147 videre
1566 3100 1670 3155 amcos,
1685 3081 1776 3142 sautu

177 3177 295 3248 Quidem
317 3178 398 3237 miles
418 3194 467 3251 per
486 3194 534 3236 sex
554 3193 644 3237 annos
665 3186 760 3235 mente
781 3188 891 3251 captus,
915 3187 943 3235 et
960 3135 1157 3247 cambutam
1174 3181 1311 3237 mirentur
1324 3181 1444 3237 salutem
1456 3177 1775 3252 paralyticorumdemu

140 3273 299 3345 septalcrum
312 3273 373 3344 ejus
393 3272 453 3329 sine
476 3280 570 3329 mente
587 3273 716 3340 accessit,
739 3281 769 3330 et
790 3281 886 3331 mente
903 3288 944 3331 re-
998 3292 1066 3333 num
1089 3274 1199 3348 iugam3
1221 3290 1273 3346 ego
1295 3276 1387 3347 potius
1404 3272 1563 3331 admirabor
1584 3273 1655 3331 tanti
1672 3269 1774 3329 saisitis

141 3373 218 3437 cepta
231 3381 318 3424 saum
328 3368 449 3423 recessit.
998 3371 1107 3437 menta,
1119 3384 1181 3441 qua
1190 3369 1318 3425 taliatam
1332 3377 1458 3440 potenter
1469 3374 1622 3437 operantur
1634 3381 1715 3439 quam
1723 3365 1772 3436 ipra.

176 3461 255 3517 Alter
275 3459 390 3532 quidam
411 3460 497 3517 bomo
516 3467 592 3515 totus
612 3469 778 3528 contractus,
794 3471 823 3518 et
837 3461 944 3519 scabel·
998 3467 1040 3521 Tu
1055 3465 1145 3535 itaquo
1159 3463 1275 3534 praedica
1297 3462 1325 3518 in
1342 3460 1452 3518 laudem
1464 3461 1525 3529 Dei,
1541 3477 1605 3532 quse
1616 3468 1722 3517 sanctru
1737 3453 1773 3515 liri

141 3552 203 3611 lulis
227 3554 395 3626 quibusdam
418 3554 539 3619 innisus,
555 3553 629 3608 veuit
651 3553 686 3610 ad
708 3570 809 3626 corpus
833 3558 869 3611 S:
890 3555 947 3628 epi·
1000 3559 1105 3615 meritis
1115 3557 1175 3613 suis
1187 3565 1213 3613 et
1226 3556 1279 3613 lide
1299 3555 1453 3627 supplicum
1466 3563 1599 3625 operatur
1613 3555 1642 3611 iu
1654 3554 1720 3611 aliis.
1733 3553 1773 3622 ist

140 3648 215 3718 scopi
230 3648 367 3718 rependo;
382 3647 432 3703 sed
452 3646 598 3702 incomulis
610 3644 699 3703 iactus
712 3648 822 3715 exsiliit,
838 3657 867 3707 et
882 3664 940 3706 am·
998 3668 1108 3725 semper
1121 3650 1278 3709 admirabor
1299 3649 1432 3707 mirabilia
1447 3664 1509 3722 qum
1527 3648 1597 3707 fecit
1616 3649 1645 3707 in
1662 3648 1713 3705 viu
1729 3659 1772 3703 sus·

142 3738 264 3805 balabat,
277 3746 305 3795 et
315 3738 446 3796 laudabat
457 3738 623 3795 Dominum.
999 3747 1123 3803 Mirabor
1144 3745 1337 3812 bumilitatem,
1368 3743 1533 3811 castitatem,
1557 3744 1697 3814 pietatem,
1712 3737 1774 3798 mai

177 3834 247 3889 ltcna
267 3831 380 3904 quidam
397 3840 458 3888 toto
479 3847 594 3902 corpore
612 3832 758 3905 languidus
776 3836 819 3891 vix
839 3845 945 3892 susten·
1000 3850 1094 3907 tatem,
1111 3838 1297 3904 devotionem,
1316 3837 1527 3895 sollicitudinem
1542 3838 1570 3893 in
1594 3836 1714 3910 agendis,
1732 3847 1774 3906 pm

141 3933 217 3983 tante
238 3926 347 3993 baculo,
362 3925 489 3981 tumbam
508 3924 637 3981 antistitis
657 3927 743 3991 adiit:
763 3927 810 3985 sed
832 3928 947 3985 infirmi·
1000 3933 1121 3991 dentiam
1142 3934 1169 3988 in
1187 3931 1374 4005 disponendis,
1387 3931 1581 3988 discretionem
1609 3931 1638 3988 in
1657 3931 1774 4002 inpono

141 4028 197 4075 tate
209 4034 256 4090 per
270 4018 379 4077 beatum
395 4018 483 4074 uirum
495 4019 587 4091 pulsa,
601 4017 698 4076 baculo
709 4020 768 4093 jam
783 4036 841 4077 non
854 4022 945 4094 eguit3
999 4027 1053 4093 dis,
1075 4028 1101 4081 in
1123 4025 1274 4083 tolerandis
1294 4025 1540 4096 longanimitatem,
1565 4033 1596 4080 ct
1627 4026 1656 4081 in
1677 4019 1774 4081 aaroni

143 4112 208 4185 quit
221 4113 317 4169 lilium
331 4121 360 4169 θῑ
375 4126 472 4169 linum
486 4128 517 4168 ⁸0
529 4114 676 4185 persensii-
999 4120 1200 4176 fortitudinem.
1221 4122 1288 4176 ilaec
1300 4119 1436 4176 mirabilia
1451 4119 1513 4174 vitm
1534 4134 1594 4175 ettae
1607 4134 1660 4192 ego
1672 4110 1773 4173 nirano

178 4205 307 4274 Quodam
321 4215 456 4278 tempore,
474 4221 539 4263 crim
556 4208 648 4264 subita
667 4217 694 4265 et
710 4224 782 4266 saeva
797 4219 945 4282 tempestas
998 4215 1101 4288 judico.
1119 4215 1238 4270 maxime
1251 4213 1327 4285 quod
1338 4214 1441 4269 nostris
1452 4213 1626 4283 temporibus
1640 4213 1695 4269 baer
1707 4204 1775 4265 card

143 4306 252 4358 montes
262 4308 428 4369 contereret,
442 4308 470 4357 et
482 4309 553 4357 tecta
564 4300 714 4359 domorum
729 4312 757 4360 ct
769 4304 945 4362 ecclesiarum
1002 4324 1063 4365 mus
1075 4307 1193 4375 rariora,
1206 4322 1289 4378 quam
1301 4307 1346 4363 ilia
1362 4306 1450 4380 signa,
1467 4320 1529 4378 quae
1543 4315 1639 4363 muron
1657 4303 1774 4362 ermon

143 4408 176 4451 ec
190 4393 310 4451 turrium
328 4392 461 4463 dirueret,
484 4393 569 4452 irater
588 4394 703 4467 quidam
724 4406 817 4453 moute
838 4407 944 4471 captus,
1000 4416 1098 4459 omnes
1111 4409 1237 4457 secutura
1253 4401 1388 4457 Dominus
1409 4399 1554 4471 pollicetur
1573 4400 1671 4457 dicens
1688 4417 1696 4455 ι
1712 4398 1774 4466 siper

30 4484 33 4489 '
142 4487 173 4543 in
192 4488 343 4546 oratorium
361 4489 391 4544 S.
405 4487 556 4556 Michaelis,
572 4488 647 4560 quod
661 4488 814 4547 admodum
838 4492 866 4548 in
886 4494 942 4549 alto
1000 4510 1053 4559 eos,
1067 4498 1117 4566 qui
1126 4496 1297 4557 crediderint,
1312 4494 1367 4549 boec
1385 4499 1531 4564 sequentur
1546 4513 1554 4548 :
1569 4495 1604 4550 in
1617 4496 1719 4550 nomine
1736 4498 1774 4545 net

141 4582 227 4639 situm
246 4591 299 4649 est,
321 4582 490 4650 conscendit,
517 4583 622 4639 cunctis
642 4582 834 4655 ignorantibus
856 4594 885 4642 et
902 4587 941 4642 in·
995 4592 1128 4645 domestic
1140 4591 1247 4659 ejicient
1261 4589 1371 4657 (Metti.
1388 4592 1512 4654 rxvm),
1525 4597 1578 4644 ete.

142 4674 227 4731 terim
239 4675 416 4733 nocturnales
436 4676 529 4733 laudes
550 4675 738 4749 psallentibus.
757 4679 808 4736 Mic
831 4680 865 4735 ab
887 4680 942 4738 alto
1032 4688 1076 4739 Au
1094 4681 1185 4738 adbuc
1209 4681 1280 4738 forte
1303 4697 1358 4737 non
1381 4681 1497 4738 assentis
1521 4682 1583 4752 plus
1605 4681 1699 4738 mirari
1712 4677 1773 4733 siud

144 4768 173 4825 in
186 4768 394 4840 pavimenmum
412 4768 551 4841 delapsus,
561 4771 638 4826 vivus
649 4779 743 4828 tamen
755 4772 879 4830 sublatus
889 4782 941 4839 est,
996 4777 1083 4834 sancti
1106 4776 1154 4831 viri
1169 4791 1253 4848 qrtam
1275 4776 1370 4847 sigua?
1390 4790 1463 4847 quae,
1486 4775 1593 4832 occulta
1621 4774 1669 4831 Dei
1683 4767 1773 4847 puniit

144 4861 210 4919 licet
231 4877 288 4918 non
309 4862 390 4935 longe
407 4863 619 4934 supervicturus.
641 4864 744 4923 Eadem
772 4867 872 4940 quippo
887 4866 941 4935 die,
997 4873 1085 4939 sione,
1103 4885 1305 4942 nonnunquam
1324 4869 1426 4926 iaciunt
1443 4869 1530 4927 etiam
1553 4869 1602 4925 viri
1623 4860 1769 4925 noussacti·

146 4962 209 5027 post
219 4955 291 5011 sacri
306 4955 357 5012 olai
371 4955 539 5025 unctionem,
551 4966 580 5015 et
590 4957 693 5014 vivifici
706 4960 828 5032 corporis
841 4961 942 5018 Christi
997 4964 1074 5021 Nosti
1090 4966 1201 5037 quippe,
1215 4962 1413 5035 quodquidam
1426 4962 1536 5035 reprobi
1548 4971 1576 5020 et
1595 4960 1727 5034 reprobati
1744 4952 1771 5011 d*

145 5049 372 5106 communionem
386 5064 470 5106 carne
490 5050 598 5107 solutus
608 5060 659 5108 est.
673 5055 762 5109 Nemo
775 5052 882 5112 dubitet
891 5054 943 5111 boc
997 5058 1066 5114 cmri
1081 5067 1146 5114 sunt
1157 5058 1280 5113 Domino
1295 5074 1302 5111 ε
1320 5060 1413 5115 Nonne
1427 5060 1458 5111 in
1471 5059 1577 5113 immitte
1591 5062 1637 5113 mo
1648 5054 1773 5128 prepter·

145 5141 250 5199 meritis
276 5142 349 5199 beati
370 5141 419 5198 viri
443 5144 646 5211 ascribendum,
675 5147 754 5218 cujus
785 5147 942 5205 intermsio
995 5155 1092 5215 cimus,
1111 5154 1178 5207 etin
1198 5152 1510 5207 nominetuodmnonne
1525 5152 1661 5221 ejecimus,
1675 5153 1701 5204 et
1716 5149 1772 5214 sud

144 5234 290 5293 cadentem
303 5236 420 5308 excepit,
434 5253 468 5293 ne
485 5238 618 5310 sanguine
630 5238 703 5295 illius
717 5240 825 5297 basilica
837 5256 943 5315 resper-
995 5248 1083 5301 multo
1098 5247 1233 5313 fecimus?
1258 5246 1367 5303 (Multi.
1383 5250 1451 5313 vu.)
1467 5242 1520 5301 Sed
1534 5251 1606 5310 esto,
1626 5252 1675 5300 tuo
1691 5250 1718 5299 te
1730 5250 1772 5311 pfl·

144 5336 254 5402 geromr
278 5344 364 5401 quam
392 5330 449 5402 ipse
467 5332 589 5403 regalem
610 5333 703 5391 atulam
730 5338 788 5391 ileo
810 5350 842 5391 ac
856 5336 942 5393 beatae
996 5340 1077 5395 mitto
1097 5338 1212 5410 judicio.
1230 5337 1297 5392 btibi
1317 5346 1412 5394 tamen
1432 5352 1540 5408 semper
1562 5337 1773 5393 nairabuiusnr

144 5437 253 5494 cunper
263 5423 367 5496 Virgini
380 5424 476 5482 Maria
491 5425 797 5486 devotusconsecravit.
995 5432 1079 5489 stabit
1112 5430 1246 5504 pepulisse
1274 5447 1290 5487 a
1323 5431 1406 5488 corde
1436 5429 1594 5497 avaritiam,
1629 5427 1772 5502 superum

178 5516 271 5574 Hiset
289 5515 351 5574 aliis
364 5517 491 5591 plurimis
507 5519 705 5579 miraculorum
722 5524 816 5597 siguis,
831 5525 942 5596 qumod
997 5524 1145 5590 luxuriam
1170 5539 1253 5595 quam
1284 5524 1319 5580 ab
1353 5525 1472 5583 aliomm
1489 5523 1578 5580 oculis
1603 5524 1772 5583 credtatemtl

57 5684 60 5689 Ι
143 5618 268 5668 mam
281 5625 339 5666 non
356 5612 497 5669 credimus
518 5615 670 5685 pervenisse
684 5614 821 5686 notitiam,
837 5618 942 5692 magni·
996 5618 1129 5677 membris
1139 5617 1495 5692 aegritudinem,acorpore
1504 5617 1774 5677 daemoneml'ertm

83 5770 87 5777 Ι
145 5702 237 5761 amnt
247 5704 384 5762 Dominus
395 5704 566 5765 sacerdotem
576 5723 666 5778 suum,
677 5714 727 5781 qui
739 5713 770 5767 in
784 5712 942 5770 dicbussuis
996 5713 1060 5785 quia
1074 5728 1129 5769 nou
1141 5713 1469 5785 semperconstatnobis,
1484 5712 1531 5784 qui
1545 5712 1573 5769 iu
1590 5709 1776 5771 teneritas·

114 5852 118 5861 .
144 5798 248 5866 eleusii
272 5801 336 5867 Μ,
362 5804 388 5856 et
408 5801 532 5857 buculus
554 5806 595 5858 eat
612 5803 708 5872 iustus
726 5805 818 5873 (dccli.
844 5813 941 5873 surr).
996 5815 1094 5866 elnon
1116 5806 1144 5863 in
1166 5807 1258 5877 corde,
1275 5806 1322 5880 qui
1334 5807 1373 5865 sit
1384 5807 1507 5865 internus
1516 5814 1607 5865 statua
1627 5810 1776 5867 suumn·
