<?xml version="1.0" encoding="UTF-8"?>
<!DOCTYPE html PUBLIC "-//W3C//DTD XHTML 1.0 Transitional//EN"
    "http://www.w3.org/TR/xhtml1/DTD/xhtml1-transitional.dtd">
<html xmlns="http://www.w3.org/1999/xhtml" xml:lang="en" lang="en">
 <head>
  <title>
</title>
<meta http-equiv="Content-Type" content="text/html;charset=utf-8" />
  <meta name='ocr-system' content='tesseract 3.04.00' />
  <meta name='ocr-capabilities' content='ocr_page ocr_carea ocr_par ocr_line ocrx_word'/>
</head>
<body>
  <div class='ocr_page' id='page_1' title='image "./patrologiaecurs02unkngoog_0486.png"; bbox 0 0 3870 6164; ppageno 0'>
   <div class='ocr_carea' id='block_1_1' title="bbox 82 245 1279 316">
    <p class='ocr_par' dir='ltr' id='par_1_1' title="bbox 82 245 1279 316">
     <span class='ocr_line' id='line_1_1' title="bbox 82 245 1279 316; baseline -0.013 1"><span class='ocrx_word' id='word_1_1' title='bbox 82 250 86 260; x_wconf 69' lang='lat'><strong>⁴</strong></span> <span class='ocrx_word' id='word_1_2' title='bbox 140 264 190 316; x_wconf 78' lang='lat' dir='ltr'><strong>een</strong></span> <span class='ocrx_word' id='word_1_3' title='bbox 642 252 686 306; x_wconf 81' lang='grc'><strong>66</strong></span> <span class='ocrx_word' id='word_1_4' title='bbox 706 251 818 306; x_wconf 75' lang='lat' dir='ltr'><strong>opens</strong></span> <span class='ocrx_word' id='word_1_5' title='bbox 836 250 864 305; x_wconf 89' lang='lat' dir='ltr'><strong>s.</strong></span> <span class='ocrx_word' id='word_1_6' title='bbox 884 248 1044 304; x_wconf 81' lang='grc'>6666666</span> <span class='ocrx_word' id='word_1_7' title='bbox 1062 245 1279 304; x_wconf 78' lang='grc'>6666666666.</span> 
     </span>
    </p>
   </div>
   <div class='ocr_carea' id='block_1_2' title="bbox 141 366 1623 447">
    <p class='ocr_par' dir='ltr' id='par_1_2' title="bbox 141 366 1623 447">
     <span class='ocr_line' id='line_1_2' title="bbox 141 366 1623 447; baseline -0.013 -7"><span class='ocrx_word' id='word_1_8' title='bbox 141 382 260 440; x_wconf 81' lang='lat' dir='ltr'><strong>Maxima</strong></span> <span class='ocrx_word' id='word_1_9' title='bbox 283 377 433 447; x_wconf 88' lang='lat' dir='ltr'><strong>thuribula,</strong></span> <span class='ocrx_word' id='word_1_10' title='bbox 450 383 478 434; x_wconf 90' lang='lat' dir='ltr'><strong>et</strong></span> <span class='ocrx_word' id='word_1_11' title='bbox 491 374 599 445; x_wconf 89' lang='lat' dir='ltr'><strong>calices,</strong></span> <span class='ocrx_word' id='word_1_12' title='bbox 615 374 721 431; x_wconf 88' lang='lat' dir='ltr'><strong>tabulas</strong></span> <span class='ocrx_word' id='word_1_13' title='bbox 736 389 843 446; x_wconf 92' lang='lat' dir='ltr'><strong>quoque</strong></span> <span class='ocrx_word' id='word_1_14' title='bbox 864 373 936 429; x_wconf 86' lang='lat' dir='ltr'><strong>scul-</strong></span> <span class='ocrx_word' id='word_1_15' title='bbox 949 377 976 439; x_wconf 79' lang='grc' dir='ltr'><strong>Α</strong></span> <span class='ocrx_word' id='word_1_16' title='bbox 990 376 1080 444; x_wconf 77' lang='lat' dir='ltr'><strong>Atque</strong></span> <span class='ocrx_word' id='word_1_17' title='bbox 1090 370 1167 429; x_wconf 89' lang='lat' dir='ltr'><strong>ducis</strong></span> <span class='ocrx_word' id='word_1_18' title='bbox 1177 370 1245 426; x_wconf 90' lang='lat' dir='ltr'><strong>celsi</strong></span> <span class='ocrx_word' id='word_1_19' title='bbox 1256 366 1392 425; x_wconf 85' lang='lat' dir='ltr'><strong>Boniiacii</strong></span> <span class='ocrx_word' id='word_1_20' title='bbox 1403 366 1538 439; x_wconf 90' lang='lat' dir='ltr'><strong>sapientis</strong></span> <span class='ocrx_word' id='word_1_21' title='bbox 1615 381 1623 394; x_wconf 91' lang='lat'><strong>·</strong></span> 
     </span>
    </p>
   </div>
   <div class='ocr_carea' id='block_1_3' title="bbox 140 470 936 911">
    <p class='ocr_par' dir='ltr' id='par_1_3' title="bbox 140 470 936 911">
     <span class='ocr_line' id='line_1_3' title="bbox 828 475 870 523; baseline 0 0"><span class='ocrx_word' id='word_1_22' title='bbox 828 475 870 523; x_wconf 78' lang='lat' dir='ltr'><strong>tas</strong></span> 
     </span>
     <span class='ocr_line' id='line_1_4' title="bbox 142 470 881 642; baseline -0.012 -16"><span class='ocrx_word' id='word_1_23' title='bbox 142 570 234 639; x_wconf 73' lang='lat' dir='ltr'><strong>l‘allia,</strong></span> <span class='ocrx_word' id='word_1_24' title='bbox 250 569 383 642; x_wconf 83' lang='lat' dir='ltr'><strong>planetas,</strong></span> <span class='ocrx_word' id='word_1_25' title='bbox 406 563 531 638; x_wconf 77' lang='lat' dir='ltr'>pluvialia</span> <span class='ocrx_word' id='word_1_26' title='bbox 545 563 587 620; x_wconf 86' lang='lat' dir='ltr'><strong>vel</strong></span> <span class='ocrx_word' id='word_1_27' title='bbox 606 563 742 620; x_wconf 76' lang='lat' dir='ltr'><strong>duodenae</strong></span> <span class='ocrx_word' id='word_1_28' title='bbox 798 470 827 538; x_wconf 62' lang='lat' dir='ltr'><strong>[p</strong></span> <span class='ocrx_word' id='word_1_29' title='bbox 874 507 881 534; x_wconf 49' lang='grc'>’</span> 
     </span>
     <span class='ocr_line' id='line_1_5' title="bbox 140 656 766 732; baseline -0.014 -13"><span class='ocrx_word' id='word_1_30' title='bbox 140 663 273 719; x_wconf 77' lang='lat' dir='ltr'><strong>Exhibuit</strong></span> <span class='ocrx_word' id='word_1_31' title='bbox 284 660 399 732; x_wconf 90' lang='lat' dir='ltr'><strong>templo,</strong></span> <span class='ocrx_word' id='word_1_32' title='bbox 410 659 517 714; x_wconf 92' lang='lat' dir='ltr'><strong>sincero</strong></span> <span class='ocrx_word' id='word_1_33' title='bbox 529 656 665 728; x_wconf 82' lang='lat' dir='ltr'><strong>cordeque</strong></span> <span class='ocrx_word' id='word_1_34' title='bbox 679 663 766 722; x_wconf 90' lang='lat' dir='ltr'><strong>recto,</strong></span> 
     </span>
     <span class='ocr_line' id='line_1_6' title="bbox 141 747 936 828; baseline -0.014 -15"><span class='ocrx_word' id='word_1_35' title='bbox 141 759 202 813; x_wconf 87' lang='lat' dir='ltr'><strong>lloc</strong></span> <span class='ocrx_word' id='word_1_36' title='bbox 221 770 306 828; x_wconf 84' lang='lat' dir='ltr'>prope</span> <span class='ocrx_word' id='word_1_37' title='bbox 324 751 491 810; x_wconf 85' lang='lat' dir='ltr'><strong>vestibulum</strong></span> <span class='ocrx_word' id='word_1_38' title='bbox 512 750 656 823; x_wconf 90' lang='lat' dir='ltr'><strong>proprium</strong></span> <span class='ocrx_word' id='word_1_39' title='bbox 670 749 748 820; x_wconf 84' lang='lat' dir='ltr'><strong>jubet</strong></span> <span class='ocrx_word' id='word_1_40' title='bbox 772 763 831 804; x_wconf 89' lang='lat' dir='ltr'><strong>esse</strong></span> <span class='ocrx_word' id='word_1_41' title='bbox 844 747 936 820; x_wconf 92' lang='lat' dir='ltr'><strong>sepul-</strong></span> 
     </span>
     <span class='ocr_line' id='line_1_7' title="bbox 814 846 903 911; baseline 0 -14"><span class='ocrx_word' id='word_1_42' title='bbox 814 846 903 911; x_wconf 89' lang='lat' dir='ltr'><strong>[crum</strong></span> 
     </span>
    </p>
   </div>
   <div class='ocr_carea' id='block_1_4' title="bbox 140 935 936 1019">
    <p class='ocr_par' dir='ltr' id='par_1_4' title="bbox 140 935 936 1019">
     <span class='ocr_line' id='line_1_8' title="bbox 140 935 936 1019; baseline -0.016 -18"><span class='ocrx_word' id='word_1_43' title='bbox 140 945 173 1000; x_wconf 91' lang='lat' dir='ltr'><strong>ln</strong></span> <span class='ocrx_word' id='word_1_44' title='bbox 191 957 250 1019; x_wconf 95' lang='lat' dir='ltr'><strong>quo</strong></span> <span class='ocrx_word' id='word_1_45' title='bbox 269 956 347 999; x_wconf 88' lang='lat' dir='ltr'><strong>more</strong></span> <span class='ocrx_word' id='word_1_46' title='bbox 361 948 472 1013; x_wconf 88' lang='lat' dir='ltr'><strong>patrum</strong></span> <span class='ocrx_word' id='word_1_47' title='bbox 490 938 618 1010; x_wconf 88' lang='lat' dir='ltr'><strong>princeps</strong></span> <span class='ocrx_word' id='word_1_48' title='bbox 638 935 784 1008; x_wconf 90' lang='lat' dir='ltr'><strong>requiescit</strong></span> <span class='ocrx_word' id='word_1_49' title='bbox 798 935 936 992; x_wconf 87' lang='lat' dir='ltr'><strong>humatus.</strong></span> 
     </span>
    </p>
   </div>
   <div class='ocr_carea' id='block_1_5' title="bbox 143 1048 937 1225">
    <p class='ocr_par' dir='ltr' id='par_1_5' title="bbox 143 1048 937 1225">
     <span class='ocr_line' id='line_1_9' title="bbox 436 1048 623 1106; baseline -0.021 -1"><span class='ocrx_word' id='word_1_50' title='bbox 436 1049 555 1106; x_wconf 78' lang='lat' dir='ltr'>CAPUT</span> <span class='ocrx_word' id='word_1_51' title='bbox 573 1048 623 1103; x_wconf 94' lang='lat' dir='ltr'><strong>lll.</strong></span> 
     </span>
     <span class='ocr_line' id='line_1_10' title="bbox 143 1146 937 1225; baseline -0.016 -13"><span class='ocrx_word' id='word_1_52' title='bbox 143 1157 206 1224; x_wconf 83' lang='lat' dir='ltr'><strong>Quoe</strong></span> <span class='ocrx_word' id='word_1_53' title='bbox 221 1155 340 1225; x_wconf 83' lang='lat' dir='ltr'><strong>elqueIis</strong></span> <span class='ocrx_word' id='word_1_54' title='bbox 349 1153 406 1220; x_wconf 78' lang='lat' dir='ltr'><strong>suit</strong></span> <span class='ocrx_word' id='word_1_55' title='bbox 418 1165 489 1205; x_wconf 80' lang='lat' dir='ltr'><strong>eaeor</strong></span> <span class='ocrx_word' id='word_1_56' title='bbox 499 1149 620 1215; x_wconf 79' lang='lat' dir='ltr'><strong>ditonis,</strong></span> <span class='ocrx_word' id='word_1_57' title='bbox 636 1152 661 1203; x_wconf 84' lang='lat' dir='ltr'><strong>et</strong></span> <span class='ocrx_word' id='word_1_58' title='bbox 675 1153 740 1218; x_wconf 85' lang='lat' dir='ltr'><strong>quot</strong></span> <span class='ocrx_word' id='word_1_59' title='bbox 750 1147 819 1216; x_wconf 80' lang='lat' dir='ltr'><strong>filios</strong></span> <span class='ocrx_word' id='word_1_60' title='bbox 832 1146 937 1208; x_wconf 79' lang='lat' dir='ltr'><strong>debuit,</strong></span> 
     </span>
    </p>
   </div>
   <div class='ocr_carea' id='block_1_6' title="bbox 990 457 1781 995">
    <p class='ocr_par' dir='ltr' id='par_1_6' title="bbox 990 457 1781 995">
     <span class='ocr_line' id='line_1_11' title="bbox 990 457 1611 532; baseline -0.01 -12"><span class='ocrx_word' id='word_1_61' title='bbox 990 465 1096 532; x_wconf 84' lang='lat' dir='ltr'><strong>Militis,</strong></span> <span class='ocrx_word' id='word_1_62' title='bbox 1112 473 1138 520; x_wconf 89' lang='lat' dir='ltr'><strong>et</strong></span> <span class='ocrx_word' id='word_1_63' title='bbox 1150 463 1225 521; x_wconf 89' lang='lat' dir='ltr'><strong>docti</strong></span> <span class='ocrx_word' id='word_1_64' title='bbox 1235 461 1388 529; x_wconf 88' lang='lat' dir='ltr'><strong>Cbonradi,</strong></span> <span class='ocrx_word' id='word_1_65' title='bbox 1398 477 1449 518; x_wconf 92' lang='lat' dir='ltr'><strong>ceu</strong></span> <span class='ocrx_word' id='word_1_66' title='bbox 1461 461 1502 516; x_wconf 94' lang='lat' dir='ltr'><strong>leo</strong></span> <span class='ocrx_word' id='word_1_67' title='bbox 1517 457 1611 516; x_wconf 83' lang='lat' dir='ltr'><strong>fortis.</strong></span> 
     </span>
     <span class='ocr_line' id='line_1_12' title="bbox 990 543 1649 630; baseline -0.014 -15"><span class='ocrx_word' id='word_1_68' title='bbox 990 562 1014 615; x_wconf 93' lang='lat'>0</span> <span class='ocrx_word' id='word_1_69' title='bbox 1027 559 1097 615; x_wconf 87' lang='lat' dir='ltr'><strong>bone</strong></span> <span class='ocrx_word' id='word_1_70' title='bbox 1113 556 1266 630; x_wconf 90' lang='lat' dir='ltr'><strong>progenies,</strong></span> <span class='ocrx_word' id='word_1_71' title='bbox 1280 571 1362 628; x_wconf 93' lang='lat' dir='ltr'><strong>quam</strong></span> <span class='ocrx_word' id='word_1_72' title='bbox 1377 543 1458 611; x_wconf 81' lang='lat' dir='ltr'><strong>terr&#39;is</strong></span> <span class='ocrx_word' id='word_1_73' title='bbox 1469 553 1592 609; x_wconf 90' lang='lat' dir='ltr'><strong>contulit</strong></span> <span class='ocrx_word' id='word_1_74' title='bbox 1603 551 1649 607; x_wconf 92' lang='lat' dir='ltr'><strong>ille</strong></span> 
     </span>
     <span class='ocr_line' id='line_1_13' title="bbox 991 643 1781 724; baseline -0.009 -15"><span class='ocrx_word' id='word_1_75' title='bbox 991 651 1044 721; x_wconf 87' lang='lat' dir='ltr'><strong>Qui</strong></span> <span class='ocrx_word' id='word_1_76' title='bbox 1057 667 1138 724; x_wconf 91' lang='lat' dir='ltr'><strong>super</strong></span> <span class='ocrx_word' id='word_1_77' title='bbox 1159 659 1232 709; x_wconf 90' lang='lat' dir='ltr'><strong>astra</strong></span> <span class='ocrx_word' id='word_1_78' title='bbox 1246 649 1332 720; x_wconf 86' lang='lat' dir='ltr'><strong>sedet,</strong></span> <span class='ocrx_word' id='word_1_79' title='bbox 1354 661 1496 722; x_wconf 89' lang='lat' dir='ltr'><strong>perquem</strong></span> <span class='ocrx_word' id='word_1_80' title='bbox 1511 654 1578 703; x_wconf 89' lang='lat' dir='ltr'><strong>sunt</strong></span> <span class='ocrx_word' id='word_1_81' title='bbox 1590 643 1703 702; x_wconf 86' lang='lat' dir='ltr'><strong>condita</strong></span> <span class='ocrx_word' id='word_1_82' title='bbox 1716 659 1781 717; x_wconf 76' lang='lat' dir='ltr'><strong>quae</strong></span> 
     </span>
     <span class='ocr_line' id='line_1_14' title="bbox 1745 742 1751 775; baseline 0 0"><span class='ocrx_word' id='word_1_83' title='bbox 1745 742 1751 775; x_wconf 91' lang='grc' dir='ltr'>Ι</span> 
     </span>
     <span class='ocr_line' id='line_1_15' title="bbox 992 740 1781 913; baseline -0.01 -17"><span class='ocrx_word' id='word_1_84' title='bbox 992 839 1133 913; x_wconf 84' lang='lat' dir='ltr'><strong>Quidquid</strong></span> <span class='ocrx_word' id='word_1_85' title='bbox 1144 838 1180 896; x_wconf 87' lang='lat' dir='ltr'><strong>ad</strong></span> <span class='ocrx_word' id='word_1_86' title='bbox 1193 837 1355 911; x_wconf 88' lang='lat' dir='ltr'><strong>exemplum</strong></span> <span class='ocrx_word' id='word_1_87' title='bbox 1375 835 1518 908; x_wconf 90' lang='lat' dir='ltr'><strong>pulchrum</strong></span> <span class='ocrx_word' id='word_1_88' title='bbox 1532 832 1605 891; x_wconf 83' lang='lat' dir='ltr'><strong>valet</strong></span> <span class='ocrx_word' id='word_1_89' title='bbox 1622 740 1781 905; x_wconf 53' lang='lat' dir='ltr'><strong>esagqrueper·</strong></span> 
     </span>
     <span class='ocr_line' id='line_1_16' title="bbox 1674 928 1753 995; baseline 0 0"><span class='ocrx_word' id='word_1_90' title='bbox 1674 928 1753 995; x_wconf 81' lang='lat' dir='ltr'><strong>[tum</strong></span> 
     </span>
    </p>
   </div>
   <div class='ocr_carea' id='block_1_7' title="bbox 930 1021 1629 1107">
    <p class='ocr_par' dir='ltr' id='par_1_7' title="bbox 930 1021 1629 1107">
     <span class='ocr_line' id='line_1_17' title="bbox 930 1021 1629 1107; baseline -0.01 -23"><span class='ocrx_word' id='word_1_91' title='bbox 930 1100 935 1107; x_wconf 27' lang='grc' dir='ltr'>ι</span> <span class='ocrx_word' id='word_1_92' title='bbox 993 1028 1127 1100; x_wconf 85' lang='lat' dir='ltr'><strong>Repperit</strong></span> <span class='ocrx_word' id='word_1_93' title='bbox 1139 1026 1200 1084; x_wconf 89' lang='lat' dir='ltr'><strong>baec</strong></span> <span class='ocrx_word' id='word_1_94' title='bbox 1209 1026 1299 1100; x_wconf 90' lang='lat' dir='ltr'><strong>proles</strong></span> <span class='ocrx_word' id='word_1_95' title='bbox 1313 1023 1399 1083; x_wconf 86' lang='lat' dir='ltr'><strong>armis</strong></span> <span class='ocrx_word' id='word_1_96' title='bbox 1414 1040 1463 1082; x_wconf 91' lang='lat' dir='ltr'><strong>seu</strong></span> <span class='ocrx_word' id='word_1_97' title='bbox 1476 1021 1629 1096; x_wconf 77' lang='lat' dir='ltr'>relligione.</span> 
     </span>
    </p>
   </div>
   <div class='ocr_carea' id='block_1_8' title="bbox 992 1116 1694 1193">
    <p class='ocr_par' dir='ltr' id='par_1_8' title="bbox 992 1116 1694 1193">
     <span class='ocr_line' id='line_1_18' title="bbox 992 1116 1694 1193; baseline -0.009 -16"><span class='ocrx_word' id='word_1_98' title='bbox 992 1124 1063 1177; x_wconf 86' lang='lat' dir='ltr'><strong>Nam</strong></span> <span class='ocrx_word' id='word_1_99' title='bbox 1078 1129 1154 1193; x_wconf 91' lang='lat' dir='ltr'><strong>pater</strong></span> <span class='ocrx_word' id='word_1_100' title='bbox 1167 1121 1291 1193; x_wconf 88' lang='lat' dir='ltr'><strong>ipsorum</strong></span> <span class='ocrx_word' id='word_1_101' title='bbox 1305 1118 1426 1175; x_wconf 87' lang='lat' dir='ltr'><strong>moriens</strong></span> <span class='ocrx_word' id='word_1_102' title='bbox 1439 1116 1580 1174; x_wconf 79' lang='lat' dir='ltr'>benedixit</span> <span class='ocrx_word' id='word_1_103' title='bbox 1594 1128 1694 1172; x_wconf 87' lang='lat' dir='ltr'><strong>eorum</strong></span> 
     </span>
    </p>
   </div>
   <div class='ocr_carea' id='block_1_9' title="bbox 178 1211 1635 1295">
    <p class='ocr_par' dir='ltr' id='par_1_9' title="bbox 178 1211 1635 1295">
     <span class='ocr_line' id='line_1_19' title="bbox 178 1211 1635 1295; baseline -0.012 -13"><span class='ocrx_word' id='word_1_104' title='bbox 178 1231 203 1281; x_wconf 87' lang='lat' dir='ltr'><strong>ct</strong></span> <span class='ocrx_word' id='word_1_105' title='bbox 228 1227 299 1295; x_wconf 83' lang='lat' dir='ltr'><strong>quod</strong></span> <span class='ocrx_word' id='word_1_106' title='bbox 314 1223 448 1279; x_wconf 81' lang='lat' dir='ltr'><strong>Tedaldus</strong></span> <span class='ocrx_word' id='word_1_107' title='bbox 464 1223 588 1291; x_wconf 81' lang='lat' dir='ltr'><strong>prinecps</strong></span> <span class='ocrx_word' id='word_1_108' title='bbox 602 1222 708 1274; x_wconf 71' lang='lat' dir='ltr'><strong>exstitit</strong></span> <span class='ocrx_word' id='word_1_109' title='bbox 720 1224 781 1288; x_wconf 85' lang='lat' dir='ltr'><strong>pest</strong></span> <span class='ocrx_word' id='word_1_110' title='bbox 802 1221 900 1288; x_wconf 82' lang='lat' dir='ltr'><strong>ipsum,</strong></span> <span class='ocrx_word' id='word_1_111' title='bbox 914 1221 940 1271; x_wconf 83' lang='lat' dir='ltr'><strong>ct</strong></span> <span class='ocrx_word' id='word_1_112' title='bbox 995 1219 1138 1283; x_wconf 77' lang='lat' dir='ltr'>Personas,</span> <span class='ocrx_word' id='word_1_113' title='bbox 1153 1222 1215 1286; x_wconf 91' lang='lat' dir='ltr'><strong>post</strong></span> <span class='ocrx_word' id='word_1_114' title='bbox 1228 1229 1257 1270; x_wconf 89' lang='lat' dir='ltr'><strong>se</strong></span> <span class='ocrx_word' id='word_1_115' title='bbox 1270 1212 1399 1286; x_wconf 82' lang='lat' dir='ltr'><strong>praecepit</strong></span> <span class='ocrx_word' id='word_1_116' title='bbox 1412 1211 1501 1284; x_wconf 89' lang='lat' dir='ltr'><strong>major</strong></span> <span class='ocrx_word' id='word_1_117' title='bbox 1513 1218 1543 1267; x_wconf 93' lang='lat' dir='ltr'><strong>ut</strong></span> <span class='ocrx_word' id='word_1_118' title='bbox 1559 1218 1635 1266; x_wconf 87' lang='lat' dir='ltr'><strong>esset</strong></span> 
     </span>
    </p>
   </div>
   <div class='ocr_carea' id='block_1_10' title="bbox 179 1288 940 1367">
    <p class='ocr_par' dir='ltr' id='par_1_10' title="bbox 179 1288 940 1367">
     <span class='ocr_line' id='line_1_20' title="bbox 179 1288 940 1367; baseline -0.012 -16"><span class='ocrx_word' id='word_1_119' title='bbox 179 1298 250 1367; x_wconf 83' lang='lat' dir='ltr'><strong>quod</strong></span> <span class='ocrx_word' id='word_1_120' title='bbox 264 1297 334 1350; x_wconf 86' lang='lat' dir='ltr'><strong>idem</strong></span> <span class='ocrx_word' id='word_1_121' title='bbox 350 1294 484 1349; x_wconf 83' lang='lat' dir='ltr'><strong>Tedaldus</strong></span> <span class='ocrx_word' id='word_1_122' title='bbox 505 1292 648 1360; x_wconf 67' lang='lat' dir='ltr'><strong>edificavit</strong></span> <span class='ocrx_word' id='word_1_123' title='bbox 666 1292 858 1345; x_wconf 83' lang='lat' dir='ltr'><strong>monasterium</strong></span> <span class='ocrx_word' id='word_1_124' title='bbox 869 1288 940 1344; x_wconf 80' lang='lat' dir='ltr'><strong>illud</strong></span> 
     </span>
    </p>
   </div>
   <div class='ocr_carea' id='block_1_11' title="bbox 178 1363 706 1438">
    <p class='ocr_par' dir='ltr' id='par_1_11' title="bbox 178 1363 706 1438">
     <span class='ocr_line' id='line_1_21' title="bbox 178 1363 706 1438; baseline -0.015 -16"><span class='ocrx_word' id='word_1_125' title='bbox 178 1368 252 1438; x_wconf 83' lang='lat' dir='ltr'><strong>quod</strong></span> <span class='ocrx_word' id='word_1_126' title='bbox 265 1371 304 1422; x_wconf 84' lang='lat' dir='ltr'><strong>est</strong></span> <span class='ocrx_word' id='word_1_127' title='bbox 317 1368 389 1420; x_wconf 82' lang='lat' dir='ltr'><strong>iuter</strong></span> <span class='ocrx_word' id='word_1_128' title='bbox 402 1365 507 1421; x_wconf 81' lang='lat' dir='ltr'><strong>Pedum</strong></span> <span class='ocrx_word' id='word_1_129' title='bbox 519 1367 545 1417; x_wconf 84' lang='lat' dir='ltr'><strong>et</strong></span> <span class='ocrx_word' id='word_1_130' title='bbox 555 1363 706 1417; x_wconf 77' lang='lat' dir='ltr'><strong>barionem.</strong></span> 
     </span>
    </p>
   </div>
   <div class='ocr_carea' id='block_1_12' title="bbox 141 1468 814 1639">
    <p class='ocr_par' dir='ltr' id='par_1_12' title="bbox 141 1468 814 1639">
     <span class='ocr_line' id='line_1_22' title="bbox 141 1468 725 1547; baseline -0.01 -16"><span class='ocrx_word' id='word_1_131' title='bbox 141 1475 271 1547; x_wconf 82' lang='lat' dir='ltr'><strong>ConJugis</strong></span> <span class='ocrx_word' id='word_1_132' title='bbox 283 1472 392 1530; x_wconf 68' lang='lat' dir='ltr'><strong>ettonis</strong></span> <span class='ocrx_word' id='word_1_133' title='bbox 403 1487 459 1527; x_wconf 90' lang='lat' dir='ltr'><strong>non</strong></span> <span class='ocrx_word' id='word_1_134' title='bbox 468 1470 516 1526; x_wconf 86' lang='lat' dir='ltr'><strong>liat</strong></span> <span class='ocrx_word' id='word_1_135' title='bbox 525 1469 625 1526; x_wconf 87' lang='lat' dir='ltr'><strong>oblivio</strong></span> <span class='ocrx_word' id='word_1_136' title='bbox 634 1468 725 1537; x_wconf 90' lang='lat' dir='ltr'><strong>nobis,</strong></span> 
     </span>
     <span class='ocr_line' id='line_1_23' title="bbox 141 1562 814 1639; baseline -0.006 -16"><span class='ocrx_word' id='word_1_137' title='bbox 141 1566 282 1639; x_wconf 88' lang='lat' dir='ltr'><strong>lldegarda</strong></span> <span class='ocrx_word' id='word_1_138' title='bbox 297 1564 409 1638; x_wconf 92' lang='lat' dir='ltr'><strong>quidem</strong></span> <span class='ocrx_word' id='word_1_139' title='bbox 422 1563 476 1620; x_wconf 86' lang='lat' dir='ltr'><strong>luit</strong></span> <span class='ocrx_word' id='word_1_140' title='bbox 490 1563 573 1635; x_wconf 82' lang='lat' dir='ltr'><strong>hujus</strong></span> <span class='ocrx_word' id='word_1_141' title='bbox 586 1578 690 1618; x_wconf 89' lang='lat' dir='ltr'><strong>nomen</strong></span> <span class='ocrx_word' id='word_1_142' title='bbox 705 1562 814 1630; x_wconf 74' lang='lat' dir='ltr'><strong>emicet,</strong></span> 
     </span>
    </p>
   </div>
   <div class='ocr_carea' id='block_1_13' title="bbox 993 1302 1778 1660">
    <p class='ocr_par' dir='ltr' id='par_1_13' title="bbox 993 1302 1637 1379">
     <span class='ocr_line' id='line_1_24' title="bbox 993 1302 1637 1379; baseline -0.008 -14"><span class='ocrx_word' id='word_1_143' title='bbox 993 1311 1080 1365; x_wconf 86' lang='lat' dir='ltr'><strong>Natus</strong></span> <span class='ocrx_word' id='word_1_144' title='bbox 1089 1307 1203 1365; x_wconf 90' lang='lat' dir='ltr'><strong>dilectus</strong></span> <span class='ocrx_word' id='word_1_145' title='bbox 1215 1305 1373 1363; x_wconf 87' lang='lat' dir='ltr'><strong>Boniincius</strong></span> <span class='ocrx_word' id='word_1_146' title='bbox 1386 1313 1470 1379; x_wconf 85' lang='lat' dir='ltr'><strong>etque</strong></span> <span class='ocrx_word' id='word_1_147' title='bbox 1480 1302 1637 1374; x_wconf 86' lang='lat' dir='ltr'><strong>modestus,</strong></span> 
     </span>
    </p>

    <p class='ocr_par' dir='ltr' id='par_1_14' title="bbox 994 1394 1580 1474">
     <span class='ocr_line' id='line_1_25' title="bbox 994 1394 1580 1474; baseline -0.007 -16"><span class='ocrx_word' id='word_1_148' title='bbox 994 1403 1042 1458; x_wconf 89' lang='lat' dir='ltr'><strong>Cui</strong></span> <span class='ocrx_word' id='word_1_149' title='bbox 1054 1402 1180 1474; x_wconf 88' lang='lat' dir='ltr'><strong>juravere</strong></span> <span class='ocrx_word' id='word_1_150' title='bbox 1195 1408 1272 1473; x_wconf 87' lang='lat' dir='ltr'><strong>patre</strong></span> <span class='ocrx_word' id='word_1_151' title='bbox 1284 1408 1353 1456; x_wconf 90' lang='lat' dir='ltr'><strong>tunc</strong></span> <span class='ocrx_word' id='word_1_152' title='bbox 1364 1399 1469 1454; x_wconf 86' lang='lat' dir='ltr'><strong>vivente</strong></span> <span class='ocrx_word' id='word_1_153' title='bbox 1485 1394 1580 1454; x_wconf 81' lang='lat' dir='ltr'><strong>fideles</strong></span> 
     </span>
    </p>

    <p class='ocr_par' dir='ltr' id='par_1_15' title="bbox 993 1488 1778 1660">
     <span class='ocr_line' id='line_1_26' title="bbox 993 1488 1778 1567; baseline -0.011 -15"><span class='ocrx_word' id='word_1_154' title='bbox 993 1495 1079 1562; x_wconf 84' lang='lat' dir='ltr'><strong>Servi,</strong></span> <span class='ocrx_word' id='word_1_155' title='bbox 1094 1493 1244 1567; x_wconf 78' lang='lat' dir='ltr'>prudentes</span> <span class='ocrx_word' id='word_1_156' title='bbox 1262 1507 1399 1566; x_wconf 78' lang='lat' dir='ltr'><strong>proceres,</strong></span> <span class='ocrx_word' id='word_1_157' title='bbox 1412 1491 1539 1558; x_wconf 87' lang='lat' dir='ltr'><strong>comites,</strong></span> <span class='ocrx_word' id='word_1_158' title='bbox 1552 1488 1710 1561; x_wconf 79' lang='lat' dir='ltr'><strong>pariterque</strong></span> <span class='ocrx_word' id='word_1_159' title='bbox 1721 1492 1778 1556; x_wconf 79' lang='grc'>(516)</span> 
     </span>
     <span class='ocr_line' id='line_1_27' title="bbox 995 1581 1706 1660; baseline -0.01 -16"><span class='ocrx_word' id='word_1_160' title='bbox 995 1591 1113 1645; x_wconf 86' lang='lat' dir='ltr'><strong>blortem</strong></span> <span class='ocrx_word' id='word_1_161' title='bbox 1129 1585 1302 1660; x_wconf 72' lang='lat' dir='ltr'><strong>postponis,</strong></span> <span class='ocrx_word' id='word_1_162' title='bbox 1318 1585 1395 1643; x_wconf 86' lang='lat' dir='ltr'><strong>dedit</strong></span> <span class='ocrx_word' id='word_1_163' title='bbox 1407 1585 1460 1641; x_wconf 89' lang='lat' dir='ltr'><strong>illis</strong></span> <span class='ocrx_word' id='word_1_164' title='bbox 1471 1583 1592 1656; x_wconf 87' lang='lat' dir='ltr'><strong>plurime</strong></span> <span class='ocrx_word' id='word_1_165' title='bbox 1606 1581 1706 1656; x_wconf 87' lang='lat' dir='ltr'><strong>gratis.</strong></span> 
     </span>
    </p>
   </div>
   <div class='ocr_carea' id='block_1_14' title="bbox 142 1655 1636 1753">
    <p class='ocr_par' dir='ltr' id='par_1_16' title="bbox 142 1655 1636 1753">
     <span class='ocr_line' id='line_1_28' title="bbox 142 1655 1636 1753; baseline -0.004 -37"><span class='ocrx_word' id='word_1_166' title='bbox 142 1664 241 1728; x_wconf 90' lang='lat' dir='ltr'><strong>Docta,</strong></span> <span class='ocrx_word' id='word_1_167' title='bbox 256 1659 442 1733; x_wconf 81' lang='lat' dir='ltr'><strong>gubernatrix,</strong></span> <span class='ocrx_word' id='word_1_168' title='bbox 461 1655 591 1729; x_wconf 90' lang='lat' dir='ltr'><strong>prudens,</strong></span> <span class='ocrx_word' id='word_1_169' title='bbox 607 1656 703 1726; x_wconf 90' lang='lat' dir='ltr'><strong>proba,</strong></span> <span class='ocrx_word' id='word_1_170' title='bbox 717 1655 886 1712; x_wconf 78' lang='lat' dir='ltr'><strong>consiliatrix</strong></span> <span class='ocrx_word' id='word_1_171' title='bbox 994 1683 1123 1738; x_wconf 54' lang='lat' dir='ltr'>Corvino„</span> <span class='ocrx_word' id='word_1_172' title='bbox 1135 1680 1229 1753; x_wconf 61' lang='lat' dir='ltr'><strong>plenos</strong></span> <span class='ocrx_word' id='word_1_173' title='bbox 1240 1679 1365 1736; x_wconf 61' lang='lat' dir='ltr'><strong>nummis</strong></span> <span class='ocrx_word' id='word_1_174' title='bbox 1381 1693 1476 1735; x_wconf 56' lang='lat' dir='ltr'><strong>sacco,</strong></span> <span class='ocrx_word' id='word_1_175' title='bbox 1488 1675 1636 1734; x_wconf 60' lang='lat' dir='ltr'>duodenos</span> 
     </span>
    </p>
   </div>
   <div class='ocr_carea' id='block_1_15' title="bbox 142 1748 780 1821">
    <p class='ocr_par' dir='ltr' id='par_1_17' title="bbox 142 1748 780 1821">
     <span class='ocr_line' id='line_1_29' title="bbox 142 1748 780 1821; baseline -0.009 -11"><span class='ocrx_word' id='word_1_176' title='bbox 142 1755 184 1811; x_wconf 82' lang='lat' dir='ltr'><strong>Ad</strong></span> <span class='ocrx_word' id='word_1_177' title='bbox 199 1755 311 1811; x_wconf 89' lang='lat' dir='ltr'><strong>meliora</strong></span> <span class='ocrx_word' id='word_1_178' title='bbox 320 1753 409 1808; x_wconf 85' lang='lat' dir='ltr'><strong>virum</strong></span> <span class='ocrx_word' id='word_1_179' title='bbox 424 1748 557 1807; x_wconf 84' lang='lat' dir='ltr'><strong>suadebat</strong></span> <span class='ocrx_word' id='word_1_180' title='bbox 569 1749 667 1821; x_wconf 83' lang='lat' dir='ltr'><strong>saepius</strong></span> <span class='ocrx_word' id='word_1_181' title='bbox 679 1749 780 1820; x_wconf 88' lang='lat' dir='ltr'><strong>ipsum,</strong></span> 
     </span>
    </p>
   </div>
   <div class='ocr_carea' id='block_1_16' title="bbox 143 1841 941 1921">
    <p class='ocr_par' dir='ltr' id='par_1_18' title="bbox 143 1841 941 1921">
     <span class='ocr_line' id='line_1_30' title="bbox 143 1841 941 1921; baseline -0.006 -16"><span class='ocrx_word' id='word_1_182' title='bbox 143 1851 213 1906; x_wconf 84' lang='lat' dir='ltr'><strong>Cum</strong></span> <span class='ocrx_word' id='word_1_183' title='bbox 231 1863 287 1921; x_wconf 94' lang='lat' dir='ltr'><strong>quo</strong></span> <span class='ocrx_word' id='word_1_184' title='bbox 307 1844 455 1904; x_wconf 90' lang='lat' dir='ltr'><strong>Birsellum</strong></span> <span class='ocrx_word' id='word_1_185' title='bbox 479 1847 554 1912; x_wconf 91' lang='grc'>(565)</span> <span class='ocrx_word' id='word_1_186' title='bbox 568 1843 711 1900; x_wconf 88' lang='lat' dir='ltr'><strong>monachis</strong></span> <span class='ocrx_word' id='word_1_187' title='bbox 725 1841 869 1900; x_wconf 76' lang='lat' dir='ltr'><strong>fabricarit</strong></span> <span class='ocrx_word' id='word_1_188' title='bbox 890 1843 941 1900; x_wconf 92' lang='lat' dir='ltr'><strong>ba-</strong></span> 
     </span>
    </p>
   </div>
   <div class='ocr_carea' id='block_1_17' title="bbox 142 1936 904 2197">
    <p class='ocr_par' dir='ltr' id='par_1_19' title="bbox 142 1936 904 2197">
     <span class='ocr_line' id='line_1_31' title="bbox 772 1936 904 1993; baseline 0 -1"><span class='ocrx_word' id='word_1_189' title='bbox 772 1936 904 1993; x_wconf 83' lang='lat' dir='ltr'><strong>bendum.</strong></span> 
     </span>
     <span class='ocr_line' id='line_1_32' title="bbox 142 1940 851 2104; baseline -0.008 -14"><span class='ocrx_word' id='word_1_190' title='bbox 142 2037 183 2090; x_wconf 84' lang='lat' dir='ltr'><strong>Ex</strong></span> <span class='ocrx_word' id='word_1_191' title='bbox 195 2034 237 2090; x_wconf 88' lang='lat' dir='ltr'><strong>his</strong></span> <span class='ocrx_word' id='word_1_192' title='bbox 251 2042 317 2090; x_wconf 90' lang='lat' dir='ltr'><strong>sunt</strong></span> <span class='ocrx_word' id='word_1_193' title='bbox 328 2033 382 2090; x_wconf 90' lang='lat' dir='ltr'><strong>orti</strong></span> <span class='ocrx_word' id='word_1_194' title='bbox 395 2041 461 2099; x_wconf 88' lang='lat' dir='ltr'><strong>tres,</strong></span> <span class='ocrx_word' id='word_1_195' title='bbox 480 2046 550 2104; x_wconf 88' lang='lat' dir='ltr'><strong>quos</strong></span> <span class='ocrx_word' id='word_1_196' title='bbox 565 2031 682 2086; x_wconf 90' lang='lat' dir='ltr'><strong>miratur</strong></span> <span class='ocrx_word' id='word_1_197' title='bbox 695 2028 741 2084; x_wconf 91' lang='lat' dir='ltr'><strong>bic</strong></span> <span class='ocrx_word' id='word_1_198' title='bbox 755 1940 851 2086; x_wconf 48' lang='lat' dir='ltr'><strong>(Erbisz</strong></span> 
     </span>
     <span class='ocr_line' id='line_1_33' title="bbox 143 2123 817 2197; baseline -0.006 -16"><span class='ocrx_word' id='word_1_199' title='bbox 143 2125 309 2197; x_wconf 87' lang='lat' dir='ltr'><strong>Rodulpbus</strong></span> <span class='ocrx_word' id='word_1_200' title='bbox 319 2124 396 2181; x_wconf 86' lang='lat' dir='ltr'><strong>valde</strong></span> <span class='ocrx_word' id='word_1_201' title='bbox 404 2125 508 2197; x_wconf 78' lang='lat' dir='ltr'><strong>iuvenis</strong></span> <span class='ocrx_word' id='word_1_202' title='bbox 515 2123 724 2195; x_wconf 88' lang='lat' dir='ltr'><strong>pulcherrimus,</strong></span> <span class='ocrx_word' id='word_1_203' title='bbox 735 2132 817 2195; x_wconf 89' lang='lat' dir='ltr'><strong>atque</strong></span> 
     </span>
    </p>
   </div>
   <div class='ocr_carea' id='block_1_18' title="bbox 954 1746 1690 1847">
    <p class='ocr_par' dir='ltr' id='par_1_20' title="bbox 954 1746 1690 1847">
     <span class='ocr_line' id='line_1_34' title="bbox 954 1746 1690 1847; baseline -0.007 -17"><span class='ocrx_word' id='word_1_204' title='bbox 954 1746 978 1809; x_wconf 78' lang='grc' dir='ltr'><strong>Β</strong></span> <span class='ocrx_word' id='word_1_205' title='bbox 995 1773 1161 1847; x_wconf 87' lang='lat' dir='ltr'><strong>Liqueratin</strong></span> <span class='ocrx_word' id='word_1_206' title='bbox 1173 1773 1283 1846; x_wconf 90' lang='lat' dir='ltr'><strong>propria</strong></span> <span class='ocrx_word' id='word_1_207' title='bbox 1295 1787 1406 1829; x_wconf 88' lang='lat' dir='ltr'><strong>camera</strong></span> <span class='ocrx_word' id='word_1_208' title='bbox 1419 1770 1526 1844; x_wconf 91' lang='lat' dir='ltr'><strong>genitor</strong></span> <span class='ocrx_word' id='word_1_209' title='bbox 1538 1767 1690 1838; x_wconf 85' lang='lat' dir='ltr'><strong>Canusina,</strong></span> 
     </span>
    </p>
   </div>
   <div class='ocr_carea' id='block_1_19' title="bbox 996 1861 1671 2035">
    <p class='ocr_par' dir='ltr' id='par_1_21' title="bbox 996 1861 1671 2035">
     <span class='ocr_line' id='line_1_35' title="bbox 996 1861 1671 1940; baseline -0.01 -15"><span class='ocrx_word' id='word_1_210' title='bbox 996 1870 1073 1939; x_wconf 87' lang='lat' dir='ltr'><strong>Quos</strong></span> <span class='ocrx_word' id='word_1_211' title='bbox 1086 1867 1193 1940; x_wconf 87' lang='lat' dir='ltr'><strong>penitus</strong></span> <span class='ocrx_word' id='word_1_212' title='bbox 1203 1875 1277 1923; x_wconf 89' lang='lat' dir='ltr'><strong>totos</strong></span> <span class='ocrx_word' id='word_1_213' title='bbox 1289 1866 1364 1922; x_wconf 82' lang='lat' dir='ltr'><strong>dedit</strong></span> <span class='ocrx_word' id='word_1_214' title='bbox 1378 1880 1434 1921; x_wconf 91' lang='lat' dir='ltr'><strong>uno</strong></span> <span class='ocrx_word' id='word_1_215' title='bbox 1443 1872 1570 1936; x_wconf 88' lang='lat' dir='ltr'><strong>tempore</strong></span> <span class='ocrx_word' id='word_1_216' title='bbox 1584 1861 1671 1919; x_wconf 89' lang='lat' dir='ltr'><strong>dono.</strong></span> 
     </span>
     <span class='ocr_line' id='line_1_36' title="bbox 997 1956 1655 2035; baseline -0.011 -17"><span class='ocrx_word' id='word_1_217' title='bbox 997 1962 1064 2033; x_wconf 73' lang='lat' dir='ltr'><strong>liius</strong></span> <span class='ocrx_word' id='word_1_218' title='bbox 1073 1961 1174 2035; x_wconf 93' lang='lat' dir='ltr'><strong>ubique</strong></span> <span class='ocrx_word' id='word_1_219' title='bbox 1188 1968 1268 2018; x_wconf 89' lang='lat' dir='ltr'><strong>sonat</strong></span> <span class='ocrx_word' id='word_1_220' title='bbox 1280 1960 1401 2028; x_wconf 84' lang='lat' dir='ltr'><strong>bonitas,</strong></span> <span class='ocrx_word' id='word_1_221' title='bbox 1414 1965 1443 2015; x_wconf 91' lang='lat' dir='ltr'><strong>et</strong></span> <span class='ocrx_word' id='word_1_222' title='bbox 1457 1956 1527 2014; x_wconf 85' lang='lat' dir='ltr'><strong>tacta</strong></span> <span class='ocrx_word' id='word_1_223' title='bbox 1536 1970 1655 2015; x_wconf 83' lang='lat' dir='ltr'><strong>sonora.</strong></span> 
     </span>
    </p>
   </div>
   <div class='ocr_carea' id='block_1_20' title="bbox 996 2060 1777 2227">
    <p class='ocr_par' dir='ltr' id='par_1_22' title="bbox 996 2060 1777 2227">
     <span class='ocr_line' id='line_1_37' title="bbox 1403 2060 1481 2113; baseline -0.051 1"><span class='ocrx_word' id='word_1_224' title='bbox 1403 2060 1427 2113; x_wconf 83' lang='lat' dir='ltr'>T</span> <span class='ocrx_word' id='word_1_225' title='bbox 1447 2060 1481 2113; x_wconf 91' lang='lat' dir='ltr'><strong>V.</strong></span> 
     </span>
     <span class='ocr_line' id='line_1_38' title="bbox 996 2060 1777 2227; baseline -0.012 -16"><span class='ocrx_word' id='word_1_226' title='bbox 996 2158 1033 2211; x_wconf 85' lang='lat' dir='ltr'><strong>Dr</strong></span> <span class='ocrx_word' id='word_1_227' title='bbox 1044 2158 1162 2227; x_wconf 79' lang='lat' dir='ltr'><strong>episccpo</strong></span> <span class='ocrx_word' id='word_1_228' title='bbox 1173 2154 1294 2211; x_wconf 68' lang='lat' dir='ltr'><strong>Aeetine</strong></span> <span class='ocrx_word' id='word_1_229' title='bbox 1307 2060 1455 2222; x_wconf 36' lang='lat' dir='ltr'><strong>mque</strong></span> <span class='ocrx_word' id='word_1_230' title='bbox 1468 2151 1526 2218; x_wconf 77' lang='lat' dir='ltr'><strong>suit</strong></span> <span class='ocrx_word' id='word_1_231' title='bbox 1539 2150 1633 2218; x_wconf 76' lang='lat' dir='ltr'><strong>frater</strong></span> <span class='ocrx_word' id='word_1_232' title='bbox 1646 2148 1777 2217; x_wconf 69' lang='lat' dir='ltr'><strong>matred.</strong></span> 
     </span>
    </p>
   </div>
   <div class='ocr_carea' id='block_1_21' title="bbox 143 2216 1637 2305">
    <p class='ocr_par' dir='ltr' id='par_1_23' title="bbox 143 2216 1637 2305">
     <span class='ocr_line' id='line_1_39' title="bbox 143 2216 1637 2305; baseline 0.007 -30"><span class='ocrx_word' id='word_1_233' title='bbox 143 2222 271 2275; x_wconf 86' lang='lat' dir='ltr'><strong>Mortuus</strong></span> <span class='ocrx_word' id='word_1_234' title='bbox 284 2225 350 2275; x_wconf 89' lang='lat' dir='ltr'><strong>ante</strong></span> <span class='ocrx_word' id='word_1_235' title='bbox 372 2226 491 2289; x_wconf 90' lang='lat' dir='ltr'><strong>patrem,</strong></span> <span class='ocrx_word' id='word_1_236' title='bbox 506 2224 568 2288; x_wconf 92' lang='lat' dir='ltr'><strong>post</strong></span> <span class='ocrx_word' id='word_1_237' title='bbox 587 2231 672 2288; x_wconf 89' lang='lat' dir='ltr'><strong>quem</strong></span> <span class='ocrx_word' id='word_1_238' title='bbox 695 2216 822 2287; x_wconf 90' lang='lat' dir='ltr'><strong>sequitur</strong></span> <span class='ocrx_word' id='word_1_239' title='bbox 853 2216 942 2273; x_wconf 89' lang='lat' dir='ltr'><strong>bonus</strong></span> <span class='ocrx_word' id='word_1_240' title='bbox 996 2249 1101 2305; x_wconf 49' lang='grc' dir='ltr'><strong>ΡΜ,</strong></span> <span class='ocrx_word' id='word_1_241' title='bbox 1115 2247 1243 2305; x_wconf 49' lang='grc' dir='ltr'><strong>ΛΜΗ,</strong></span> <span class='ocrx_word' id='word_1_242' title='bbox 1257 2245 1359 2303; x_wconf 58' lang='lat' dir='ltr'><strong>Christi</strong></span> <span class='ocrx_word' id='word_1_243' title='bbox 1375 2242 1511 2301; x_wconf 52' lang='lat' dir='ltr'>Tedaldus</span> <span class='ocrx_word' id='word_1_244' title='bbox 1524 2242 1637 2299; x_wconf 54' lang='lat' dir='ltr'><strong>amicus</strong></span> 
     </span>
    </p>
   </div>
   <div class='ocr_carea' id='block_1_22' title="bbox 829 2308 908 2377">
    <p class='ocr_par' dir='ltr' id='par_1_24' title="bbox 829 2308 908 2377">
     <span class='ocr_line' id='line_1_40' title="bbox 829 2308 908 2377; baseline -0.013 -12"><span class='ocrx_word' id='word_1_245' title='bbox 829 2308 908 2377; x_wconf 89' lang='lat' dir='ltr'><strong>[alter</strong></span> 
     </span>
    </p>
   </div>
   <div class='ocr_carea' id='block_1_23' title="bbox 996 2330 1780 2414">
    <p class='ocr_par' dir='ltr' id='par_1_25' title="bbox 996 2330 1780 2414">
     <span class='ocr_line' id='line_1_41' title="bbox 996 2330 1780 2414; baseline -0.01 -19"><span class='ocrx_word' id='word_1_246' title='bbox 996 2340 1158 2414; x_wconf 87' lang='lat' dir='ltr'><strong>Relligionis</strong></span> <span class='ocrx_word' id='word_1_247' title='bbox 1172 2350 1231 2397; x_wconf 88' lang='lat' dir='ltr'><strong>erat</strong></span> <span class='ocrx_word' id='word_1_248' title='bbox 1251 2338 1335 2409; x_wconf 82' lang='lat'><strong>(571),</strong></span> <span class='ocrx_word' id='word_1_249' title='bbox 1350 2336 1462 2394; x_wconf 88' lang='lat' dir='ltr'><strong>Domini</strong></span> <span class='ocrx_word' id='word_1_250' title='bbox 1481 2335 1574 2409; x_wconf 87' lang='lat' dir='ltr'><strong>gregis</strong></span> <span class='ocrx_word' id='word_1_251' title='bbox 1586 2343 1674 2408; x_wconf 88' lang='lat' dir='ltr'><strong>atque</strong></span> <span class='ocrx_word' id='word_1_252' title='bbox 1685 2330 1780 2407; x_wconf 75' lang='lat' dir='ltr'><strong>gerebat</strong></span> 
     </span>
    </p>
   </div>
   <div class='ocr_carea' id='block_1_24' title="bbox 144 2401 1684 2502">
    <p class='ocr_par' dir='ltr' id='par_1_26' title="bbox 144 2401 1684 2502">
     <span class='ocr_line' id='line_1_42' title="bbox 144 2401 1684 2502; baseline -0.007 -38"><span class='ocrx_word' id='word_1_253' title='bbox 144 2406 266 2464; x_wconf 79' lang='lat' dir='ltr'><strong>Antistes</strong></span> <span class='ocrx_word' id='word_1_254' title='bbox 279 2420 396 2478; x_wconf 86' lang='lat' dir='ltr'><strong>magnus</strong></span> <span class='ocrx_word' id='word_1_255' title='bbox 410 2402 578 2462; x_wconf 88' lang='lat' dir='ltr'><strong>Goteiredus</strong></span> <span class='ocrx_word' id='word_1_256' title='bbox 591 2406 679 2472; x_wconf 88' lang='grc'>(566),</span> <span class='ocrx_word' id='word_1_257' title='bbox 694 2410 722 2458; x_wconf 91' lang='lat' dir='ltr'><strong>et</strong></span> <span class='ocrx_word' id='word_1_258' title='bbox 737 2402 782 2458; x_wconf 91' lang='lat' dir='ltr'><strong>ille</strong></span> <span class='ocrx_word' id='word_1_259' title='bbox 794 2401 942 2473; x_wconf 86' lang='lat' dir='ltr'><strong>Tedaldus,</strong></span> <span class='ocrx_word' id='word_1_260' title='bbox 996 2435 1097 2491; x_wconf 55' lang='lat' dir='ltr'>Curam</span> <span class='ocrx_word' id='word_1_261' title='bbox 1112 2433 1249 2502; x_wconf 84' lang='lat' dir='ltr'><strong>devotam,</strong></span> <span class='ocrx_word' id='word_1_262' title='bbox 1264 2441 1423 2489; x_wconf 87' lang='lat' dir='ltr'><strong>monstrans</strong></span> <span class='ocrx_word' id='word_1_263' title='bbox 1435 2427 1559 2501; x_wconf 57' lang='lat' dir='ltr'>exempla</span> <span class='ocrx_word' id='word_1_264' title='bbox 1573 2427 1684 2486; x_wconf 40' lang='lat' dir='ltr'><strong>dm.</strong></span> 
     </span>
    </p>
   </div>
   <div class='ocr_carea' id='block_1_25' title="bbox 84 2495 904 3128">
    <p class='ocr_par' dir='ltr' id='par_1_27' title="bbox 84 2495 904 2757">
     <span class='ocr_line' id='line_1_43' title="bbox 84 2495 904 2569; baseline -0.006 -14"><span class='ocrx_word' id='word_1_265' title='bbox 84 2498 87 2503; x_wconf 87' lang='lat'>&#39;</span> <span class='ocrx_word' id='word_1_266' title='bbox 144 2500 197 2568; x_wconf 85' lang='lat' dir='ltr'><strong>Qui</strong></span> <span class='ocrx_word' id='word_1_267' title='bbox 209 2507 271 2569; x_wconf 91' lang='lat' dir='ltr'><strong>post</strong></span> <span class='ocrx_word' id='word_1_268' title='bbox 284 2504 417 2556; x_wconf 77' lang='lat' dir='ltr'><strong>Attonenr</strong></span> <span class='ocrx_word' id='word_1_269' title='bbox 429 2505 519 2553; x_wconf 91' lang='lat' dir='ltr'><strong>totum</strong></span> <span class='ocrx_word' id='word_1_270' title='bbox 535 2496 652 2553; x_wconf 83' lang='lat' dir='ltr'><strong>servavit</strong></span> <span class='ocrx_word' id='word_1_271' title='bbox 666 2495 802 2551; x_wconf 90' lang='lat' dir='ltr'><strong>bonorem</strong></span> <span class='ocrx_word' id='word_1_272' title='bbox 818 2500 904 2563; x_wconf 79' lang='lat'><strong>(567),</strong></span> 
     </span>
     <span class='ocr_line' id='line_1_44' title="bbox 144 2587 887 2664; baseline -0.005 -16"><span class='ocrx_word' id='word_1_273' title='bbox 144 2591 323 2664; x_wconf 82' lang='lat' dir='ltr'><strong>Amplificans</strong></span> <span class='ocrx_word' id='word_1_274' title='bbox 332 2601 421 2648; x_wconf 90' lang='lat' dir='ltr'><strong>terras</strong></span> <span class='ocrx_word' id='word_1_275' title='bbox 435 2589 570 2663; x_wconf 90' lang='lat' dir='ltr'><strong>proprias,</strong></span> <span class='ocrx_word' id='word_1_276' title='bbox 585 2589 662 2645; x_wconf 87' lang='lat' dir='ltr'><strong>dives</strong></span> <span class='ocrx_word' id='word_1_277' title='bbox 671 2587 753 2644; x_wconf 91' lang='lat' dir='ltr'><strong>nimis</strong></span> <span class='ocrx_word' id='word_1_278' title='bbox 767 2596 887 2657; x_wconf 89' lang='lat' dir='ltr'><strong>exstans,</strong></span> 
     </span>
     <span class='ocr_line' id='line_1_45' title="bbox 144 2683 746 2757; baseline -0.003 -17"><span class='ocrx_word' id='word_1_279' title='bbox 144 2685 265 2757; x_wconf 81' lang='lat' dir='ltr'><strong>Regibus</strong></span> <span class='ocrx_word' id='word_1_280' title='bbox 279 2685 371 2743; x_wconf 84' lang='lat' dir='ltr'><strong>existit</strong></span> <span class='ocrx_word' id='word_1_281' title='bbox 381 2684 492 2751; x_wconf 87' lang='lat' dir='ltr'><strong>charus,</strong></span> <span class='ocrx_word' id='word_1_282' title='bbox 505 2683 669 2739; x_wconf 90' lang='lat' dir='ltr'><strong>notissimus</strong></span> <span class='ocrx_word' id='word_1_283' title='bbox 682 2683 746 2751; x_wconf 87' lang='lat' dir='ltr'><strong>illis,</strong></span> 
     </span>
    </p>

    <p class='ocr_par' dir='ltr' id='par_1_28' title="bbox 144 2777 764 2850">
     <span class='ocr_line' id='line_1_46' title="bbox 144 2777 764 2850; baseline -0.002 -17"><span class='ocrx_word' id='word_1_284' title='bbox 144 2780 287 2834; x_wconf 82' lang='lat' dir='ltr'><strong>Romanus</strong></span> <span class='ocrx_word' id='word_1_285' title='bbox 297 2794 367 2850; x_wconf 88' lang='lat' dir='ltr'><strong>papa</strong></span> <span class='ocrx_word' id='word_1_286' title='bbox 380 2793 463 2850; x_wconf 91' lang='lat' dir='ltr'><strong>quem</strong></span> <span class='ocrx_word' id='word_1_287' title='bbox 477 2778 581 2833; x_wconf 89' lang='lat' dir='ltr'><strong>sincere</strong></span> <span class='ocrx_word' id='word_1_288' title='bbox 593 2777 764 2849; x_wconf 89' lang='lat' dir='ltr'><strong>peramabat,</strong></span> 
     </span>
    </p>

    <p class='ocr_par' dir='ltr' id='par_1_29' title="bbox 143 2869 868 3128">
     <span class='ocr_line' id='line_1_47' title="bbox 144 2869 852 2942; baseline 0 -17"><span class='ocrx_word' id='word_1_289' title='bbox 144 2872 177 2925; x_wconf 88' lang='lat' dir='ltr'><strong>Et</strong></span> <span class='ocrx_word' id='word_1_290' title='bbox 189 2870 240 2926; x_wconf 92' lang='lat' dir='ltr'><strong>sibi</strong></span> <span class='ocrx_word' id='word_1_291' title='bbox 254 2870 389 2928; x_wconf 86' lang='lat' dir='ltr'><strong>concessit</strong></span> <span class='ocrx_word' id='word_1_292' title='bbox 400 2869 475 2942; x_wconf 90' lang='lat' dir='ltr'><strong>quod</strong></span> <span class='ocrx_word' id='word_1_293' title='bbox 489 2870 512 2926; x_wconf 89' lang='lat' dir='ltr'><strong>ei</strong></span> <span class='ocrx_word' id='word_1_294' title='bbox 523 2871 652 2927; x_wconf 88' lang='lat' dir='ltr'><strong>Ferreree</strong></span> <span class='ocrx_word' id='word_1_295' title='bbox 667 2875 742 2937; x_wconf 87' lang='grc'>(566)</span> <span class='ocrx_word' id='word_1_296' title='bbox 756 2870 852 2938; x_wconf 86' lang='lat' dir='ltr'><strong>servit;</strong></span> 
     </span>
     <span class='ocr_line' id='line_1_48' title="bbox 143 2964 868 3035; baseline -0.004 -15"><span class='ocrx_word' id='word_1_297' title='bbox 143 2966 205 3020; x_wconf 87' lang='lat' dir='ltr'><strong>Non</strong></span> <span class='ocrx_word' id='word_1_298' title='bbox 220 2964 342 3035; x_wconf 90' lang='lat' dir='ltr'><strong>genitore</strong></span> <span class='ocrx_word' id='word_1_299' title='bbox 357 2964 450 3020; x_wconf 88' lang='lat' dir='ltr'><strong>minus</strong></span> <span class='ocrx_word' id='word_1_300' title='bbox 462 2972 582 3020; x_wconf 89' lang='lat' dir='ltr'><strong>castrum</strong></span> <span class='ocrx_word' id='word_1_301' title='bbox 593 2964 679 3020; x_wconf 91' lang='lat' dir='ltr'><strong>coluit</strong></span> <span class='ocrx_word' id='word_1_302' title='bbox 692 2964 868 3020; x_wconf 79' lang='lat' dir='ltr'><strong>canusinum.</strong></span> 
     </span>
     <span class='ocr_line' id='line_1_49' title="bbox 144 3055 856 3128; baseline 0.003 -19"><span class='ocrx_word' id='word_1_303' title='bbox 144 3058 198 3111; x_wconf 86' lang='lat' dir='ltr'><strong>lete</strong></span> <span class='ocrx_word' id='word_1_304' title='bbox 214 3055 567 3128; x_wconf 79' lang='lat' dir='ltr'><strong>Padumjuxta,1.arionis</strong></span> <span class='ocrx_word' id='word_1_305' title='bbox 582 3065 694 3128; x_wconf 90' lang='lat' dir='ltr'><strong>proptor</strong></span> <span class='ocrx_word' id='word_1_306' title='bbox 708 3065 735 3113; x_wconf 90' lang='lat' dir='ltr'><strong>et</strong></span> <span class='ocrx_word' id='word_1_307' title='bbox 754 3056 856 3112; x_wconf 90' lang='lat' dir='ltr'><strong>undam</strong></span> 
     </span>
    </p>
   </div>
   <div class='ocr_carea' id='block_1_26' title="bbox 144 3138 986 3222">
    <p class='ocr_par' dir='ltr' id='par_1_30' title="bbox 144 3138 986 3222">
     <span class='ocr_line' id='line_1_50' title="bbox 144 3138 986 3222; baseline -0.004 -16"><span class='ocrx_word' id='word_1_308' title='bbox 144 3149 310 3208; x_wconf 83' lang='lat' dir='ltr'><strong>Coenobium</strong></span> <span class='ocrx_word' id='word_1_309' title='bbox 333 3149 447 3222; x_wconf 91' lang='lat' dir='ltr'><strong>dignum</strong></span> <span class='ocrx_word' id='word_1_310' title='bbox 469 3152 543 3217; x_wconf 88' lang='grc'>(569)</span> <span class='ocrx_word' id='word_1_311' title='bbox 566 3148 700 3218; x_wconf 89' lang='lat' dir='ltr'><strong>Domino,</strong></span> <span class='ocrx_word' id='word_1_312' title='bbox 715 3158 841 3206; x_wconf 88' lang='lat' dir='ltr'><strong>sanctum</strong></span> <span class='ocrx_word' id='word_1_313' title='bbox 855 3138 986 3206; x_wconf 86' lang='lat' dir='ltr'><strong>Bene-G</strong></span> 
     </span>
    </p>
   </div>
   <div class='ocr_carea' id='block_1_27' title="bbox 144 3242 911 3595">
    <p class='ocr_par' dir='ltr' id='par_1_31' title="bbox 144 3242 911 3595">
     <span class='ocr_line' id='line_1_51' title="bbox 808 3242 911 3299; baseline -0.01 0"><span class='ocrx_word' id='word_1_314' title='bbox 808 3242 911 3299; x_wconf 88' lang='lat' dir='ltr'><strong>dictum</strong></span> 
     </span>
     <span class='ocr_line' id='line_1_52' title="bbox 144 3247 817 3406; baseline -0.004 -11"><span class='ocrx_word' id='word_1_315' title='bbox 144 3336 312 3404; x_wconf 83' lang='lat' dir='ltr'><strong>Construxit,</strong></span> <span class='ocrx_word' id='word_1_316' title='bbox 327 3344 400 3393; x_wconf 88' lang='lat' dir='ltr'><strong>certe</strong></span> <span class='ocrx_word' id='word_1_317' title='bbox 415 3334 567 3393; x_wconf 87' lang='lat' dir='ltr'><strong>monachos</strong></span> <span class='ocrx_word' id='word_1_318' title='bbox 581 3337 619 3393; x_wconf 91' lang='lat' dir='ltr'><strong>ibi</strong></span> <span class='ocrx_word' id='word_1_319' title='bbox 633 3336 731 3394; x_wconf 88' lang='lat' dir='ltr'><strong>maluit</strong></span> <span class='ocrx_word' id='word_1_320' title='bbox 740 3247 817 3406; x_wconf 71' lang='lat' dir='ltr'><strong>esse[;</strong></span> 
     </span>
     <span class='ocr_line' id='line_1_53' title="bbox 144 3429 807 3502; baseline -0.005 -15"><span class='ocrx_word' id='word_1_321' title='bbox 144 3432 219 3487; x_wconf 83' lang='lat' dir='ltr'><strong>Felix</strong></span> <span class='ocrx_word' id='word_1_322' title='bbox 230 3431 281 3488; x_wconf 83' lang='lat' dir='ltr'><strong>iste</strong></span> <span class='ocrx_word' id='word_1_323' title='bbox 295 3431 382 3499; x_wconf 92' lang='lat' dir='ltr'><strong>locus,</strong></span> <span class='ocrx_word' id='word_1_324' title='bbox 397 3429 481 3486; x_wconf 91' lang='lat' dir='ltr'><strong>nimis</strong></span> <span class='ocrx_word' id='word_1_325' title='bbox 494 3438 535 3487; x_wconf 87' lang='lat' dir='ltr'><strong>est</strong></span> <span class='ocrx_word' id='word_1_326' title='bbox 547 3429 612 3502; x_wconf 89' lang='lat' dir='ltr'><strong>quia</strong></span> <span class='ocrx_word' id='word_1_327' title='bbox 628 3430 807 3500; x_wconf 84' lang='lat' dir='ltr'><strong>relligiosus:</strong></span> 
     </span>
     <span class='ocr_line' id='line_1_54' title="bbox 144 3523 911 3595; baseline -0.001 -15"><span class='ocrx_word' id='word_1_328' title='bbox 144 3526 208 3580; x_wconf 87' lang='lat' dir='ltr'><strong>Non</strong></span> <span class='ocrx_word' id='word_1_329' title='bbox 220 3533 317 3580; x_wconf 91' lang='lat' dir='ltr'><strong>tamen</strong></span> <span class='ocrx_word' id='word_1_330' title='bbox 330 3531 372 3579; x_wconf 91' lang='lat' dir='ltr'><strong>est</strong></span> <span class='ocrx_word' id='word_1_331' title='bbox 392 3531 467 3578; x_wconf 89' lang='lat' dir='ltr'><strong>artus</strong></span> <span class='ocrx_word' id='word_1_332' title='bbox 486 3524 613 3595; x_wconf 91' lang='lat' dir='ltr'><strong>proprios</strong></span> <span class='ocrx_word' id='word_1_333' title='bbox 625 3523 663 3578; x_wconf 90' lang='lat' dir='ltr'><strong>ibi</strong></span> <span class='ocrx_word' id='word_1_334' title='bbox 677 3523 797 3580; x_wconf 90' lang='lat' dir='ltr'><strong>condere</strong></span> <span class='ocrx_word' id='word_1_335' title='bbox 813 3537 911 3594; x_wconf 89' lang='lat' dir='ltr'><strong>passus</strong></span> 
     </span>
    </p>
   </div>
   <div class='ocr_carea' id='block_1_28' title="bbox 144 3614 943 3690">
    <p class='ocr_par' dir='ltr' id='par_1_32' title="bbox 144 3614 943 3690">
     <span class='ocr_line' id='line_1_55' title="bbox 144 3614 943 3690; baseline 0.003 -18"><span class='ocrx_word' id='word_1_336' title='bbox 144 3617 277 3689; x_wconf 86' lang='lat' dir='ltr'><strong>Princeps</strong></span> <span class='ocrx_word' id='word_1_337' title='bbox 289 3615 456 3684; x_wconf 80' lang='lat' dir='ltr'><strong>Teudaldus,</strong></span> <span class='ocrx_word' id='word_1_338' title='bbox 479 3614 527 3672; x_wconf 92' lang='lat' dir='ltr'><strong>sed</strong></span> <span class='ocrx_word' id='word_1_339' title='bbox 540 3630 607 3672; x_wconf 89' lang='lat' dir='ltr'><strong>cum</strong></span> <span class='ocrx_word' id='word_1_340' title='bbox 627 3625 703 3688; x_wconf 92' lang='lat' dir='ltr'><strong>patre</strong></span> <span class='ocrx_word' id='word_1_341' title='bbox 723 3625 825 3690; x_wconf 89' lang='lat' dir='ltr'><strong>pausat</strong></span> <span class='ocrx_word' id='word_1_342' title='bbox 844 3617 943 3674; x_wconf 88' lang='lat' dir='ltr'><strong>buma-</strong></span> 
     </span>
    </p>
   </div>
   <div class='ocr_carea' id='block_1_29' title="bbox 144 3714 908 4085">
    <p class='ocr_par' dir='ltr' id='par_1_33' title="bbox 144 3714 908 4085">
     <span class='ocr_line' id='line_1_56' title="bbox 144 3714 908 3875; baseline 0.001 -17"><span class='ocrx_word' id='word_1_343' title='bbox 144 3801 208 3875; x_wconf 81' lang='lat' dir='ltr'><strong>Egit</strong></span> <span class='ocrx_word' id='word_1_344' title='bbox 218 3801 290 3860; x_wconf 85' lang='lat' dir='ltr'><strong>bellu</strong></span> <span class='ocrx_word' id='word_1_345' title='bbox 304 3801 381 3872; x_wconf 82' lang='lat' dir='ltr'><strong>satis,</strong></span> <span class='ocrx_word' id='word_1_346' title='bbox 395 3809 460 3860; x_wconf 87' lang='lat' dir='ltr'><strong>sunt</strong></span> <span class='ocrx_word' id='word_1_347' title='bbox 471 3802 592 3859; x_wconf 89' lang='lat' dir='ltr'><strong>maxima</strong></span> <span class='ocrx_word' id='word_1_348' title='bbox 605 3802 676 3860; x_wconf 83' lang='lat' dir='ltr'><strong>iectu</strong></span> <span class='ocrx_word' id='word_1_349' title='bbox 687 3803 815 3861; x_wconf 80' lang='lat' dir='ltr'><strong>&#39;sedaldi</strong></span> <span class='ocrx_word' id='word_1_350' title='bbox 835 3714 908 3781; x_wconf 55' lang='grc' dir='ltr'><strong>[Μ’</strong></span> 
     </span>
     <span class='ocr_line' id='line_1_57' title="bbox 452 3910 633 3968; baseline 0.011 -3"><span class='ocrx_word' id='word_1_351' title='bbox 452 3910 576 3968; x_wconf 78' lang='lat' dir='ltr'><strong>CAPUT</strong></span> <span class='ocrx_word' id='word_1_352' title='bbox 587 3913 633 3967; x_wconf 89' lang='lat' dir='ltr'><strong>lV.</strong></span> 
     </span>
     <span class='ocr_line' id='line_1_58' title="bbox 260 4013 829 4085; baseline -0.002 -16"><span class='ocrx_word' id='word_1_353' title='bbox 260 4017 301 4069; x_wconf 86' lang='lat' dir='ltr'><strong>De</strong></span> <span class='ocrx_word' id='word_1_354' title='bbox 311 4029 396 4069; x_wconf 80' lang='lat' dir='ltr'><strong>errore</strong></span> <span class='ocrx_word' id='word_1_355' title='bbox 413 4013 536 4076; x_wconf 84' lang='lat' dir='ltr'><strong>Tedaldi,</strong></span> <span class='ocrx_word' id='word_1_356' title='bbox 548 4017 573 4068; x_wconf 82' lang='lat' dir='ltr'><strong>et</strong></span> <span class='ocrx_word' id='word_1_357' title='bbox 586 4014 673 4068; x_wconf 82' lang='lat' dir='ltr'><strong>tribus</strong></span> <span class='ocrx_word' id='word_1_358' title='bbox 687 4014 751 4083; x_wconf 74' lang='lat' dir='ltr'><strong>{iliis</strong></span> <span class='ocrx_word' id='word_1_359' title='bbox 763 4015 829 4085; x_wconf 75' lang='lat' dir='ltr'><strong>ejus.</strong></span> 
     </span>
    </p>
   </div>
   <div class='ocr_carea' id='block_1_30' title="bbox 144 4116 822 4470">
    <p class='ocr_par' dir='ltr' id='par_1_34' title="bbox 144 4116 822 4470">
     <span class='ocr_line' id='line_1_59' title="bbox 145 4116 744 4176; baseline 0.002 -2"><span class='ocrx_word' id='word_1_360' title='bbox 145 4119 223 4175; x_wconf 88' lang='lat' dir='ltr'><strong>Uxor</strong></span> <span class='ocrx_word' id='word_1_361' title='bbox 235 4117 349 4176; x_wconf 90' lang='lat' dir='ltr'><strong>Tedaldi</strong></span> <span class='ocrx_word' id='word_1_362' title='bbox 364 4116 395 4173; x_wconf 87' lang='lat' dir='ltr'><strong>fit</strong></span> <span class='ocrx_word' id='word_1_363' title='bbox 407 4117 508 4174; x_wconf 90' lang='lat' dir='ltr'><strong>Guillia</strong></span> <span class='ocrx_word' id='word_1_364' title='bbox 522 4117 595 4175; x_wconf 89' lang='lat' dir='ltr'><strong>dieta</strong></span> <span class='ocrx_word' id='word_1_365' title='bbox 609 4118 744 4176; x_wconf 86' lang='lat' dir='ltr'><strong>ducatrix.</strong></span> 
     </span>
     <span class='ocr_line' id='line_1_60' title="bbox 146 4210 817 4284; baseline 0.003 -16"><span class='ocrx_word' id='word_1_366' title='bbox 146 4215 213 4269; x_wconf 81' lang='lat' dir='ltr'><strong>llaec</strong></span> <span class='ocrx_word' id='word_1_367' title='bbox 227 4210 329 4284; x_wconf 89' lang='lat' dir='ltr'><strong>placuit</strong></span> <span class='ocrx_word' id='word_1_368' title='bbox 342 4211 434 4283; x_wconf 83' lang='lat' dir='ltr'><strong>parvis</strong></span> <span class='ocrx_word' id='word_1_369' title='bbox 447 4210 557 4282; x_wconf 85' lang='lat' dir='ltr'><strong>pietate,</strong></span> <span class='ocrx_word' id='word_1_370' title='bbox 572 4211 697 4284; x_wconf 89' lang='lat' dir='ltr'><strong>placebat</strong></span> <span class='ocrx_word' id='word_1_371' title='bbox 708 4221 735 4269; x_wconf 94' lang='lat' dir='ltr'><strong>et</strong></span> <span class='ocrx_word' id='word_1_372' title='bbox 746 4214 817 4270; x_wconf 90' lang='lat' dir='ltr'><strong>altis.</strong></span> 
     </span>
     <span class='ocr_line' id='line_1_61' title="bbox 146 4305 822 4378; baseline 0.004 -17"><span class='ocrx_word' id='word_1_373' title='bbox 146 4307 212 4362; x_wconf 81' lang='lat' dir='ltr'><strong>Haec</strong></span> <span class='ocrx_word' id='word_1_374' title='bbox 225 4313 282 4361; x_wconf 93' lang='lat' dir='ltr'><strong>tres</strong></span> <span class='ocrx_word' id='word_1_375' title='bbox 296 4319 429 4375; x_wconf 87' lang='lat' dir='ltr'><strong>personas</strong></span> <span class='ocrx_word' id='word_1_376' title='bbox 443 4305 549 4363; x_wconf 94' lang='lat' dir='ltr'><strong>mundo</strong></span> <span class='ocrx_word' id='word_1_377' title='bbox 561 4305 655 4378; x_wconf 91' lang='lat' dir='ltr'><strong>genuit</strong></span> <span class='ocrx_word' id='word_1_378' title='bbox 671 4307 822 4378; x_wconf 87' lang='lat' dir='ltr'><strong>speciosas,</strong></span> 
     </span>
     <span class='ocr_line' id='line_1_62' title="bbox 144 4396 729 4470; baseline 0.007 -17"><span class='ocrx_word' id='word_1_379' title='bbox 144 4397 227 4455; x_wconf 88' lang='lat' dir='ltr'><strong>Urbis</strong></span> <span class='ocrx_word' id='word_1_380' title='bbox 245 4397 367 4455; x_wconf 81' lang='lat' dir='ltr'><strong>Aretinee</strong></span> <span class='ocrx_word' id='word_1_381' title='bbox 382 4396 495 4454; x_wconf 87' lang='lat' dir='ltr'><strong>Tedaldi</strong></span> <span class='ocrx_word' id='word_1_382' title='bbox 511 4399 649 4470; x_wconf 81' lang='lat' dir='ltr'><strong>presulis,</strong></span> <span class='ocrx_word' id='word_1_383' title='bbox 666 4398 729 4457; x_wconf 90' lang='lat' dir='ltr'><strong>inde</strong></span> 
     </span>
    </p>
   </div>
   <div class='ocr_carea' id='block_1_31' title="bbox 995 2522 1780 4472">
    <p class='ocr_par' dir='ltr' id='par_1_35' title="bbox 997 2522 1753 2694">
     <span class='ocr_line' id='line_1_63' title="bbox 998 2522 1753 2599; baseline 0 -16"><span class='ocrx_word' id='word_1_384' title='bbox 998 2531 1091 2584; x_wconf 78' lang='lat' dir='ltr'><strong>Exstat</strong></span> <span class='ocrx_word' id='word_1_385' title='bbox 1104 2536 1197 2584; x_wconf 88' lang='lat' dir='ltr'><strong>castus</strong></span> <span class='ocrx_word' id='word_1_386' title='bbox 1212 2526 1260 2595; x_wconf 88' lang='lat' dir='ltr'><strong>ita,</strong></span> <span class='ocrx_word' id='word_1_387' title='bbox 1281 2525 1356 2599; x_wconf 93' lang='lat' dir='ltr'><strong>quod</strong></span> <span class='ocrx_word' id='word_1_388' title='bbox 1371 2523 1492 2597; x_wconf 91' lang='lat' dir='ltr'><strong>quodam</strong></span> <span class='ocrx_word' id='word_1_389' title='bbox 1505 2530 1638 2596; x_wconf 87' lang='lat' dir='ltr'><strong>tempore</strong></span> <span class='ocrx_word' id='word_1_390' title='bbox 1650 2522 1753 2596; x_wconf 84' lang='lat' dir='ltr'><strong>quidm</strong></span> 
     </span>
     <span class='ocr_line' id='line_1_64' title="bbox 997 2616 1542 2694; baseline -0.006 -17"><span class='ocrx_word' id='word_1_391' title='bbox 997 2621 1118 2677; x_wconf 82' lang='lat' dir='ltr'><strong>Perversi</strong></span> <span class='ocrx_word' id='word_1_392' title='bbox 1135 2637 1203 2678; x_wconf 82' lang='lat' dir='ltr'><strong>vene</strong></span> <span class='ocrx_word' id='word_1_393' title='bbox 1213 2619 1390 2694; x_wconf 91' lang='lat' dir='ltr'><strong>proquadam</strong></span> <span class='ocrx_word' id='word_1_394' title='bbox 1402 2616 1542 2674; x_wconf 87' lang='lat' dir='ltr'><strong>debilitate</strong></span> 
     </span>
    </p>

    <p class='ocr_par' dir='ltr' id='par_1_36' title="bbox 997 2709 1780 3353">
     <span class='ocr_line' id='line_1_65' title="bbox 997 2709 1709 2786; baseline -0.004 -15"><span class='ocrx_word' id='word_1_395' title='bbox 997 2715 1183 2772; x_wconf 83' lang='lat' dir='ltr'><strong>Hortabantur</strong></span> <span class='ocrx_word' id='word_1_396' title='bbox 1197 2730 1262 2771; x_wconf 90' lang='lat' dir='ltr'><strong>eum</strong></span> <span class='ocrx_word' id='word_1_397' title='bbox 1275 2723 1400 2786; x_wconf 89' lang='lat' dir='ltr'><strong>stuprum</strong></span> <span class='ocrx_word' id='word_1_398' title='bbox 1406 2709 1597 2779; x_wconf 88' lang='lat' dir='ltr'><strong>committere;</strong></span> <span class='ocrx_word' id='word_1_399' title='bbox 1612 2725 1709 2768; x_wconf 84' lang='lat' dir='ltr'><strong>secum</strong></span> 
     </span>
     <span class='ocr_line' id='line_1_66' title="bbox 997 2803 1684 2880; baseline -0.006 -15"><span class='ocrx_word' id='word_1_400' title='bbox 997 2809 1078 2878; x_wconf 87' lang='lat' dir='ltr'><strong>Quod</strong></span> <span class='ocrx_word' id='word_1_401' title='bbox 1091 2809 1190 2880; x_wconf 85' lang='lat' dir='ltr'><strong>praesul</strong></span> <span class='ocrx_word' id='word_1_402' title='bbox 1204 2816 1322 2866; x_wconf 90' lang='lat' dir='ltr'><strong>tractans</strong></span> <span class='ocrx_word' id='word_1_403' title='bbox 1333 2805 1414 2879; x_wconf 85' lang='lat' dir='ltr'><strong>jussit</strong></span> <span class='ocrx_word' id='word_1_404' title='bbox 1425 2803 1562 2861; x_wconf 86' lang='lat' dir='ltr'><strong>deducere</strong></span> <span class='ocrx_word' id='word_1_405' title='bbox 1574 2811 1684 2876; x_wconf 89' lang='lat' dir='ltr'><strong>partam</strong></span> 
     </span>
     <span class='ocr_line' id='line_1_67' title="bbox 997 2893 1780 2981; baseline -0.004 -24"><span class='ocrx_word' id='word_1_406' title='bbox 997 2898 1540 2981; x_wconf 86' lang='lat' dir='ltr'><strong>Quippelupamquamdam,priusignem</strong></span> <span class='ocrx_word' id='word_1_407' title='bbox 1551 2912 1658 2969; x_wconf 86' lang='lat' dir='ltr'><strong>ponere</strong></span> <span class='ocrx_word' id='word_1_408' title='bbox 1667 2893 1780 2954; x_wconf 67' lang='lat' dir='ltr'><strong>mandet!</strong></span> 
     </span>
     <span class='ocr_line' id='line_1_68' title="bbox 997 2989 1741 3064; baseline -0.003 -15"><span class='ocrx_word' id='word_1_409' title='bbox 997 2999 1070 3051; x_wconf 83' lang='lat' dir='ltr'><strong>Ante</strong></span> <span class='ocrx_word' id='word_1_410' title='bbox 1082 3011 1163 3052; x_wconf 90' lang='lat' dir='ltr'><strong>suum</strong></span> <span class='ocrx_word' id='word_1_411' title='bbox 1176 3003 1306 3063; x_wconf 91' lang='lat' dir='ltr'><strong>stratum;</strong></span> <span class='ocrx_word' id='word_1_412' title='bbox 1321 2992 1395 3048; x_wconf 83' lang='lat' dir='ltr'><strong>ridet</strong></span> <span class='ocrx_word' id='word_1_413' title='bbox 1406 2991 1496 3064; x_wconf 87' lang='lat' dir='ltr'><strong>ignem</strong></span> <span class='ocrx_word' id='word_1_414' title='bbox 1508 2989 1741 3058; x_wconf 76' lang='lat' dir='ltr'><strong>flammiferatum,</strong></span> 
     </span>
     <span class='ocr_line' id='line_1_69' title="bbox 1001 3082 1780 3162; baseline -0.006 -16"><span class='ocrx_word' id='word_1_415' title='bbox 1001 3089 1170 3162; x_wconf 79' lang='lat' dir='ltr'><strong>Appropians</strong></span> <span class='ocrx_word' id='word_1_416' title='bbox 1190 3088 1284 3160; x_wconf 77' lang='lat' dir='ltr'><strong>Juxta,</strong></span> <span class='ocrx_word' id='word_1_417' title='bbox 1304 3088 1372 3145; x_wconf 89' lang='lat' dir='ltr'><strong>dum</strong></span> <span class='ocrx_word' id='word_1_418' title='bbox 1388 3088 1514 3143; x_wconf 86' lang='lat' dir='ltr'><strong>flammas</strong></span> <span class='ocrx_word' id='word_1_419' title='bbox 1532 3084 1637 3155; x_wconf 86' lang='lat' dir='ltr'><strong>sensit,</strong></span> <span class='ocrx_word' id='word_1_420' title='bbox 1654 3082 1780 3142; x_wconf 77' lang='lat' dir='ltr'><strong>abundans</strong></span> 
     </span>
     <span class='ocr_line' id='line_1_70' title="bbox 1000 3177 1779 3257; baseline -0.01 -18"><span class='ocrx_word' id='word_1_421' title='bbox 1000 3186 1032 3240; x_wconf 95' lang='lat' dir='ltr'><strong>ln</strong></span> <span class='ocrx_word' id='word_1_422' title='bbox 1047 3183 1173 3257; x_wconf 86' lang='lat' dir='ltr'><strong>lacrymis</strong></span> <span class='ocrx_word' id='word_1_423' title='bbox 1187 3183 1288 3240; x_wconf 88' lang='lat' dir='ltr'><strong>clamat</strong></span> <span class='ocrx_word' id='word_1_424' title='bbox 1305 3202 1310 3237; x_wconf 93' lang='lat'>:</span> <span class='ocrx_word' id='word_1_425' title='bbox 1326 3185 1384 3251; x_wconf 84' lang='lat' dir='ltr'><strong>Vae,</strong></span> <span class='ocrx_word' id='word_1_426' title='bbox 1407 3196 1447 3238; x_wconf 79' lang='lat' dir='ltr'><strong>vae</strong></span> <span class='ocrx_word' id='word_1_427' title='bbox 1458 3179 1543 3236; x_wconf 90' lang='lat' dir='ltr'><strong>mibi!</strong></span> <span class='ocrx_word' id='word_1_428' title='bbox 1565 3180 1588 3236; x_wconf 91' lang='lat' dir='ltr'><strong>si</strong></span> <span class='ocrx_word' id='word_1_429' title='bbox 1604 3177 1688 3236; x_wconf 89' lang='lat' dir='ltr'><strong>modo</strong></span> <span class='ocrx_word' id='word_1_430' title='bbox 1704 3190 1779 3235; x_wconf 78' lang='lat' dir='ltr'><strong>mrem</strong></span> 
     </span>
     <span class='ocr_line' id='line_1_71' title="bbox 1000 3271 1694 3353; baseline -0.007 -19"><span class='ocrx_word' id='word_1_431' title='bbox 1000 3277 1210 3334; x_wconf 87' lang='lat' dir='ltr'><strong>Flammiculem</strong></span> <span class='ocrx_word' id='word_1_432' title='bbox 1222 3277 1304 3332; x_wconf 86' lang='lat' dir='ltr'><strong>vilem</strong></span> <span class='ocrx_word' id='word_1_433' title='bbox 1318 3290 1425 3348; x_wconf 89' lang='lat' dir='ltr'><strong>nequeo</strong></span> <span class='ocrx_word' id='word_1_434' title='bbox 1439 3271 1571 3340; x_wconf 86' lang='lat' dir='ltr'><strong>suiierre;</strong></span> <span class='ocrx_word' id='word_1_435' title='bbox 1584 3271 1676 3345; x_wconf 86' lang='lat' dir='ltr'><strong>perire</strong></span> <span class='ocrx_word' id='word_1_436' title='bbox 1691 3348 1694 3353; x_wconf 24' lang='grc' dir='ltr'>Ι</span> 
     </span>
    </p>

    <p class='ocr_par' dir='ltr' id='par_1_37' title="bbox 998 3356 1750 3726">
     <span class='ocr_line' id='line_1_72' title="bbox 1001 3356 1724 3444; baseline -0.007 -16"><span class='ocrx_word' id='word_1_437' title='bbox 1001 3371 1028 3428; x_wconf 87' lang='lat' dir='ltr'><strong>Si</strong></span> <span class='ocrx_word' id='word_1_438' title='bbox 1041 3388 1085 3428; x_wconf 90' lang='lat' dir='ltr'><strong>me</strong></span> <span class='ocrx_word' id='word_1_439' title='bbox 1096 3371 1247 3444; x_wconf 89' lang='lat' dir='ltr'><strong>contingat,</strong></span> <span class='ocrx_word' id='word_1_440' title='bbox 1255 3370 1376 3427; x_wconf 90' lang='lat' dir='ltr'><strong>barathri</strong></span> <span class='ocrx_word' id='word_1_441' title='bbox 1389 3356 1544 3436; x_wconf 82' lang='lat' dir='ltr'><strong>dammam,</strong></span> <span class='ocrx_word' id='word_1_442' title='bbox 1559 3367 1647 3424; x_wconf 88' lang='lat' dir='ltr'><strong>miser</strong></span> <span class='ocrx_word' id='word_1_443' title='bbox 1653 3367 1724 3424; x_wconf 84' lang='lat' dir='ltr'><strong>illum</strong></span> 
     </span>
     <span class='ocr_line' id='line_1_73' title="bbox 1000 3460 1750 3538; baseline -0.008 -15"><span class='ocrx_word' id='word_1_444' title='bbox 1000 3466 1146 3536; x_wconf 88' lang='lat' dir='ltr'><strong>Quomodo</strong></span> <span class='ocrx_word' id='word_1_445' title='bbox 1160 3463 1275 3522; x_wconf 87' lang='lat' dir='ltr'><strong>suilerre</strong></span> <span class='ocrx_word' id='word_1_446' title='bbox 1289 3469 1401 3538; x_wconf 76' lang='lat' dir='ltr'><strong>potero?</strong></span> <span class='ocrx_word' id='word_1_447' title='bbox 1415 3464 1508 3521; x_wconf 90' lang='lat' dir='ltr'><strong>Scelus</strong></span> <span class='ocrx_word' id='word_1_448' title='bbox 1524 3461 1601 3519; x_wconf 88' lang='lat' dir='ltr'><strong>istud</strong></span> <span class='ocrx_word' id='word_1_449' title='bbox 1615 3460 1651 3518; x_wconf 93' lang='lat' dir='ltr'><strong>ad</strong></span> <span class='ocrx_word' id='word_1_450' title='bbox 1665 3461 1750 3518; x_wconf 80' lang='lat' dir='ltr'><strong>suna</strong></span> 
     </span>
     <span class='ocr_line' id='line_1_74' title="bbox 1000 3554 1722 3633; baseline -0.007 -17"><span class='ocrx_word' id='word_1_451' title='bbox 1000 3563 1045 3617; x_wconf 91' lang='lat' dir='ltr'><strong>blc</strong></span> <span class='ocrx_word' id='word_1_452' title='bbox 1060 3569 1174 3633; x_wconf 90' lang='lat' dir='ltr'><strong>puteum</strong></span> <span class='ocrx_word' id='word_1_453' title='bbox 1187 3558 1281 3628; x_wconf 84' lang='lat' dir='ltr'><strong>duoet;</strong></span> <span class='ocrx_word' id='word_1_454' title='bbox 1295 3558 1385 3615; x_wconf 89' lang='lat' dir='ltr'><strong>seclus</strong></span> <span class='ocrx_word' id='word_1_455' title='bbox 1397 3557 1459 3626; x_wconf 90' lang='lat' dir='ltr'><strong>hoc,</strong></span> <span class='ocrx_word' id='word_1_456' title='bbox 1474 3571 1510 3612; x_wconf 90' lang='lat' dir='ltr'><strong>ne</strong></span> <span class='ocrx_word' id='word_1_457' title='bbox 1521 3554 1652 3612; x_wconf 78' lang='lat' dir='ltr'><strong>tundms</strong></span> <span class='ocrx_word' id='word_1_458' title='bbox 1663 3568 1722 3612; x_wconf 86' lang='lat' dir='ltr'><strong>urar</strong></span> 
     </span>
     <span class='ocr_line' id='line_1_75' title="bbox 998 3637 1680 3726; baseline -0.007 -16"><span class='ocrx_word' id='word_1_459' title='bbox 998 3657 1062 3726; x_wconf 92' lang='lat' dir='ltr'><strong>lgne</strong></span> <span class='ocrx_word' id='word_1_460' title='bbox 1076 3653 1128 3710; x_wconf 89' lang='lat' dir='ltr'><strong>sub</strong></span> <span class='ocrx_word' id='word_1_461' title='bbox 1143 3653 1271 3720; x_wconf 92' lang='lat' dir='ltr'><strong>obscuro,</strong></span> <span class='ocrx_word' id='word_1_462' title='bbox 1282 3666 1393 3725; x_wconf 88' lang='lat' dir='ltr'><strong>sperno,</strong></span> <span class='ocrx_word' id='word_1_463' title='bbox 1405 3650 1565 3722; x_wconf 89' lang='lat' dir='ltr'><strong>penitusque</strong></span> <span class='ocrx_word' id='word_1_464' title='bbox 1577 3637 1680 3706; x_wconf 82' lang='lat' dir='ltr'><strong>reitito.</strong></span> 
     </span>
    </p>

    <p class='ocr_par' dir='ltr' id='par_1_38' title="bbox 997 3741 1728 4006">
     <span class='ocr_line' id='line_1_76' title="bbox 997 3741 1728 3819; baseline -0.008 -17"><span class='ocrx_word' id='word_1_465' title='bbox 997 3748 1063 3803; x_wconf 83' lang='lat' dir='ltr'><strong>Tale</strong></span> <span class='ocrx_word' id='word_1_466' title='bbox 1076 3746 1123 3802; x_wconf 90' lang='lat' dir='ltr'><strong>dat</strong></span> <span class='ocrx_word' id='word_1_467' title='bbox 1137 3746 1293 3819; x_wconf 83' lang='lat' dir='ltr'><strong>exemplum</strong></span> <span class='ocrx_word' id='word_1_468' title='bbox 1307 3742 1448 3801; x_wconf 89' lang='lat' dir='ltr'><strong>Tedaldus</strong></span> <span class='ocrx_word' id='word_1_469' title='bbox 1463 3743 1565 3815; x_wconf 85' lang='lat' dir='ltr'><strong>praesul</strong></span> <span class='ocrx_word' id='word_1_470' title='bbox 1582 3741 1728 3814; x_wconf 71' lang='lat' dir='ltr'><strong>agendum</strong></span> 
     </span>
     <span class='ocr_line' id='line_1_77' title="bbox 998 3833 1695 3911; baseline -0.009 -13"><span class='ocrx_word' id='word_1_471' title='bbox 998 3840 1087 3911; x_wconf 80' lang='lat' dir='ltr'><strong>Coepit</strong></span> <span class='ocrx_word' id='word_1_472' title='bbox 1097 3840 1140 3896; x_wconf 90' lang='lat' dir='ltr'><strong>hic</strong></span> <span class='ocrx_word' id='word_1_473' title='bbox 1151 3839 1297 3897; x_wconf 85' lang='lat' dir='ltr'><strong>adversum</strong></span> <span class='ocrx_word' id='word_1_474' title='bbox 1308 3837 1480 3894; x_wconf 89' lang='lat' dir='ltr'><strong>Simoniacos</strong></span> <span class='ocrx_word' id='word_1_475' title='bbox 1491 3835 1558 3893; x_wconf 91' lang='lat' dir='ltr'><strong>dare</strong></span> <span class='ocrx_word' id='word_1_476' title='bbox 1572 3833 1695 3903; x_wconf 79' lang='lat' dir='ltr'><strong>verbum,</strong></span> 
     </span>
     <span class='ocr_line' id='line_1_78' title="bbox 998 3928 1601 4006; baseline -0.007 -17"><span class='ocrx_word' id='word_1_477' title='bbox 998 3936 1075 4006; x_wconf 88' lang='lat' dir='ltr'><strong>lpsos</strong></span> <span class='ocrx_word' id='word_1_478' title='bbox 1088 3934 1227 3991; x_wconf 90' lang='lat' dir='ltr'><strong>detestans</strong></span> <span class='ocrx_word' id='word_1_479' title='bbox 1238 3932 1345 3989; x_wconf 89' lang='lat' dir='ltr'><strong>dicebat</strong></span> <span class='ocrx_word' id='word_1_480' title='bbox 1358 3939 1451 3988; x_wconf 91' lang='lat' dir='ltr'><strong>mente</strong></span> <span class='ocrx_word' id='word_1_481' title='bbox 1465 3928 1601 3986; x_wconf 89' lang='lat' dir='ltr'><strong>modesta.</strong></span> 
     </span>
    </p>

    <p class='ocr_par' dir='ltr' id='par_1_39' title="bbox 997 4023 1639 4098">
     <span class='ocr_line' id='line_1_79' title="bbox 997 4023 1639 4098; baseline -0.008 -14"><span class='ocrx_word' id='word_1_482' title='bbox 997 4029 1072 4085; x_wconf 89' lang='lat' dir='ltr'><strong>Mille</strong></span> <span class='ocrx_word' id='word_1_483' title='bbox 1083 4027 1166 4084; x_wconf 91' lang='lat' dir='ltr'><strong>libras</strong></span> <span class='ocrx_word' id='word_1_484' title='bbox 1179 4035 1254 4084; x_wconf 90' lang='lat' dir='ltr'><strong>certe</strong></span> <span class='ocrx_word' id='word_1_485' title='bbox 1266 4042 1316 4098; x_wconf 90' lang='lat' dir='ltr'><strong>pro</strong></span> <span class='ocrx_word' id='word_1_486' title='bbox 1326 4033 1428 4098; x_wconf 91' lang='lat' dir='ltr'><strong>papatu</strong></span> <span class='ocrx_word' id='word_1_487' title='bbox 1442 4023 1508 4080; x_wconf 89' lang='lat' dir='ltr'><strong>dare</strong></span> <span class='ocrx_word' id='word_1_488' title='bbox 1526 4023 1639 4091; x_wconf 82' lang='lat' dir='ltr'><strong>vellem,</strong></span> 
     </span>
    </p>

    <p class='ocr_par' dir='ltr' id='par_1_40' title="bbox 995 4114 1713 4365">
     <span class='ocr_line' id='line_1_80' title="bbox 997 4114 1673 4194; baseline -0.009 -16"><span class='ocrx_word' id='word_1_489' title='bbox 997 4123 1047 4191; x_wconf 89' lang='lat' dir='ltr'><strong>Ut,</strong></span> <span class='ocrx_word' id='word_1_490' title='bbox 1064 4120 1140 4194; x_wconf 92' lang='lat' dir='ltr'><strong>quod</strong></span> <span class='ocrx_word' id='word_1_491' title='bbox 1152 4136 1203 4194; x_wconf 89' lang='lat' dir='ltr'><strong>ego</strong></span> <span class='ocrx_word' id='word_1_492' title='bbox 1217 4120 1314 4193; x_wconf 87' lang='lat' dir='ltr'><strong>glisco,</strong></span> <span class='ocrx_word' id='word_1_493' title='bbox 1327 4118 1496 4175; x_wconf 89' lang='lat' dir='ltr'><strong>Simoniacos</strong></span> <span class='ocrx_word' id='word_1_494' title='bbox 1509 4114 1673 4172; x_wconf 84' lang='lat' dir='ltr'><strong>maledictos</strong></span> 
     </span>
     <span class='ocr_line' id='line_1_81' title="bbox 995 4206 1713 4287; baseline -0.013 -16"><span class='ocrx_word' id='word_1_495' title='bbox 995 4214 1130 4287; x_wconf 87' lang='lat' dir='ltr'><strong>Ejicerem</strong></span> <span class='ocrx_word' id='word_1_496' title='bbox 1141 4221 1256 4271; x_wconf 91' lang='lat' dir='ltr'><strong>cunctos</strong></span> <span class='ocrx_word' id='word_1_497' title='bbox 1268 4206 1316 4285; x_wconf 90' lang='lat' dir='ltr'><strong>per</strong></span> <span class='ocrx_word' id='word_1_498' title='bbox 1329 4220 1422 4268; x_wconf 92' lang='lat' dir='ltr'><strong>totum</strong></span> <span class='ocrx_word' id='word_1_499' title='bbox 1436 4209 1557 4281; x_wconf 90' lang='lat' dir='ltr'><strong>denique</strong></span> <span class='ocrx_word' id='word_1_500' title='bbox 1570 4207 1713 4266; x_wconf 88' lang='lat' dir='ltr'><strong>mundum.</strong></span> 
     </span>
     <span class='ocr_line' id='line_1_82' title="bbox 996 4299 1654 4365; baseline -0.012 0"><span class='ocrx_word' id='word_1_501' title='bbox 996 4306 1099 4365; x_wconf 84' lang='lat' dir='ltr'><strong>Musica</strong></span> <span class='ocrx_word' id='word_1_502' title='bbox 1111 4323 1159 4365; x_wconf 91' lang='lat' dir='ltr'><strong>seu</strong></span> <span class='ocrx_word' id='word_1_503' title='bbox 1171 4315 1267 4363; x_wconf 86' lang='lat' dir='ltr'><strong>cantus</strong></span> <span class='ocrx_word' id='word_1_504' title='bbox 1280 4305 1366 4363; x_wconf 90' lang='lat' dir='ltr'><strong>istum</strong></span> <span class='ocrx_word' id='word_1_505' title='bbox 1381 4303 1489 4360; x_wconf 89' lang='lat' dir='ltr'><strong>laudare</strong></span> <span class='ocrx_word' id='word_1_506' title='bbox 1498 4299 1654 4358; x_wconf 88' lang='lat' dir='ltr'><strong>Tedaldum</strong></span> 
     </span>
    </p>

    <p class='ocr_par' dir='ltr' id='par_1_41' title="bbox 996 4392 1671 4472">
     <span class='ocr_line' id='line_1_83' title="bbox 996 4392 1671 4472; baseline -0.009 -16"><span class='ocrx_word' id='word_1_507' title='bbox 996 4402 1059 4458; x_wconf 89' lang='lat' dir='ltr'><strong>Non</strong></span> <span class='ocrx_word' id='word_1_508' title='bbox 1072 4409 1180 4458; x_wconf 90' lang='lat' dir='ltr'><strong>cessant</strong></span> <span class='ocrx_word' id='word_1_509' title='bbox 1190 4415 1308 4472; x_wconf 88' lang='lat' dir='ltr'><strong>semper,</strong></span> <span class='ocrx_word' id='word_1_510' title='bbox 1320 4405 1486 4456; x_wconf 80' lang='lat' dir='ltr'><strong>renovantur</strong></span> <span class='ocrx_word' id='word_1_511' title='bbox 1498 4410 1532 4452; x_wconf 92' lang='lat' dir='ltr'><strong>ee</strong></span> <span class='ocrx_word' id='word_1_512' title='bbox 1542 4392 1671 4462; x_wconf 75' lang='lat' dir='ltr'><strong>sedente,</strong></span> 
     </span>
    </p>
   </div>
   <div class='ocr_carea' id='block_1_32' title="bbox 179 4575 1780 4661">
    <p class='ocr_par' dir='ltr' id='par_1_42' title="bbox 179 4575 1780 4661">
     <span class='ocr_line' id='line_1_84' title="bbox 179 4575 1780 4661; baseline -0.003 -20"><span class='ocrx_word' id='word_1_513' title='bbox 179 4588 253 4649; x_wconf 85' lang='grc'>(565)</span> <span class='ocrx_word' id='word_1_514' title='bbox 276 4584 330 4640; x_wconf 88' lang='lat' dir='ltr'><strong>Diu</strong></span> <span class='ocrx_word' id='word_1_515' title='bbox 352 4583 446 4641; x_wconf 84' lang='lat' dir='ltr'><strong>floruit</strong></span> <span class='ocrx_word' id='word_1_516' title='bbox 477 4584 634 4642; x_wconf 90' lang='lat' dir='ltr'><strong>eoenobium</strong></span> <span class='ocrx_word' id='word_1_517' title='bbox 656 4585 742 4641; x_wconf 84' lang='lat' dir='ltr'><strong>sancti</strong></span> <span class='ocrx_word' id='word_1_518' title='bbox 763 4587 872 4643; x_wconf 91' lang='lat' dir='ltr'><strong>Genesii</strong></span> <span class='ocrx_word' id='word_1_519' title='bbox 904 4578 980 4644; x_wconf 77' lang='lat' dir='ltr'><strong>abl)</strong></span> <span class='ocrx_word' id='word_1_520' title='bbox 996 4606 1047 4647; x_wconf 90' lang='lat' dir='ltr'><strong>res.</strong></span> <span class='ocrx_word' id='word_1_521' title='bbox 1065 4592 1161 4661; x_wconf 91' lang='lat' dir='ltr'><strong>ltaque</strong></span> <span class='ocrx_word' id='word_1_522' title='bbox 1185 4588 1284 4644; x_wconf 90' lang='lat' dir='ltr'><strong>merito</strong></span> <span class='ocrx_word' id='word_1_523' title='bbox 1297 4585 1448 4656; x_wconf 82' lang='lat' dir='ltr'><strong>Sipebcrtus</strong></span> <span class='ocrx_word' id='word_1_524' title='bbox 1462 4582 1596 4656; x_wconf 82' lang='lat' dir='ltr'><strong>rejicitur,</strong></span> <span class='ocrx_word' id='word_1_525' title='bbox 1611 4596 1695 4652; x_wconf 88' lang='lat' dir='ltr'><strong>quem</strong></span> <span class='ocrx_word' id='word_1_526' title='bbox 1712 4575 1780 4649; x_wconf 76' lang='lat' dir='ltr'><strong>sigt-</strong></span> 
     </span>
    </p>
   </div>
   <div class='ocr_carea' id='block_1_33' title="bbox 145 4653 940 4727">
    <p class='ocr_par' dir='ltr' id='par_1_43' title="bbox 145 4653 940 4727">
     <span class='ocr_line' id='line_1_85' title="bbox 145 4653 940 4727; baseline 0.005 -16"><span class='ocrx_word' id='word_1_527' title='bbox 145 4657 247 4711; x_wconf 78' lang='lat' dir='ltr'><strong>Attene</strong></span> <span class='ocrx_word' id='word_1_528' title='bbox 270 4653 413 4711; x_wconf 79' lang='lat' dir='ltr'><strong>fundatum</strong></span> <span class='ocrx_word' id='word_1_529' title='bbox 433 4656 543 4725; x_wconf 80' lang='lat' dir='ltr'><strong>Brixilli,</strong></span> <span class='ocrx_word' id='word_1_530' title='bbox 564 4672 612 4712; x_wconf 89' lang='lat' dir='ltr'><strong>ssu</strong></span> <span class='ocrx_word' id='word_1_531' title='bbox 638 4656 749 4712; x_wconf 87' lang='lat' dir='ltr'><strong>Brixelli</strong></span> <span class='ocrx_word' id='word_1_532' title='bbox 767 4657 802 4714; x_wconf 91' lang='lat' dir='ltr'><strong>ad</strong></span> <span class='ocrx_word' id='word_1_533' title='bbox 823 4655 940 4727; x_wconf 89' lang='lat' dir='ltr'><strong>Padum,</strong></span> 
     </span>
    </p>
   </div>
   <div class='ocr_carea' id='block_1_34' title="bbox 143 4722 941 4796">
    <p class='ocr_par' dir='ltr' id='par_1_44' title="bbox 143 4722 941 4796">
     <span class='ocr_line' id='line_1_86' title="bbox 143 4722 941 4796; baseline 0.006 -16"><span class='ocrx_word' id='word_1_534' title='bbox 143 4725 223 4796; x_wconf 83' lang='lat' dir='ltr'><strong>cujus</strong></span> <span class='ocrx_word' id='word_1_535' title='bbox 237 4722 441 4792; x_wconf 80' lang='lat' dir='ltr'><strong>fundationem,</strong></span> <span class='ocrx_word' id='word_1_536' title='bbox 464 4727 521 4782; x_wconf 91' lang='lat' dir='ltr'><strong>imo</strong></span> <span class='ocrx_word' id='word_1_537' title='bbox 544 4734 573 4783; x_wconf 91' lang='lat' dir='ltr'><strong>et</strong></span> <span class='ocrx_word' id='word_1_538' title='bbox 595 4727 766 4784; x_wconf 90' lang='lat' dir='ltr'><strong>mentionem</strong></span> <span class='ocrx_word' id='word_1_539' title='bbox 786 4729 814 4784; x_wconf 93' lang='lat' dir='ltr'><strong>in</strong></span> <span class='ocrx_word' id='word_1_540' title='bbox 827 4730 941 4786; x_wconf 81' lang='lat' dir='ltr'><strong>Annali·</strong></span> 
     </span>
    </p>
   </div>
   <div class='ocr_carea' id='block_1_35' title="bbox 143 4795 940 4940">
    <p class='ocr_par' dir='ltr' id='par_1_45' title="bbox 143 4795 940 4940">
     <span class='ocr_line' id='line_1_87' title="bbox 144 4795 937 4857; baseline 0.006 -5"><span class='ocrx_word' id='word_1_541' title='bbox 144 4795 196 4852; x_wconf 91' lang='lat' dir='ltr'><strong>bus</strong></span> <span class='ocrx_word' id='word_1_542' title='bbox 210 4795 395 4851; x_wconf 77' lang='lat' dir='ltr'><strong>benedictinis</strong></span> <span class='ocrx_word' id='word_1_543' title='bbox 412 4797 556 4854; x_wconf 83' lang='lat' dir='ltr'><strong>clarissimi</strong></span> <span class='ocrx_word' id='word_1_544' title='bbox 573 4797 725 4855; x_wconf 87' lang='lat' dir='ltr'><strong>llabillonii</strong></span> <span class='ocrx_word' id='word_1_545' title='bbox 739 4797 842 4856; x_wconf 80' lang='lat' dir='ltr'><strong>frustra</strong></span> <span class='ocrx_word' id='word_1_546' title='bbox 883 4816 937 4857; x_wconf 84' lang='lat' dir='ltr'><strong>ura·</strong></span> 
     </span>
     <span class='ocr_line' id='line_1_88' title="bbox 143 4816 940 4940; baseline 0.009 -19"><span class='ocrx_word' id='word_1_547' title='bbox 143 4866 204 4922; x_wconf 87' lang='lat' dir='ltr'><strong>sivi.</strong></span> <span class='ocrx_word' id='word_1_548' title='bbox 216 4867 296 4922; x_wconf 87' lang='lat' dir='ltr'><strong>Nune</strong></span> <span class='ocrx_word' id='word_1_549' title='bbox 311 4867 438 4922; x_wconf 91' lang='lat' dir='ltr'><strong>attritum</strong></span> <span class='ocrx_word' id='word_1_550' title='bbox 452 4875 504 4933; x_wconf 89' lang='lat' dir='ltr'><strong>est,</strong></span> <span class='ocrx_word' id='word_1_551' title='bbox 524 4876 552 4924; x_wconf 92' lang='lat' dir='ltr'><strong>et</strong></span> <span class='ocrx_word' id='word_1_552' title='bbox 566 4869 600 4924; x_wconf 86' lang='lat' dir='ltr'><strong>ab</strong></span> <span class='ocrx_word' id='word_1_553' title='bbox 622 4869 725 4940; x_wconf 91' lang='lat' dir='ltr'><strong>aliquot</strong></span> <span class='ocrx_word' id='word_1_554' title='bbox 738 4871 844 4927; x_wconf 77' lang='lat' dir='ltr'><strong>saeculis</strong></span> <span class='ocrx_word' id='word_1_555' title='bbox 858 4816 940 4928; x_wconf 60' lang='lat' dir='ltr'><strong>gesti-</strong></span> 
     </span>
    </p>
   </div>
   <div class='ocr_carea' id='block_1_36' title="bbox 143 4936 941 5012">
    <p class='ocr_par' dir='ltr' id='par_1_46' title="bbox 143 4936 941 5012">
     <span class='ocr_line' id='line_1_89' title="bbox 143 4936 941 5012; baseline 0.01 -21"><span class='ocrx_word' id='word_1_556' title='bbox 143 4944 236 4994; x_wconf 90' lang='lat' dir='ltr'><strong>tutum</strong></span> <span class='ocrx_word' id='word_1_557' title='bbox 255 4936 408 5000; x_wconf 88' lang='lat' dir='ltr'><strong>monacbis,</strong></span> <span class='ocrx_word' id='word_1_558' title='bbox 430 4938 542 5010; x_wconf 87' lang='lat' dir='ltr'><strong>ejusque</strong></span> <span class='ocrx_word' id='word_1_559' title='bbox 564 4950 711 5010; x_wconf 85' lang='lat' dir='ltr'><strong>proventus</strong></span> <span class='ocrx_word' id='word_1_560' title='bbox 725 4942 854 4998; x_wconf 78' lang='lat' dir='ltr'><strong>Ecclesiae</strong></span> <span class='ocrx_word' id='word_1_561' title='bbox 868 4943 941 5012; x_wconf 90' lang='lat' dir='ltr'><strong>prin-</strong></span> 
     </span>
    </p>
   </div>
   <div class='ocr_carea' id='block_1_37' title="bbox 141 5006 940 5856">
    <p class='ocr_par' dir='ltr' id='par_1_47' title="bbox 142 5006 939 5274">
     <span class='ocr_line' id='line_1_90' title="bbox 142 5006 939 5092; baseline 0.009 -29"><span class='ocrx_word' id='word_1_562' title='bbox 142 5007 249 5090; x_wconf 77' lang='lat' dir='ltr'><strong>cipibus</strong></span> <span class='ocrx_word' id='word_1_563' title='bbox 263 5006 503 5090; x_wconf 78' lang='lat' dir='ltr'><strong>commendantur.</strong></span> <span class='ocrx_word' id='word_1_564' title='bbox 523 5009 636 5092; x_wconf 80' lang='lat' dir='ltr'><strong>Fulvius</strong></span> <span class='ocrx_word' id='word_1_565' title='bbox 655 5011 785 5068; x_wconf 78' lang='lat' dir='ltr'><strong>Anarius</strong></span> <span class='ocrx_word' id='word_1_566' title='bbox 805 5013 833 5068; x_wconf 91' lang='lat' dir='ltr'><strong>in</strong></span> <span class='ocrx_word' id='word_1_567' title='bbox 847 5015 939 5070; x_wconf 81' lang='lat' dir='ltr'><strong>ilisto-</strong></span> 
     </span>
     <span class='ocr_line' id='line_1_91' title="bbox 143 5081 937 5165; baseline 0.01 -32"><span class='ocrx_word' id='word_1_568' title='bbox 143 5094 190 5159; x_wconf 81' lang='lat' dir='ltr'><strong>rus</strong></span> <span class='ocrx_word' id='word_1_569' title='bbox 204 5082 325 5160; x_wconf 64' lang='lat' dir='ltr'><strong>ltegren.</strong></span> <span class='ocrx_word' id='word_1_570' title='bbox 341 5093 398 5134; x_wconf 81' lang='lat' dir='ltr'><strong>nnss</strong></span> <span class='ocrx_word' id='word_1_571' title='bbox 413 5120 421 5144; x_wconf 92' lang='lat'><strong>,</strong></span> <span class='ocrx_word' id='word_1_572' title='bbox 435 5088 466 5160; x_wconf 84' lang='lat' dir='ltr'><strong>et</strong></span> <span class='ocrx_word' id='word_1_573' title='bbox 478 5081 650 5162; x_wconf 71' lang='lat' dir='ltr'><strong>Baccbrnrus,</strong></span> <span class='ocrx_word' id='word_1_574' title='bbox 666 5098 726 5154; x_wconf 89' lang='lat' dir='ltr'><strong>pag.</strong></span> <span class='ocrx_word' id='word_1_575' title='bbox 742 5088 788 5165; x_wconf 81' lang='grc'><strong>76,</strong></span> <span class='ocrx_word' id='word_1_576' title='bbox 813 5087 854 5165; x_wconf 67' lang='lat' dir='ltr'><strong>dp</strong></span> <span class='ocrx_word' id='word_1_577' title='bbox 871 5084 937 5165; x_wconf 79' lang='lat' dir='ltr'><strong>end.</strong></span> 
     </span>
     <span class='ocr_line' id='line_1_92' title="bbox 144 5148 938 5274; baseline 0.009 -71"><span class='ocrx_word' id='word_1_578' title='bbox 144 5148 207 5274; x_wconf 53' lang='lat' dir='ltr'><strong>ffizt.</strong></span> <span class='ocrx_word' id='word_1_579' title='bbox 230 5148 510 5233; x_wconf 34' lang='lat' dir='ltr'><strong>Padolrr.,·exhrben,t</strong></span> <span class='ocrx_word' id='word_1_580' title='bbox 529 5160 676 5208; x_wconf 72' lang='lat' dir='ltr'><strong>comitisse</strong></span> <span class='ocrx_word' id='word_1_581' title='bbox 697 5154 837 5237; x_wconf 84' lang='lat' dir='ltr'><strong>ltlatbrldrs</strong></span> <span class='ocrx_word' id='word_1_582' title='bbox 881 5154 938 5225; x_wconf 89' lang='lat' dir='ltr'><strong>plo·</strong></span> 
     </span>
    </p>

    <p class='ocr_par' dir='ltr' id='par_1_48' title="bbox 141 5220 940 5801">
     <span class='ocr_line' id='line_1_93' title="bbox 191 5220 939 5347; baseline 0.008 -72"><span class='ocrx_word' id='word_1_583' title='bbox 191 5258 200 5287; x_wconf 92' lang='lat'><strong>,</strong></span> <span class='ocrx_word' id='word_1_584' title='bbox 222 5234 275 5346; x_wconf 65' lang='lat' dir='ltr'><strong>qua</strong></span> <span class='ocrx_word' id='word_1_585' title='bbox 295 5220 389 5304; x_wconf 86' lang='lat' dir='ltr'><strong>mulus</strong></span> <span class='ocrx_word' id='word_1_586' title='bbox 409 5221 523 5347; x_wconf 59' lang='lat' dir='ltr'><strong>praedes</strong></span> <span class='ocrx_word' id='word_1_587' title='bbox 538 5223 622 5308; x_wconf 81' lang='lat' dir='ltr'><strong>donet</strong></span> <span class='ocrx_word' id='word_1_588' title='bbox 647 5230 855 5309; x_wconf 56' lang='lat' dir='ltr'><strong>monesterium,</strong></span> <span class='ocrx_word' id='word_1_589' title='bbox 868 5228 939 5295; x_wconf 84' lang='lat' dir='ltr'><strong>quod</strong></span> 
     </span>
     <span class='ocr_line' id='line_1_94' title="bbox 141 5296 939 5432; baseline 0.014 -19"><span class='ocrx_word' id='word_1_590' title='bbox 141 5296 939 5432; x_wconf 54' lang='lat' dir='ltr'><strong>temnit..</strong></span> 
     </span>
     <span class='ocr_line' id='line_1_95' title="bbox 141 5433 940 5522; baseline 0.014 -38"><span class='ocrx_word' id='word_1_591' title='bbox 141 5433 382 5516; x_wconf 55' lang='lat' dir='ltr'><strong>proceresquedum</strong></span> <span class='ocrx_word' id='word_1_592' title='bbox 394 5435 467 5504; x_wconf 81' lang='lat' dir='ltr'><strong>qood</strong></span> <span class='ocrx_word' id='word_1_593' title='bbox 475 5440 516 5518; x_wconf 75' lang='lat' dir='ltr'><strong>est</strong></span> <span class='ocrx_word' id='word_1_594' title='bbox 529 5440 754 5520; x_wconf 23' lang='lat' dir='ltr'><strong>constructumuirt</strong></span> <span class='ocrx_word' id='word_1_595' title='bbox 768 5440 864 5522; x_wconf 68' lang='lat' dir='ltr'><strong>meere</strong></span> <span class='ocrx_word' id='word_1_596' title='bbox 875 5455 940 5495; x_wconf 80' lang='lat' dir='ltr'><strong>sort·</strong></span> 
     </span>
     <span class='ocr_line' id='line_1_96' title="bbox 142 5505 938 5594; baseline 0.014 -38"><span class='ocrx_word' id='word_1_597' title='bbox 142 5507 191 5556; x_wconf 78' lang='lat' dir='ltr'><strong>etc</strong></span> <span class='ocrx_word' id='word_1_598' title='bbox 206 5505 347 5559; x_wconf 64' lang='grc'>6666666666</span> <span class='ocrx_word' id='word_1_599' title='bbox 363 5509 484 5560; x_wconf 82' lang='lat' dir='ltr'><strong>etsonctr</strong></span> <span class='ocrx_word' id='word_1_600' title='bbox 504 5506 661 5590; x_wconf 71' lang='lat' dir='ltr'><strong>oroboeqelt</strong></span> <span class='ocrx_word' id='word_1_601' title='bbox 680 5510 831 5594; x_wconf 66' lang='lat' dir='ltr'><strong>limicolis,</strong></span> <span class='ocrx_word' id='word_1_602' title='bbox 856 5515 938 5581; x_wconf 81' lang='lat' dir='ltr'><strong>atque</strong></span> 
     </span>
     <span class='ocr_line' id='line_1_97' title="bbox 141 5577 939 5704; baseline 0.018 -79"><span class='ocrx_word' id='word_1_603' title='bbox 141 5579 297 5704; x_wconf 51' lang='lat' dir='ltr'><strong>sangrirrgm</strong></span> <span class='ocrx_word' id='word_1_604' title='bbox 319 5577 499 5702; x_wconf 56' lang='lat' dir='ltr'><strong>opoffiolorum</strong></span> <span class='ocrx_word' id='word_1_605' title='bbox 516 5578 590 5632; x_wconf 76' lang='lat' dir='ltr'><strong>Petri</strong></span> <span class='ocrx_word' id='word_1_606' title='bbox 612 5583 638 5634; x_wconf 83' lang='lat' dir='ltr'><strong>et</strong></span> <span class='ocrx_word' id='word_1_607' title='bbox 656 5580 743 5650; x_wconf 64' lang='lat' dir='ltr'><strong>Pactu,</strong></span> <span class='ocrx_word' id='word_1_608' title='bbox 768 5597 815 5637; x_wconf 82' lang='lat' dir='ltr'><strong>nec</strong></span> <span class='ocrx_word' id='word_1_609' title='bbox 836 5597 890 5637; x_wconf 76' lang='lat' dir='ltr'><strong>reon</strong></span> <span class='ocrx_word' id='word_1_610' title='bbox 912 5586 939 5639; x_wconf 80' lang='lat' dir='ltr'><strong>et</strong></span> 
     </span>
     <span class='ocr_line' id='line_1_98' title="bbox 142 5659 590 5801; baseline 0.013 -32"><span class='ocrx_word' id='word_1_611' title='bbox 142 5659 527 5785; x_wconf 38' lang='grc' dir='ltr'>3αῗ566)68&gt;268666666ἓ.316666.</span> <span class='ocrx_word' id='word_1_612' title='bbox 584 5788 590 5801; x_wconf 30' lang='lat'><em>⁶</em></span> 
     </span>
    </p>

    <p class='ocr_par' dir='ltr' id='par_1_49' title="bbox 178 5786 938 5856">
     <span class='ocr_line' id='line_1_99' title="bbox 178 5786 938 5856; baseline 0.014 -14"><span class='ocrx_word' id='word_1_613' title='bbox 178 5790 249 5855; x_wconf 78' lang='grc'>(567)</span> <span class='ocrx_word' id='word_1_614' title='bbox 263 5786 295 5844; x_wconf 89' lang='grc'><strong>16</strong></span> <span class='ocrx_word' id='word_1_615' title='bbox 308 5795 359 5856; x_wconf 89' lang='lat' dir='ltr'><strong>est,</strong></span> <span class='ocrx_word' id='word_1_616' title='bbox 384 5789 460 5846; x_wconf 88' lang='lat' dir='ltr'><strong>solus</strong></span> <span class='ocrx_word' id='word_1_617' title='bbox 472 5797 605 5846; x_wconf 81' lang='lat' dir='ltr'><strong>successit</strong></span> <span class='ocrx_word' id='word_1_618' title='bbox 625 5789 785 5849; x_wconf 89' lang='lat' dir='ltr'><strong>inditiones</strong></span> <span class='ocrx_word' id='word_1_619' title='bbox 805 5800 833 5848; x_wconf 91' lang='lat' dir='ltr'><strong>et</strong></span> <span class='ocrx_word' id='word_1_620' title='bbox 848 5793 938 5852; x_wconf 90' lang='lat' dir='ltr'><strong>bono·</strong></span> 
     </span>
    </p>
   </div>
   <div class='ocr_carea' id='block_1_38' title="bbox 994 4651 1782 4727">
    <p class='ocr_par' dir='ltr' id='par_1_50' title="bbox 994 4651 1782 4727">
     <span class='ocr_line' id='line_1_100' title="bbox 994 4651 1782 4727; baseline -0.02 -10"><span class='ocrx_word' id='word_1_621' title='bbox 994 4663 1056 4717; x_wconf 84' lang='lat' dir='ltr'><strong>rrius</strong></span> <span class='ocrx_word' id='word_1_622' title='bbox 1069 4660 1167 4717; x_wconf 79' lang='lat' dir='ltr'><strong>Attoni</strong></span> <span class='ocrx_word' id='word_1_623' title='bbox 1192 4660 1289 4727; x_wconf 86' lang='lat' dir='ltr'><strong>lilium,</strong></span> <span class='ocrx_word' id='word_1_624' title='bbox 1304 4656 1444 4713; x_wconf 85' lang='lat' dir='ltr'><strong>Tlredaldo</strong></span> <span class='ocrx_word' id='word_1_625' title='bbox 1469 4653 1580 4710; x_wconf 76' lang='lat' dir='ltr'><strong>fratrem</strong></span> <span class='ocrx_word' id='word_1_626' title='bbox 1600 4653 1729 4723; x_wconf 82' lang='lat' dir='ltr'><strong>assignat,</strong></span> <span class='ocrx_word' id='word_1_627' title='bbox 1741 4651 1782 4702; x_wconf 85' lang='lat' dir='ltr'><strong>aut</strong></span> 
     </span>
    </p>
   </div>
   <div class='ocr_carea' id='block_1_39' title="bbox 995 4723 1780 4852">
    <p class='ocr_par' dir='ltr' id='par_1_51' title="bbox 995 4723 1780 4852">
     <span class='ocr_line' id='line_1_101' title="bbox 995 4723 1780 4852; baseline -0.014 -64"><span class='ocrx_word' id='word_1_628' title='bbox 995 4734 1122 4788; x_wconf 61' lang='lat' dir='ltr'><strong>eilbertus</strong></span> <span class='ocrx_word' id='word_1_629' title='bbox 1138 4733 1206 4794; x_wconf 72' lang='lat' dir='ltr'><strong>Aeo,</strong></span> <span class='ocrx_word' id='word_1_630' title='bbox 1222 4731 1276 4786; x_wconf 86' lang='lat' dir='ltr'><strong>sive</strong></span> <span class='ocrx_word' id='word_1_631' title='bbox 1298 4729 1478 4788; x_wconf 79' lang='lat' dir='ltr'><strong>Albertetius,</strong></span> <span class='ocrx_word' id='word_1_632' title='bbox 1492 4740 1576 4852; x_wconf 52' lang='lat' dir='ltr'><strong>auem</strong></span> <span class='ocrx_word' id='word_1_633' title='bbox 1590 4723 1687 4794; x_wconf 83' lang='lat' dir='ltr'><strong>Pigna.</strong></span> <span class='ocrx_word' id='word_1_634' title='bbox 1703 4723 1780 4777; x_wconf 75' lang='lat' dir='ltr'><strong>Lm·</strong></span> 
     </span>
    </p>
   </div>
   <div class='ocr_carea' id='block_1_40' title="bbox 993 4791 1782 5151">
    <p class='ocr_par' dir='ltr' id='par_1_52' title="bbox 994 4791 1780 4942">
     <span class='ocr_line' id='line_1_102' title="bbox 1032 4791 1780 4868; baseline -0.017 -8"><span class='ocrx_word' id='word_1_635' title='bbox 1032 4809 1105 4868; x_wconf 86' lang='grc'>(666)</span> <span class='ocrx_word' id='word_1_636' title='bbox 1136 4803 1246 4860; x_wconf 88' lang='lat' dir='ltr'><strong>Scilicet</strong></span> <span class='ocrx_word' id='word_1_637' title='bbox 1263 4802 1401 4861; x_wconf 79' lang='lat' dir='ltr'><strong>Ferraria,</strong></span> <span class='ocrx_word' id='word_1_638' title='bbox 1425 4797 1472 4852; x_wconf 89' lang='lat' dir='ltr'><strong>ubi</strong></span> <span class='ocrx_word' id='word_1_639' title='bbox 1513 4795 1542 4852; x_wconf 90' lang='lat' dir='ltr'><strong>iu</strong></span> <span class='ocrx_word' id='word_1_640' title='bbox 1576 4791 1780 4865; x_wconf 77' lang='lat' dir='ltr'><strong>permansitcs·</strong></span> 
     </span>
     <span class='ocr_line' id='line_1_103' title="bbox 994 4867 1642 4942; baseline -0.014 -12"><span class='ocrx_word' id='word_1_641' title='bbox 994 4881 1082 4930; x_wconf 86' lang='lat' dir='ltr'><strong>strum</strong></span> <span class='ocrx_word' id='word_1_642' title='bbox 1096 4875 1228 4930; x_wconf 82' lang='lat' dir='ltr'><strong>Tbcdoldi</strong></span> <span class='ocrx_word' id='word_1_643' title='bbox 1241 4871 1276 4927; x_wconf 92' lang='lat' dir='ltr'><strong>ab</strong></span> <span class='ocrx_word' id='word_1_644' title='bbox 1290 4871 1348 4942; x_wconf 90' lang='lat' dir='ltr'><strong>ipso</strong></span> <span class='ocrx_word' id='word_1_645' title='bbox 1362 4868 1541 4926; x_wconf 83' lang='lat' dir='ltr'><strong>aedificatum.</strong></span> <span class='ocrx_word' id='word_1_646' title='bbox 1556 4867 1642 4923; x_wconf 84' lang='lat' dir='ltr'><strong>Mun.</strong></span> 
     </span>
    </p>

    <p class='ocr_par' dir='ltr' id='par_1_53' title="bbox 993 4932 1782 5151">
     <span class='ocr_line' id='line_1_104' title="bbox 1030 4932 1781 5017; baseline -0.016 -16"><span class='ocrx_word' id='word_1_647' title='bbox 1030 4949 1104 5011; x_wconf 88' lang='grc'>(569)</span> <span class='ocrx_word' id='word_1_648' title='bbox 1119 4945 1205 5017; x_wconf 75' lang='lat' dir='ltr'><strong>CuJus</strong></span> <span class='ocrx_word' id='word_1_649' title='bbox 1215 4941 1367 4999; x_wconf 84' lang='lat' dir='ltr'><strong>Historiam</strong></span> <span class='ocrx_word' id='word_1_650' title='bbox 1381 4954 1454 4996; x_wconf 92' lang='lat' dir='ltr'><strong>anno</strong></span> <span class='ocrx_word' id='word_1_651' title='bbox 1468 4943 1538 4994; x_wconf 81' lang='lat'><strong>¹696</strong></span> <span class='ocrx_word' id='word_1_652' title='bbox 1552 4936 1669 4993; x_wconf 77' lang='lat' dir='ltr'><strong>Munna</strong></span> <span class='ocrx_word' id='word_1_653' title='bbox 1683 4932 1781 5005; x_wconf 75' lang='lat' dir='ltr'><strong>evulga-</strong></span> 
     </span>
     <span class='ocr_line' id='line_1_105' title="bbox 994 5002 1781 5073; baseline -0.01 -5"><span class='ocrx_word' id='word_1_654' title='bbox 994 5017 1031 5071; x_wconf 91' lang='lat' dir='ltr'><strong>vit</strong></span> <span class='ocrx_word' id='word_1_655' title='bbox 1044 5017 1238 5073; x_wconf 88' lang='lat' dir='ltr'><strong>releberrimus</strong></span> <span class='ocrx_word' id='word_1_656' title='bbox 1261 5011 1500 5069; x_wconf 88' lang='lat' dir='ltr'><strong>Benedictinorum</strong></span> <span class='ocrx_word' id='word_1_657' title='bbox 1524 5007 1723 5065; x_wconf 80' lang='lat' dir='ltr'><strong>Mutinenaium</strong></span> <span class='ocrx_word' id='word_1_658' title='bbox 1738 5002 1781 5060; x_wconf 70' lang='lat' dir='ltr'><strong>eb</strong></span> 
     </span>
     <span class='ocr_line' id='line_1_106' title="bbox 993 5080 1782 5151; baseline -0.015 -9"><span class='ocrx_word' id='word_1_659' title='bbox 993 5087 1042 5142; x_wconf 90' lang='lat' dir='ltr'><strong>bas</strong></span> <span class='ocrx_word' id='word_1_660' title='bbox 1060 5088 1225 5144; x_wconf 87' lang='lat' dir='ltr'><strong>Benedictus</strong></span> <span class='ocrx_word' id='word_1_661' title='bbox 1248 5082 1420 5149; x_wconf 80' lang='lat' dir='ltr'><strong>bacchinius,</strong></span> <span class='ocrx_word' id='word_1_662' title='bbox 1441 5080 1522 5138; x_wconf 92' lang='lat' dir='ltr'><strong>nobis</strong></span> <span class='ocrx_word' id='word_1_663' title='bbox 1536 5087 1602 5136; x_wconf 90' lang='lat' dir='ltr'><strong>ante</strong></span> <span class='ocrx_word' id='word_1_664' title='bbox 1623 5089 1782 5151; x_wconf 81' lang='lat' dir='ltr'><strong>paucosan·</strong></span> 
     </span>
    </p>
   </div>
   <div class='ocr_carea' id='block_1_41' title="bbox 992 5156 1783 5297">
    <p class='ocr_par' dir='ltr' id='par_1_54' title="bbox 992 5156 1783 5297">
     <span class='ocr_line' id='line_1_107' title="bbox 992 5156 1413 5225; baseline -0.012 -12"><span class='ocrx_word' id='word_1_665' title='bbox 992 5173 1074 5215; x_wconf 87' lang='lat' dir='ltr'><strong>nose</strong></span> <span class='ocrx_word' id='word_1_666' title='bbox 1091 5167 1180 5215; x_wconf 91' lang='lat' dir='ltr'><strong>morte</strong></span> <span class='ocrx_word' id='word_1_667' title='bbox 1193 5164 1313 5225; x_wconf 90' lang='lat' dir='ltr'><strong>ereptus.</strong></span> <span class='ocrx_word' id='word_1_668' title='bbox 1328 5156 1413 5210; x_wconf 86' lang='lat' dir='ltr'><strong>Mun.</strong></span> 
     </span>
     <span class='ocr_line' id='line_1_108' title="bbox 1028 5219 1783 5297; baseline -0.019 -13"><span class='ocrx_word' id='word_1_669' title='bbox 1028 5233 1104 5297; x_wconf 83' lang='grc'>(570)</span> <span class='ocrx_word' id='word_1_670' title='bbox 1118 5231 1144 5287; x_wconf 89' lang='lat' dir='ltr'><strong>Si</strong></span> <span class='ocrx_word' id='word_1_671' title='bbox 1158 5229 1263 5283; x_wconf 85' lang='lat' dir='ltr'><strong>comites</strong></span> <span class='ocrx_word' id='word_1_672' title='bbox 1274 5224 1436 5281; x_wconf 81' lang='lat' dir='ltr'><strong>&#39;l’lreudaldo</strong></span> <span class='ocrx_word' id='word_1_673' title='bbox 1450 5220 1593 5290; x_wconf 88' lang='lat' dir='ltr'><strong>suberant,</strong></span> <span class='ocrx_word' id='word_1_674' title='bbox 1608 5234 1676 5293; x_wconf 86' lang='lat' dir='ltr'><strong>ergo</strong></span> <span class='ocrx_word' id='word_1_675' title='bbox 1688 5219 1711 5276; x_wconf 88' lang='lat' dir='ltr'><strong>is</strong></span> <span class='ocrx_word' id='word_1_676' title='bbox 1722 5230 1783 5270; x_wconf 79' lang='lat' dir='ltr'><strong>ntur·</strong></span> 
     </span>
    </p>
   </div>
   <div class='ocr_carea' id='block_1_42' title="bbox 992 5284 1783 5725">
    <p class='ocr_par' dir='ltr' id='par_1_55' title="bbox 992 5284 1783 5725">
     <span class='ocr_line' id='line_1_109' title="bbox 992 5284 1782 5369; baseline -0.01 -17"><span class='ocrx_word' id='word_1_677' title='bbox 992 5300 1050 5354; x_wconf 83' lang='lat' dir='ltr'><strong>clio</strong></span> <span class='ocrx_word' id='word_1_678' title='bbox 1064 5297 1126 5356; x_wconf 82' lang='lat' dir='ltr'><strong>fuit.</strong></span> <span class='ocrx_word' id='word_1_679' title='bbox 1147 5301 1181 5355; x_wconf 86' lang='lat' dir='ltr'><strong>Et</strong></span> <span class='ocrx_word' id='word_1_680' title='bbox 1195 5296 1329 5369; x_wconf 91' lang='lat' dir='ltr'><strong>ejusmodi</strong></span> <span class='ocrx_word' id='word_1_681' title='bbox 1340 5310 1433 5368; x_wconf 89' lang='lat' dir='ltr'><strong>reapse</strong></span> <span class='ocrx_word' id='word_1_682' title='bbox 1447 5294 1525 5349; x_wconf 92' lang='lat' dir='ltr'><strong>titulo</strong></span> <span class='ocrx_word' id='word_1_683' title='bbox 1533 5293 1658 5349; x_wconf 87' lang='lat' dir='ltr'><strong>donatur</strong></span> <span class='ocrx_word' id='word_1_684' title='bbox 1668 5289 1697 5346; x_wconf 92' lang='lat' dir='ltr'><strong>in</strong></span> <span class='ocrx_word' id='word_1_685' title='bbox 1709 5284 1782 5344; x_wconf 74' lang='lat' dir='ltr'><strong>dur</strong></span> 
     </span>
     <span class='ocr_line' id='line_1_110' title="bbox 993 5352 1781 5440; baseline -0.013 -16"><span class='ocrx_word' id='word_1_686' title='bbox 993 5371 1029 5426; x_wconf 89' lang='lat' dir='ltr'><strong>tis</strong></span> <span class='ocrx_word' id='word_1_687' title='bbox 1043 5386 1140 5428; x_wconf 91' lang='lat' dir='ltr'><strong>eorum</strong></span> <span class='ocrx_word' id='word_1_688' title='bbox 1158 5377 1325 5440; x_wconf 90' lang='lat' dir='ltr'><strong>temporum,</strong></span> <span class='ocrx_word' id='word_1_689' title='bbox 1343 5381 1460 5439; x_wconf 90' lang='lat' dir='ltr'><strong>quarum</strong></span> <span class='ocrx_word' id='word_1_690' title='bbox 1474 5372 1504 5420; x_wconf 90' lang='lat' dir='ltr'><strong>et</strong></span> <span class='ocrx_word' id='word_1_691' title='bbox 1516 5376 1569 5434; x_wconf 86' lang='lat' dir='ltr'><strong>ego</strong></span> <span class='ocrx_word' id='word_1_692' title='bbox 1583 5360 1733 5419; x_wconf 77' lang='lat' dir='ltr'><strong>nonnullas</strong></span> <span class='ocrx_word' id='word_1_693' title='bbox 1745 5352 1781 5411; x_wconf 78' lang='lat' dir='ltr'><strong>xi</strong></span> 
     </span>
     <span class='ocr_line' id='line_1_111' title="bbox 993 5428 1783 5513; baseline -0.016 -16"><span class='ocrx_word' id='word_1_694' title='bbox 993 5440 1089 5505; x_wconf 82' lang='lat' dir='ltr'><strong>ierem,</strong></span> <span class='ocrx_word' id='word_1_695' title='bbox 1103 5443 1126 5499; x_wconf 88' lang='lat' dir='ltr'><strong>si</strong></span> <span class='ocrx_word' id='word_1_696' title='bbox 1142 5445 1217 5497; x_wconf 87' lang='lat' dir='ltr'><strong>Deus</strong></span> <span class='ocrx_word' id='word_1_697' title='bbox 1230 5439 1316 5495; x_wconf 90' lang='lat' dir='ltr'><strong>dabit.</strong></span> <span class='ocrx_word' id='word_1_698' title='bbox 1332 5436 1381 5494; x_wconf 89' lang='lat' dir='ltr'><strong>Cui</strong></span> <span class='ocrx_word' id='word_1_699' title='bbox 1395 5444 1487 5493; x_wconf 92' lang='lat' dir='ltr'><strong>antem</strong></span> <span class='ocrx_word' id='word_1_700' title='bbox 1501 5432 1636 5490; x_wconf 81' lang='lat' dir='ltr'><strong>marchiae</strong></span> <span class='ocrx_word' id='word_1_701' title='bbox 1649 5431 1696 5488; x_wconf 84' lang='lat' dir='ltr'><strong>ille</strong></span> <span class='ocrx_word' id='word_1_702' title='bbox 1705 5428 1783 5513; x_wconf 80' lang='lat' dir='ltr'><strong>domt-</strong></span> 
     </span>
     <span class='ocr_line' id='line_1_112' title="bbox 992 5503 1781 5582; baseline -0.015 -16"><span class='ocrx_word' id='word_1_703' title='bbox 992 5520 1113 5580; x_wconf 89' lang='lat' dir='ltr'><strong>neretur,</strong></span> <span class='ocrx_word' id='word_1_704' title='bbox 1129 5512 1264 5567; x_wconf 90' lang='lat' dir='ltr'><strong>incertum</strong></span> <span class='ocrx_word' id='word_1_705' title='bbox 1282 5511 1536 5582; x_wconf 78' lang='lat' dir='ltr'><strong>planc.1tonccrte</strong></span> <span class='ocrx_word' id='word_1_706' title='bbox 1548 5503 1670 5570; x_wconf 69' lang='lat' dir='ltr'><strong>besee,</strong></span> <span class='ocrx_word' id='word_1_707' title='bbox 1686 5508 1726 5556; x_wconf 88' lang='lat' dir='ltr'><strong>utr</strong></span> <span class='ocrx_word' id='word_1_708' title='bbox 1737 5510 1781 5568; x_wconf 67' lang='lat' dir='ltr'><strong>eqo</strong></span> 
     </span>
     <span class='ocr_line' id='line_1_113' title="bbox 992 5571 1781 5657; baseline -0.014 -20"><span class='ocrx_word' id='word_1_709' title='bbox 992 5581 1109 5653; x_wconf 90' lang='lat' dir='ltr'><strong>prodam</strong></span> <span class='ocrx_word' id='word_1_710' title='bbox 1120 5582 1278 5653; x_wconf 90' lang='lat' dir='ltr'><strong>aliquando.</strong></span> <span class='ocrx_word' id='word_1_711' title='bbox 1296 5580 1360 5636; x_wconf 83' lang='lat' dir='ltr'><strong>Fuit</strong></span> <span class='ocrx_word' id='word_1_712' title='bbox 1371 5587 1464 5636; x_wconf 89' lang='lat' dir='ltr'><strong>eutem</strong></span> <span class='ocrx_word' id='word_1_713' title='bbox 1477 5573 1640 5657; x_wconf 72' lang='lat' dir='ltr'><strong>Tbedaldut</strong></span> <span class='ocrx_word' id='word_1_714' title='bbox 1648 5571 1781 5631; x_wconf 68' lang='grc'>66666666</span> 
     </span>
     <span class='ocr_line' id='line_1_114' title="bbox 993 5644 1777 5725; baseline -0.015 -14"><span class='ocrx_word' id='word_1_715' title='bbox 993 5657 1105 5725; x_wconf 81' lang='lat' dir='ltr'><strong>piertsis,</strong></span> <span class='ocrx_word' id='word_1_716' title='bbox 1121 5661 1238 5711; x_wconf 89' lang='lat' dir='ltr'><strong>testante</strong></span> <span class='ocrx_word' id='word_1_717' title='bbox 1249 5651 1277 5708; x_wconf 92' lang='lat' dir='ltr'><strong>id</strong></span> <span class='ocrx_word' id='word_1_718' title='bbox 1291 5651 1397 5718; x_wconf 88' lang='lat' dir='ltr'><strong>charta,</strong></span> <span class='ocrx_word' id='word_1_719' title='bbox 1411 5662 1474 5721; x_wconf 74' lang='lat' dir='ltr'><strong>que</strong></span> <span class='ocrx_word' id='word_1_720' title='bbox 1487 5645 1559 5703; x_wconf 84' lang='lat' dir='ltr'><strong>mrbr</strong></span> <span class='ocrx_word' id='word_1_721' title='bbox 1568 5644 1607 5703; x_wconf 87' lang='lat' dir='ltr'><strong>ad</strong></span> <span class='ocrx_word' id='word_1_722' title='bbox 1621 5656 1722 5703; x_wconf 72' lang='lat' dir='ltr'><strong>manus</strong></span> <span class='ocrx_word' id='word_1_723' title='bbox 1730 5646 1777 5699; x_wconf 59' lang='lat' dir='ltr'><strong>td·</strong></span> 
     </span>
    </p>
   </div>
   <div class='ocr_carea' id='block_1_43' title="bbox 992 5727 1735 5867">
    <p class='ocr_par' dir='ltr' id='par_1_56' title="bbox 992 5727 1735 5867">
     <span class='ocr_line' id='line_1_115' title="bbox 992 5727 1735 5867; baseline -0.022 -11"><span class='ocrx_word' id='word_1_724' title='bbox 992 5727 1101 5867; x_wconf 51' lang='lat' dir='ltr'><strong>Mlllbntl)</strong></span> <span class='ocrx_word' id='word_1_725' title='bbox 1111 5792 1183 5851; x_wconf 87' lang='lat' dir='ltr'><strong>Cod.</strong></span> <span class='ocrx_word' id='word_1_726' title='bbox 1195 5809 1245 5850; x_wconf 90' lang='lat' dir='ltr'><strong>ms.</strong></span> <span class='ocrx_word' id='word_1_727' title='bbox 1258 5791 1382 5864; x_wconf 84' lang='lat' dir='ltr'><strong>Regiens.</strong></span> <span class='ocrx_word' id='word_1_728' title='bbox 1402 5790 1561 5859; x_wconf 80' lang='lat' dir='ltr'><strong>ltellr&#39;piosto</strong></span> <span class='ocrx_word' id='word_1_729' title='bbox 1570 5791 1641 5844; x_wconf 83' lang='lat' dir='ltr'><strong>eret.</strong></span> <span class='ocrx_word' id='word_1_730' title='bbox 1652 5785 1735 5844; x_wconf 74' lang='lat' dir='ltr'><strong>idox·</strong></span> 
     </span>
    </p>
   </div>
   <div class='ocr_carea' id='block_1_44' title="bbox 0 0 1943 6164">
    <p class='ocr_par' dir='ltr' id='par_1_57' title="bbox 0 0 1943 6164">
     <span class='ocr_line' id='line_1_116' title="bbox 0 0 1943 6164; baseline 0 0"><span class='ocrx_word' id='word_1_731' title='bbox 0 0 1943 6164; x_wconf 95' lang='lat' dir='ltr'><strong> </strong></span> 
     </span>
    </p>
   </div>
  </div>
 </body>
</html>
