3870 6164
163 250 215 306 utu

163 378 244 431 Dono
263 360 371 430 16161666
404 386 516 429 servum
535 371 661 445 regisque
672 371 789 441 dedisse,

163 468 276 524 Mantua
288 481 352 523 cum
366 465 639 538 regem,.pariterquc
653 464 752 523 ducem
763 465 905 524 retineret.

164 563 242 619 Tune
256 575 350 618 comes
365 561 437 632 (616)
454 558 582 618 albertus
607 560 665 617 6166
675 559 763 630 dives,
773 561 961 618 marimeser·

825 657 835 723 [
863 669 923 712 rus.

165 748 348 822 Praedietiqus
366 749 460 818 66616,
474 749 654 806 babitatotct
666 749 752 822 166166
774 748 851 805 urbis
867 788 874 815 ,

167 842 335 916 Comipedes
344 851 454 900 centurn
464 844 536 915 (616)
550 842 622 899 111166
636 843 681 914 qui
690 843 753 915 jure
761 841 907 911 nitescunt,

58 928 61 933 ’
166 938 237 995 Cum
251 936 364 994 rudibus
378 938 462 1006 sellis,
486 936 601 993 rudibus
618 934 704 993 lrenis
721 936 763 992 rel
779 936 892 992 habenis

167 1034 290 1088 Mutatus
300 1034 374 1101 (617)
390 1039 512 1099 666166,
531 1046 586 1087 666
602 1039 842 1103 mutatosquoque
852 1038 964 1087 uentum

165 1129 285 1183 Astures
296 1123 423 1196 pulclrros
439 1125 496 1199 regi
516 1124 596 1182 simul
611 1125 711 1181 obtulit
737 1126 820 1181 ultro.

169 1219 236 1292 Quis
253 1220 296 1276 air
310 1219 354 1276 laio
367 1234 427 1276 6666
441 1227 533 1289 sonat,
546 1219 592 1291 qui
613 1219 691 1275 vobis
703 1217 775 1292 (618)
788 1218 850 1274 16116
863 1216 965 1275 dunat?

169 1312 275 1369 Clamat
287 1313 391 1384 regina.
411 1312 461 1369 Cui
479 1313 548 1369 dixit
572 1327 619 1369 rer
635 1312 711 1384 quasi
722 1313 842 1369 mirans:

64 1413 66 1417 ’
168 1406 221 1481 Qui
239 1407 367 1474 616616)
383 1406 466 1463 lrabct
485 1421 577 1463 servus
595 1406 692 1479 quales
712 1405 878 1475 Bonifatius,
900 1420 965 1479 ergo

170 1505 201 1557 ln
222 1507 281 1557 totu
299 1516 385 1574 regno
404 1499 524 1556 similem
539 1500 591 1557 sibi
609 1516 665 1557 non
679 1515 731 1573 ego
751 1508 856 1572 specto.

169 1594 297 1654 servulus
315 1594 368 1651 iste
383 1594 964 1667 6666661661611166666111166666611.

167 1689 210 1746 Nil
225 1688 301 1746 aliud
314 1704 420 1761 quaero,
432 1687 505 1759 uolo,
517 1691 671 1762 66666616,
687 1705 776 1762 noque
785 1704 865 1762 spero

167 1787 193 1841 A
207 1792 247 1851 te,
261 1782 290 1840 ni
310 1790 419 1839 tantum
440 1799 519 1840 mous
532 1792 563 1839 ut
581 1783 710 1841 dominus
737 1784 774 1840 sit
787 1791 912 1853 amatus3
981 1760 1005 1823 Β

170 1880 229 1935 1166
242 1877 281 1934 611
293 1877 425 1934 Albertus
438 1876 509 1950 regi,
523 1893 605 1950 quem
622 1894 670 1934 rex
693 1877 822 1950 rogitavit

168 1971 212 2026 116
225 1972 363 2044 propriam
373 1986 499 2028 mensam
511 1987 606 2028 secum
616 1970 748 2043 pmndere
762 1969 910 2040 refertam,

167 2066 229 2120 Hoc
248 2064 341 2121 timuit
354 2065 480 2133 verbum,
496 2064 629 2120 Bonifatii
646 2065 711 2136 qnia
723 2079 829 2121 servus.

168 2157 301 2215 Maudera
317 2173 507 2230 nonunquam
528 2173 623 2215 secum
645 2156 699 2213 luit
718 2173 801 2216 ausus
823 2158 859 2216 ad
879 2175 963 2216 unam

169 2253 294 2307 Mensam
313 2266 377 2307 aum
395 2267 469 2324 rege,
485 2252 533 2325 qui
556 2251 723 2309 manducare
747 2261 858 2324 repente

169 2344 296 2402 Debebat
307 2343 389 2412 forte,
405 2360 488 2417 6666
498 2361 546 2402 rer
558 2353 613 2403 stat
622 2345 742 2417 postulat
751 2346 787 2403 ob
797 2362 857 2403 rem

169 2439 345 2507 Praedictum,
356 2438 468 2496 tandem
483 2440 539 2496 dtur
550 2456 611 2497 rem
623 2442 757 2498 concessit
767 2441 892 2498 666666

171 2535 242 2593 Cum
264 2533 333 2591 duce
357 2547 421 2606 rege
441 2534 522 2591 simul
547 2535 590 2591 rir
605 2535 665 2608 jam
685 2536 804 2608 scriptus
836 2534 893 2592 lere
923 2533 964 2591 61-

773 2634 929 2700 [vastasti

170 2725 280 2780 lntrans
295 2722 330 2781 ad
342 2739 482 2792 mensam,
496 2724 546 2781 sed
556 2740 669 2796 parram
681 2724 793 2797 suscipit
806 2739 909 2781 escam.

170 2818 227 2876 Rex
243 2816 296 2873 sibi
323 2825 477 2874 mastrucas
492 2821 567 2886 (631)
582 2825 643 2890 6661
661 2833 752 2875 escam
768 2818 889 2875 maxime
900 2817 963 2889 pul-

860 2914 870 2981 [
887 2911 965 2968 ehras

169 3004 305 3073 Donavit‘,
317 3001 419 3061 llorent
427 3005 529 3077 pariter
542 3020 665 3079 quoques
672 3005 840 3077 pelliciones,

666 212 712 303 16
732 247 890 306 opums.
912 245 1307 306 66666666666661666.

973 378 999 440 Α
1016 373 1058 429 sd
1079 388 1108 429 66
1123 370 1221 428 festine
1237 369 1293 426 dur
1308 378 1339 427 ut
1352 379 1429 428 catus
1442 369 1494 429 1616
1507 372 1626 437 6661661,

1013 465 1108 535 166611,
1122 474 1154 522 nt
1173 465 1227 521 lroc
1241 471 1302 521 artu
1316 465 1407 537 quiret
1420 466 1539 523 66116666
1554 473 1688 524 curetum
1702 484 1711 525 a

1016 564 1055 619 Ut
1068 567 1182 616 teneant
1198 558 1299 626 661666,
1309 558 1388 632 jubet
1407 559 1521 627 aedituo,
1536 560 1612 617 bene
1625 560 1744 629 clausas,

1015 651 1098 710 Haud
1108 653 1162 710 nisi
1180 668 1210 710 se
1223 653 1321 726 quinto
1334 657 1410 721 (631)
1421 652 1582 711 Bonifatius
1595 654 1685 711 intret
1697 663 1726 711 st
1740 654 1796 712 intro

1018 748 1060 806 dd
1075 747 1148 821 quud
1160 762 1209 804 rex
1221 746 1344 813 mandat,
1357 763 1419 804 mox
1434 764 1464 805 se
1477 747 1533 805 dux
1549 748 1593 805 ire
1607 748 1757 818 remandat

1015 840 1154 899 Adversus
1165 841 1269 898 dictum
1279 842 1396 909 (6631611
1405 842 1519 900 doctum
1527 858 1613 916 posse
1619 840 1758 913 recorder,

1015 939 1087 994 llam
1098 935 1153 993 dur
1161 936 1282 1008 privatos
1293 940 1367 1003 (634)
1377 937 1502 1009 pmprios
1511 937 1570 994 cito
1582 937 1795 1012 conglomerator

1017 1034 1058 1088 dc
1071 1030 1140 1086 alios
1164 1031 1267 1087 multos
1289 1029 1392 1103 gladius
1414 1030 1467 1087 sub
1492 1039 1571 1089 66616
1604 1039 1733 1089 retrursus

1017 1126 1160 1180 Portantrs
1178 1132 1241 1196 post
1250 1138 1279 1181 66
1294 1125 1424 1196 pracepit
1438 1140 1552 1198 pergere
1567 1134 1712 1199 prompte,

1017 1217 1161 1274 Nobilibus
1171 1225 1264 1290 septus
1278 1219 1434 1291 6666666611
1448 1218 1575 1275 marchio
1589 1219 1696 1289 celsus,

1017 1312 1066 1371 Cui
1078 1311 1183 1385 regiam
1197 1310 1315 1384 primam
1329 1317 1537 1381 reseraremus)
1551 1312 1664 1382 aeditui,
1681 1330 1757 1388 quam

1018 1403 1301 1473 Clauderelestiuant,
1316 1405 1364 1462 sed
1386 1405 1416 1462 lit
1438 1414 1584 1464 contracta
1604 1423 1660 1479 per
1687 1408 1760 1477 iram,

1017 1498 1198 1570 progrediens
1206 1498 1280 1555 ultra
1295 1498 1463 1572 dirumpitur
1474 1508 1558 1573 atque
1574 1500 1710 1571 6666666,

1019 1593 1113 1651 Τ66116
1125 1591 1259 1663 restabat,
1273 1592 1391 1666 subque
1406 1601 1472 1650 tunc
1485 1610 1533 1651 rex
1546 1593 1707 1662 habitabat,

1021 1687 1169 1761 Frangitur
1184 1703 1215 1743 ac
1234 1687 1303 1760 ipsa,
1323 1703 1386 1744 cum
1403 1687 1458 1744 dur
1479 1693 1556 1759 (636)
1574 1689 1798 1748 circumdatruire

1708 1788 1771 1854 [nat

1017 1876 1102 1934 Unde
1117 1876 1200 1933 nimis
1209 1884 1303 1934 motus
1314 1893 1362 1933 rex
1375 1877 1488 1934 callidus
1501 1885 1588 1949 atque
1598 1877 1726 1950 dolosus;

1018 1969 1092 2041 Quid
1100 1969 1296 2041 aideoiQuid?
1308 1971 1347 2028 611
1361 1992 1367 2028 :
1380 1971 1466 2027 miror
1474 1970 1508 2028 66
1520 1980 1560 2040 te,
1575 1972 1711 2030 Bouiiaei.

1019 2067 1101 2123 11666
1112 2063 1209 2121 babuit
1221 2081 1328 2121 murem
1339 2065 1442 2138 jugiter
1454 2081 1591 2124 mennam
1603 2066 1717 2133 domus,
1731 2084 1797 2137 orer,

1020 2160 1086 2214 Esse
1100 2158 1154 2214 mei
1175 2174 1285 2215 mecum
1296 2158 1370 2215 661111
1387 2174 1565 2231 semperque
1585 2158 1712 2218 luerunt.

1019 2255 1080 2308 1166
1090 2253 1146 2309 dur
1157 2252 1301 2325 respondit
1316 2270 1324 2309 ε
1340 2269 1434 2326 pacem
1455 2267 1500 2309 rex
1519 2253 1595 2311 illico
1616 2257 1757 2329 prompsit.

1018 2349 1077 2402 1166
1093 2347 1152 2403 6166
1165 2363 1212 2403 rer
1231 2346 1301 2403 vidit
1315 2347 1388 2420 quod
1407 2362 1471 2403 666
1492 2349 1611 2405 retinere
1623 2350 1757 2424 nequivit3

1020 2440 1125 2497 ldcitco
1147 2440 1234 2513 planis
1259 2455 1353 2513 pacem
1376 2440 1466 2497 verbis
1488 2441 1640 2499 simulavit.

1019 2536 1118 2591 Denuo
1135 2543 1310 2607 pertractans,
1321 2541 1349 2591 et
1359 2533 1485 2591 eumdem
1495 2537 1630 2607 prendere
1641 2546 1757 2612 captans,

1019 2630 1080 2685 1166
1105 2644 1179 2686 caco
1197 2631 1282 2686 116616
1295 2628 1452 2685 166166666
1466 2630 1569 2703 cogitat
1583 2640 1661 2703 apte.

1019 2725 1157 2794 Tempore
1165 2732 1303 2780 nuctumu
1317 2739 1399 2794 super
1409 2725 1501 2796 ipsum
1517 2726 1642 2797 postulat
1658 2728 1725 2784 ultra
1737 2730 1798 2795 (611)

1019 2818 1060 2873 Ut
1082 2818 1137 2872 dux
1150 2816 1207 2889 1666
1223 2832 1322 2888 pamm
1337 2816 1443 2889 vigilat3
1466 2815 1539 2874 foret
1553 2819 1607 2875 1166
1626 2820 1679 2876 sibi
1694 2828 1797 2894 gratum

1019 2910 1112 2968 Getuli
1127 2926 1233 2967 morem
1253 2911 1305 2966 seit
1325 2910 1445 2983 prudens
1467 2911 1598 2983 66161616
1613 2928 1675 2971 urs.

1020 3003 1185 3076 Obsequium
1195 3005 1266 3077 regis
1275 3020 1449 3077 nequaquam
1461 3004 1588 3063 marchio
1596 3008 1708 3079 sprevit,

169 3101 228 3156 1166
241 3099 313 3173 regis
327 3115 429 3155 munus
443 3098 520 3156 ducis
533 3099 568 3155 ad
579 3114 716 3156 6666666
729 3099 810 3168 tulit3
826 3116 911 3157 unum
1020 3098 1149 3157 Cereulus
1160 3100 1264 3155 multos
1276 3099 1340 3155 lecit
1352 3115 1518 3170 componere
1525 3100 1662 3172 pulchros

170 3194 206 3250 Et
224 3193 333 3250 corium
347 3193 429 3258 cerri,
447 3192 521 3264 quod
534 3193 658 3249 nummis
672 3193 731 3265 ipse
744 3192 875 3265 replevit3

168 3286 301 3359 Principis
316 3294 379 3343 anta
394 3284 477 3359 pedes
496 3285 605 3355 cecidit,
623 3286 675 3343 sibi
695 3302 806 3359 6666666
829 3301 965 3359 quaerens,

168 3383 274 3439 blensae
287 3380 370 3454 regali
381 3379 456 3452 quud
467 3395 562 3437 seeum
575 3381 752 3453 participarit.

168 3474 219 3534 lllu
233 3482 395 3545 potestatem
410 3489 527 3531 noscens
537 3474 669 3542 retinere,
681 3475 760 3531 beate

170 3568 288 3629 Indulsit
301 3584 390 3637 serto,
410 3567 517 3625 1661666
535 3577 630 3623 tamen
648 3566 701 3625 boo
713 3567 893 3641 probibendo.

472 3679 588 3735 caPtJT
597 3680 678 3734 Xlll.

171 3786 248 3857 Quod
257 3784 404 3855 aliquando
418 3785 449 3838 iu
463 3784 570 3837 consilio
584 3799 642 3849 suo,
665 3783 810 3852 aliquando
834 3786 967 3843 6666616116

204 3856 306 3998 pipella
317 3856 545 3912 canturiensem
565 3870 615 3910 rea
634 3858 748 3910 16616611
777 3871 870 3925 cupere
882 3859 966 3912 Boui-

220 3943 319 3982 ucauru.

170 4038 297 4120 Quotidie
305 4038 431 4110 princeps
444 4050 571 4092 crescens
586 4033 743 4091 Bonilaeius
755 4034 806 4091 iste

169 4134 249 4191 Alma
262 4131 429 4202 1166616666
443 4131 568 4188 servabat
585 4130 648 4203 jure
662 4127 822 4201 benignum.

172 4227 277 4286 invidia
295 4232 385 4282 tactus
403 4224 490 4280 nimia
510 4240 556 4281 rer
570 4224 629 4298 jam
651 4233 823 4280 memoratus

170 4321 282 4394 ingenio
297 4319 382 4375 crudo
394 4318 682 4392 meditaturprendere
696 4317 769 4375 lrrrto

170 4416 261 4483 lllum,
276 4414 403 4471 subotelo
414 4413 592 4486 potuitquem
604 4412 838 4484 prenderenemo.

168 4511 248 4569 Stans
263 4510 292 4568 iu
302 4508 422 4567 conclavi
436 4509 549 4581 6661666
563 4524 612 4564 rex
630 4507 767 4564 consiliari

205 4688 277 4750 (615)
290 4684 378 4741 Comes
392 4679 519 4737 61666166
533 4683 588 4735 uice
601 4679 628 4737 id
641 4687 683 4735 est
705 4678 864 4735 vicecomes.
878 4680 962 4736 Lam.

205 4760 278 4823 (6211),
296 4758 338 4809 Aa
353 4753 451 4820 balius,
467 4753 507 4808 vel
530 4753 640 4808 budius?
659 4751 741 4808 Color
755 4759 797 4807 est
818 4752 864 4824 661
878 4752 964 4810 Gallis

172 4828 205 4882 bo
228 4830 336 4882 .Lsru.

204 4845 279 4969 11611)
294 4899 429 4962 Mutatus,
442 4894 468 4950 id
483 4902 525 4952 est
543 4894 644 4964 varius,
660 4894 784 4951 colorum
802 4894 964 4953 varietatem

166 4985 267 5026 uacuae
283 4975 379 5023 vocant
390 4965 470 5023 Galli.
480 4968 566 5022 Lern.

204 5045 277 5106 (628)
289 5041 322 5094 ln
336 5037 398 5093 eod.
420 5037 540 5103 1616661,
555 5036 601 5094 ubi
616 5053 698 5109 66666
709 5036 817 5093 laudata
834 5039 963 5110 Epitnme

168 5118 241 5166 msta
255 5110 381 5177 habetur,
394 5109 478 5163 66616.
491 5110 569 5165 1166.

203 5184 276 5248 (urb)
294 5183 327 5250 ln
355 5179 472 5234 codicib.
494 5182 587 5236 listen.
619 5187 646 5236 61
665 5181 778 5253 Region.
798 5182 884 5250 :Quis
906 5183 962 5252 uir,

167 5267 269 5320 nempe
287 5251 490 5325 interrogando.
512 5254 595 5308 1166.

202 5327 283 5450 (budh)¹
296 5326 356 5378 1166
379 5330 430 5390 661,
450 5338 506 5394 666
526 5324 625 5379 timore
646 5322 688 5378 rix
711 5323 797 5391 61666,
813 5323 962 5380 semimor-

167 5401 242 5450 tuus.
287 5410 338 5451 ura.

202 5465 383 5534 (631)1166116
396 5481 482 5537 genus
503 5481 536 5521 ex
550 5464 666 5536 pellibus
685 5464 817 5532 ferarum,
842 5481 898 5537 quo
918 5481 961 5522 se·

166 5536 362 5607 pteutrionales
376 5546 503 5602 utuntur,
517 5544 544 5592 61
554 5538 618 5593 6116
629 5535 709 5593 Sardi
722 5539 878 5603 utebantur,
893 5545 961 5594 teste

62 5640 65 5645 -
166 5608 266 5673 Tullio,
277 5607 444 5673 Prudentiu,
458 5609 575 5665 lsiduro.
585 5613 686 5666 Rursus
696 5610 862 5679 epitomatur
875 5615 962 5666 mstus

70 5694 80 5735 ·.
166 5680 316 5736 bonizonis
330 5687 370 5734 est
383 5680 540 5737 arbitratus.
556 5680 710 5735 Pallicioues
724 5679 804 5745 inira}
814 5680 961 5737 memorati

81 5772 84 5775 ·
165 5750 848 5821 fortasselneruntauguatiusearumdemrestium
858 5767 958 5824 genus:

87 5888 89 5890 ,
166 5839 228 5895 666
241 5839 294 5880 vor
313 5822 385 5895 apud
401 5822 485 5881 italos
498 5831 527 5879 61
540 5824 660 5879 Francos
672 5819 762 5878 adhuc
775 5822 857 5894 viget.
877 5824 957 5879 Mun.

1023 3192 1137 3249 Libram
1150 3192 1292 3249 caudelam
1308 3209 1378 3251 uerae
1391 3193 1474 3250 simul
1486 3196 1578 3251 omnis
1599 3195 1725 3263 habebat,

1022 3290 1111 3357 Atque
1119 3287 1175 3342 suis
1189 3286 1296 3343 cunctis
1305 3301 1435 3343 accensas
1449 3285 1497 3343 bas
1511 3287 1577 3344 dare
1598 3289 1693 3362 jussit,

1021 3382 1057 3436 Et
1068 3387 1155 3436 tentas
1167 3385 1239 3447 (616)
1250 3379 1341 3437 lrastas
1350 3397 1432 3452 super
1441 3382 1514 3454 ipsas
1524 3382 1607 3455 ligere
1622 3383 1737 3450 mandat,

1023 3477 1093 3529 1616
1105 3489 1185 3530 6666
1200 3474 1318 3530 multam
1332 3473 1431 3530 laciem
1446 3474 1525 3546 iubet
1538 3476 1577 3532 ire
1589 3477 1739 3532 uulumuanr

1021 3568 1097 3624 Cerae
1109 3566 1295 3638 splendentem
1319 3568 1415 3641 666661
1438 3568 1601 3637 delumine,
1632 3584 1726 3643 nempe

1020 3660 1155 3716 Militibus
1174 3660 1285 3728 densus,
1298 3670 1325 3716 et
1343 3662 1414 3718 mito
1441 3661 1545 3718 lumine
1562 3671 1659 3735 septus

1020 3754 1106 3826 Regis
1119 3752 1153 3810 ad
1169 3753 1318 3826 hospitium
1335 3757 1510 3826 properabam
1522 3755 1633 3829 longius
1646 3758 1729 3830 ipsum

1020 3848 1164 3920 Aspiaiunt
1181 3848 1250 3903 serti
1265 3848 1419 3904 venientem
1434 3847 1552 3920 denique
1572 3851 1660 3923 regis,

1019 3944 1084 3999 Una
1107 3941 1180 3997 66161
1195 3941 1262 3997 61166
1288 3942 1414 4014 llagraret
1424 3951 1495 3998 turra
1509 3943 1551 3998 rel
1567 3943 1639 4015 1666,

1020 4036 1065 4091 Sic
1078 4035 1234 4105 apparebat.
1250 4039 1311 4091 1166
1326 4035 1379 4092 boc
1393 4052 1502 4109 quoque
1516 4038 1711 4108 prospiciebat,

1020 4130 1123 4186 Contra
1143 4144 1225 4200 quem
1248 4144 1364 4185 noscens
1375 4128 1450 4185 idem
1464 4146 1511 4186 rer
1526 4131 1564 4186 nil
1578 4131 1665 4187 morlo
1676 4144 1754 4203 posse,

1020 4225 1106 4280 Retro
1125 4222 1214 4280 redire
1229 4223 1278 4279 sibi
1288 4232 1379 4297 grates
1402 4239 1570 4296 magnasque
1585 4225 1704 4282 remisit.

1322 4319 1445 4374 CAPUT
1458 4320 1536 4374 XlV.

1055 4411 1130 4479 Quod
1146 4413 1300 4479 Bonifatius
1309 4412 1444 4467 studiosus
1470 4414 1528 4479 satit
1545 4413 1577 4467 iu
1598 4413 1701 4468 diuinis
1725 4409 1793 4465 reltu.

981 4515 1005 4577 1)
1021 4504 1134 4562 Actibus
1154 4515 1184 4561 ut
1205 4505 1300 4562 ruurrdi
1316 4510 1389 4575 (6396
1405 4504 1562 4561 Bonilaeius
1575 4506 1630 4563 1616
1645 4504 1753 4573 66161611,

1017 4680 1128 4802 Ῑ6631)
1144 4677 1322 4747 0616166661
1346 4676 1427 4734 :selb
1456 4674 1560 4745 lunlte,
1586 4675 1624 4732 lui
1649 4674 1795 4749 cinqrielre.

1043 4763 1103 4804 616.

1056 4828 1339 4901 (63316661166166.
1358 4830 1518 4886 :Aduersus
1540 4830 1663 4885 6661666.
1683 4820 1797 4885 Fortassis

1018 4899 1064 4956 hic
1076 4916 1171 4957 sensns
1190 4900 1333 4966 :adversus
1347 4901 1487 4957 hominem
1501 4908 1635 4971 astutum,
1651 4898 1796 4974 66666166-

1018 4974 1125 5028 166611
1149 4971 1285 5028 calliditas
1303 4976 1499 5044 6616611166.

1054 5056 1126 5119 (631)
1141 5052 1309 5116 Familiares,
1324 5054 1380 5109 sive
1395 5053 1514 5109 larrrrrlus
1524 5068 1597 5109 6666.
1614 5056 1700 5110 llius.

1054 5139 1125 5201 (635)
1141 5135 1181 5188 Ex
1194 5131 1257 5187 cod.
1284 5134 1369 5207 antiq.
1383 5133 1483 5205 legitur
1505 5150 1512 5188 ι
1534 5136 1700 5189 1166666661
1718 5126 1798 5185 nutui

1018 5221 1101 5275 quum
1114 5204 1195 5260 idest
1206 5203 1340 5273 janitores
1354 5213 1498 5276 postquam
1513 5205 1633 5275 primam
1648 5211 1753 5276 portatu
1764 5213 1797 5254 66

1017 5284 1151 5343 seramnt,
1165 5275 1256 5330 statim
1272 5275 1431 5332 intromisso
1451 5274 1592 5331 Bonilacio
1602 5274 1743 5332 claudunt.
1756 5266 1798 5329 Sed

1016 5347 1051 5404 ab
1075 5346 1135 5418 ejus
1150 5346 1260 5402 asseclis
1274 5363 1369 5403 666666
1396 5344 1560 5417 effringitur.
1581 5348 1670 5407 Lern.

1016 5424 1117 5554 MMati
1140 5440 1265 5498 quoque,
1292 5426 1392 5498 quibus
1420 5434 1495 5494 utor,
1527 5425 1631 5483 habent
1661 5426 1800 5485 6666666111

1048 5513 1096 5554 un.

1052 5585 1123 5645 (636)
1141 5581 1275 5645 Fortasse,
1296 5597 1378 5651 quarm
1397 5582 1561 5638 6661166.

1052 5663 1123 5728 (637)
1137 5663 1169 5716 16
1189 5662 1299 5733 liegien.
1320 5660 1394 5727 cod,
1411 5662 1533 5731 66616161
1542 5664 1625 5719 ultre.
1640 5665 1723 5721 1166.

1050 5748 1123 5810 (636)
1138 5745 1229 5802 116161
1242 5744 1304 5801 cod.
1320 5744 1479 5801 Padoliron.
1491 5763 1499 5800 ι
1512 5748 1663 5803 litterasue.
1680 5750 1757 5805 Mur.

1050 5831 1122 5893 16311)
1137 5829 1204 5884 Post
1220 5824 1322 5884 116616
1345 5826 1458 5900 antiqua
1473 5826 1596 5899 epitome
1615 5837 1690 5886 msta
1712 5822 1804 5885 6661616
