3884 6158
142 254 236 321 tua,

484 251 514 309 S.
534 250 694 307 cunuoutt
713 252 759 307 vit
776 251 874 309 PAPAE
892 250 1032 309 uesutm
1051 248 1138 306 PARS
1154 248 1174 302 l.
1199 272 1231 287 *
1249 242 1452 305 nnutstutur.

1737 243 1794 300 tos

119 358 123 367 ¹
178 394 255 434 censu
265 379 496 433 denariumunurn
511 375 653 429 erenuetim
663 375 748 429 solent
761 376 834 431 beato
848 380 936 441 Petr03
951 380 979 443 Α
993 381 1128 447 gnoseunt
1149 373 1259 427 Patrem
1280 376 1308 424 et
1322 376 1456 439 pastorem
1474 380 1556 423 suum
1574 380 1652 424 more
1664 365 1794 439 antiquo.

177 456 203 506 et
226 452 316 507 Caroli
339 448 505 517 imperatoris
527 461 594 517 crpn
619 449 768 503 Romanam
791 448 937 503 Ecclesium

179 522 389 590 munificentiam
403 517 528 572 ostendit.

179 615 352 671 Gnaconrus
365 611 518 682 episcopus,
531 624 625 666 sersus
639 625 783 667 servorum
798 612 860 679 Ilei,
875 611 940 668 dile·

142 707 192 763 ctis
210 705 271 760 tiliis
292 702 392 759 nostris
408 707 428 759 Ρ
431 744 485 759 .....
500 703 649 760 Albanensi
661 705 799 776 episcopo,
815 714 843 761 et
856 706 937 762 G....

143 797 257 870 principi
270 795 442 853 salemitano
456 796 550 870 legatia
571 806 672 854 nostrae
686 799 845 870 apostolicae
868 798 940 855 sedis

143 892 171 948 in
184 890 296 959 Gallias,
305 890 422 947 salutem
431 898 459 947 et
469 891 647 962 apostolicam
655 890 883 949 benedictionem.

178 984 263 1041 Vobis
276 984 423 1041 commissa
438 987 547 1058 negotia
562 1001 618 1041 non
632 986 717 1042 latent
731 987 816 1043 etiam
828 1002 886 1052 sos,
902 986 938 1042 ita

143 1079 211 1134 acsi
235 1085 339 1145 nostra,
362 1076 419 1134 imo
434 1078 497 1151 quia
515 1087 608 1134 nostra
630 1078 667 1134 lbi
682 1079 711 1135 in
730 1080 809 1136 vobis
823 1094 939 1152 praesen·

143 1172 179 1228 tia
193 1179 248 1240 ost,
259 1180 357 1227 cuncta
376 1171 456 1245 digno
471 1172 600 1244 peragite.
616 1172 770 1228 Dicendum
790 1181 882 1229 autem
898 1180 940 1228 est

144 1264 273 1320 omnibus
296 1264 390 1334 Gallis,
412 1273 440 1320 et
460 1280 508 1337 per
527 1280 619 1321 reram
637 1264 820 1322 obedientiam
847 1266 939 1338 praeci-

143 1356 272 1431 piendum
283 1366 314 1414 ut
327 1372 498 1430 rrnaquaeque
518 1359 618 1416 domus
631 1359 728 1415 saltem
746 1374 832 1416 unum
854 1359 942 1415 dena-

144 1451 217 1507 rium
239 1452 382 1508 annuatim
404 1451 491 1508 soleat
517 1453 596 1509 beato
623 1454 713 1520 Petro,
740 1454 763 1509 si
782 1468 847 1509 curn
865 1468 941 1509 roco·

991 471 1062 525 Nam
1081 466 1194 525 Carolus
1207 465 1357 535 imperator
1378 461 1466 530 (siem
1480 458 1579 531 iegitur
1590 460 1619 515 in
1629 468 1707 517 tomo
1720 460 1793 534 ejus,

991 562 1039 635 qui
1054 561 1081 617 in
1102 559 1213 616 arclrivo
1229 555 1351 613 ecclesiae
1369 553 1445 610 Beati
1463 554 1536 610 Petri
1551 553 1682 621 habetur)
1706 555 1736 610 in
1749 554 1797 611 tri·

992 655 1044 712 bus
1052 655 1120 711 locis
1132 651 1278 709 annuatim
1284 648 1430 722 colligebat
1439 648 1513 704 mille
1525 657 1553 703 et
1563 646 1697 705 ducentas
1710 647 1797 705 libras

992 748 1027 806 ad
1045 748 1199 807 servitium¹
1213 742 1378 816 apostolica>
1401 742 1483 811 sedis,
1506 740 1593 799 idest
1615 740 1794 815 Aquisgrann

993 842 1065 913 apud
1079 840 1196 898 Pedium
1210 841 1319 896 Sanctae
1331 837 1436 904 traria,
1445 843 1475 891 et
1486 834 1557 906 opud
1570 835 1794 909 Sanctumlffigi-

992 936 1082 1003 dium;
1098 942 1212 1005 excepto
1227 931 1278 988 boc
1290 930 1365 1003 quod
1377 929 1568 1002 unusquisque
1581 929 1693 1000 propria
1706 928 1795 985 dero·

992 1030 1065 1087 tione
1080 1028 1231 1086 offerebat.
1249 1027 1328 1084 idem
1341 1040 1405 1081 vero
1419 1040 1534 1097 magnus
1545 1024 1696 1095 imperator
1707 1025 1797 1081 Saxo·

992 1127 1067 1182 niam
1081 1124 1180 1182 obtulit
1193 1124 1274 1180 beato
1292 1125 1384 1187 Petro,
1398 1120 1477 1193 cujus
1491 1119 1661 1176 eamdevicit
1681 1118 1797 1192 adjuto-

993 1220 1044 1288 rio,
1063 1225 1091 1275 et
1111 1219 1202 1290 posuit
1212 1217 1321 1290 signum
1339 1214 1494 1272 devotionis
1512 1199 1545 1269 et'
1561 1212 1706 1284 libertatis,
1723 1213 1798 1269 sicut

995 1313 1046 1386 ipsi
1061 1315 1182 1370 Saxones
1199 1310 1457 1382 babentscriptum‚
1477 1316 1506 1365 et
1519 1307 1664 1379 prudentes
1680 1307 1796 1364 illorum

995 1408 1061 1463 satis
1072 1406 1171 1463 sciunt.

540 1749 722 1840 LIBER
745 1732 821 1800 ‘⁴⁰⁵'
857 1747 1052 1840 NONUS
1087 1749 1394 1840 REGISTRI.

378 1938 552 1995 esistunt
579 1938 706 1994 Pulsis.

233 2063 275 2104 nn
296 2061 569 2105 incarnerscoemr
587 2062 850 2105 norouruunssu.

446 2151 536 2222 (Anno
548 2156 640 2216 1081.)

147 2256 245 2321 drpnr't
265 2254 338 2324 quod
356 2269 402 2309 nco
419 2256 477 2325 ipse
498 2254 556 2323 eim
575 2254 752 2324 mffrcpnnei,
780 2255 817 2309 ed
837 2259 943 2325 aposto·

183 2326 267 2380 lonrnr
296 2327 392 2380 limine
422 2328 551 2389 emerint,
578 2342 625 2381 nec
653 2326 753 2394 leputos
786 2328 941 2396 apostolicos

180 2396 306 2465 odimint,
322 2402 348 2451 et
358 2396 475 2466 pellium
493 2413 511 2450 a
523 2396 584 2451 sede
595 2398 740 2468 apostolico
755 2412 808 2452 non
817 2399 941 2467 postulu-

181 2470 228 2521 rit.
243 2469 332 2535 Quare
340 2467 475 2537 probibet,
490 2483 524 2522 ne
541 2468 663 2538 deiram
675 2470 825 2539 episcopum
844 2470 887 2522 cel
900 2484 943 2521 sn-

179 2538 310 2593 cerdotem
321 2538 436 2605 ordinet,
450 2540 492 2594 uel
503 2540 624 2594 ecclesius
633 2545 772 2608 consecret,
786 2540 868 2595 donce
878 2542 941 2610 pnl-

179 2610 249 2665 lium
268 2612 433 2680 impetrarit.
683 2628 687 2635 ·

178 2720 626 2793 Ganoonrusepiscopu,servus
636 2722 850 2789 remorumve,
860 2724 942 2778 Win-

147 2830 247 2873 nanuo
259 2816 456 2887 Rotomagensi
472 2813 684 2887 archiepiscopo,
704 2815 819 2871 salutem
837 2824 865 2871 et
878 2831 942 2887 spn-

144 2910 267 2965 stolidam
288 2908 515 2964 benedictionem.

179 3003 292 3059 Litterae
299 3001 572 3075 qrrasnubisnrisisti‚
590 2999 940 3072 satisderotionispraeten·

144 3095 223 3164 dunt,
245 3095 295 3152 scd
309 3094 343 3150 ad
356 3110 450 3149 earum
466 3092 548 3153 fidem
563 3094 599 3149 rei
619 3094 729 3164 penitus
748 3096 942 3153 testimonium

143 3188 230 3246 deest.
240 3189 268 3245 Si
276 3189 351 3244 enim
360 3187 615 3253 itaseroshaberet,
626 3203 695 3252 non,
706 3187 941 3258 quemadmodum

143 3281 370 3356 suffragamini,
384 3282 464 3338 etiam
478 3291 508 3338 tu
523 3282 581 3354 ipse
595 3281 784 3355 apostolorum
795 3282 887 3340 limina
900 3284 941 3340 ri·

145 3394 204 3435 sere
227 3386 303 3434 tanto
320 3385 444 3449 tempore
469 3376 691 3449 parvipendisses.
717 3380 760 3434 Ex
786 3394 841 3451 quo
866 3381 940 3436 enim

141 3488 202 3538 uos,
226 3471 290 3528 licet
314 3471 449 3543 indiguos,
464 3469 500 3526 ad
524 3471 605 3543 buJus
624 3469 696 3527 sedis
711 3484 804 3528 curam
818 3471 942 3545 dignatio

142 3564 232 3620 divina
247 3564 379 3636 provexit,
395 3566 536 3621 neminem
547 3572 668 3620 restrum
679 3580 730 3620 nos
742 3563 840 3621 vidisse
849 3581 941 3621 recor-

142 3655 250 3713 damur.
265 3657 347 3724 Quod
358 3657 488 3712 tamenin
500 3672 532 3711 eo
547 3656 640 3713 minus
651 3656 811 3713 mirandum
823 3658 939 3725 videtur,

144 3749 209 3818 quio
227 3749 329 3820 legatos
352 3758 472 3812 nostros,
496 3749 545 3820 qui
570 3750 682 3820 propius
696 3753 749 3806 'vos
771 3760 847 3817 sunt,
866 3752 942 3808 adire

141 3858 199 3896 non
222 3842 341 3897 multum
360 3842 470 3897 curatis.
485 3842 537 3910 Qui
550 3857 613 3897 sero
629 3843 713 3908 labor,
730 3850 779 3899 aut
794 3860 856 3915 quae
874 3845 942 3901 diib-

141 3934 229 3990 cultas
249 3949 305 4005 pree
325 3934 383 3990 aliis
401 3933 530 3990 dissuasit
552 3935 629 3990 vobis
653 3951 702 4007 per
728 3944 838 3993 tanmm
861 3940 940 4009 spatii

956 1942 1057 2004 Btuos
1081 1952 1227 1994 monemus
1252 1944 1285 1994 ut
1312 1935 1455 2009 prauum
1480 1936 1591 2006 eulpam
1617 1950 1799 2007 summopere

995 2030 1142 2087 emendare
1161 2031 1321 2102 procuretis,
1342 2045 1387 2098 ne,
1413 2030 1436 2086 si
1457 2029 1633 2102 negligentes,
1658 2037 1690 2084 ut
1705 2028 1799 2087 baete·

995 2110 1057 2192 nus,
1077 2125 1103 2179 in
1125 2123 1179 2181 hoo
1196 2124 1368 2191 exstiteritis,
1382 2130 1547 2194 potestatem
1568 2121 1641 2179 beatl
1656 2122 1729 2179 Petri
1749 2137 1800 2194 por

995 2232 1047 2273 nos
1066 2227 1171 2290 quanto
1189 2217 1359 2284 dilatiorem,
1375 2226 1450 2273 tanto
1470 2217 1637 2273 severiorem
1657 2230 1709 2289 pro
1730 2231 1799 2273 con·

996 2316 1103 2384 tempta
1122 2310 1313 2381 experiamini.

1282 2404 1451 2460 EPlSTOLA
1471 2405 1507 2459 ll.
1590 2462 1594 2471 ,

1120 2515 1161 2555 ιι)
1175 2513 1361 2555 nunnonsuu
1375 2512 1478 2555 anasse
1492 2511 1668 2554 cessantes.

1293 2591 1494 2661 (nonomen)

997 2688 1120 2745 Ostendit
1129 2701 1157 2742 sc
1167 2688 1314 2742 multorum
1327 2686 1420 2741 odium
1432 2689 1542 2755 propter
1554 2686 1698 2738 ceritatem
1708 2688 1735 2739 ct
1742 2683 1796 2753 ju-

1031 2760 1134 2813 stitium
1151 2761 1302 2822 incurrisse,
1318 2773 1401 2828 coque
1415 2756 1449 2811 de
1467 2770 1548 2810 cause
1560 2754 1663 2809 eosdem
1679 2754 1735 2809 sibi
1747 2754 1796 2809 de-

1032 2831 1147 2885 trudere.
1162 2830 1268 2886 Laudat
1283 2830 1354 2899 quod
1373 2830 1402 2881 in
1415 2828 1529 2882 ecclesiis
1544 2825 1601 2894 ders
1612 2827 1692 2894 regni
1704 2840 1799 2880 socam

1032 2902 1097 2955 dum
1115 2916 1214 2956 meren
1228 2904 1354 2957 llomenre
1374 2901 1496 2955 sceleste
1510 2897 1603 2950 dianna
1615 2898 1709 2965 officie
1728 2896 1811 2953 cale.

1032 2973 1141 3027 brunda
1154 2977 1236 3028 cruet.
1251 2975 1288 3027 lle
1305 2972 1363 3040 ejus
1379 2985 1462 3025 neore
1481 2973 1507 3024 et
1522 2968 1632 3022 abbatie
1644 2968 1741 3024 Sancti
1750 2968 1799 3025 Se·

1031 3044 1114 3097 ceredi
1133 3059 1180 3112 per
1201 3044 1299 3112 legatos
1316 3058 1343 3097 se
1363 3055 1564 3112 responsurum,
1579 3041 1629 3092 eit.
1646 3038 1799 3105 Ouerndum

1031 3117 1060 3168 in
1074 3114 1305 3184 archiepiscopum
1319 3114 1471 3181 elipendena
1487 3110 1597 3165 scientio
1608 3112 1748 3171 ,carentem
1761 3124 1799 3165 re

1031 3188 1115 3255 spuit,
1131 3189 1156 3239 ct
1172 3186 1256 3239 olium
1266 3184 1299 3239 de
1310 3185 1418 3238 consilio
1431 3185 1512 3252 legati
1524 3182 1590 3249 clip-i
1600 3180 1723 3237 mundet.
1735 3182 1800 3237 dio·

1031 3261 1074 3311 net
1094 3272 1125 3311 ne
1147 3258 1175 3311 in
1190 3271 1268 3323 regno
1283 3270 1332 3309 suo
1354 3256 1459 3310 iudans
1481 3253 1643 3310 Christianis
1656 3252 1800 3305 dominari

959 3325 982 3388 C
1028 3330 1178 3398 peranittct.
1203 3331 1241 3384 De
1258 3342 1365 3381 rnurtere
1377 3326 1415 3380 ud
1425 3342 1453 3381 se
1471 3339 1563 3393 crepe
1582 3326 1666 3377 misso
1686 3324 1798 3391 gratius

1031 3401 1100 3468 ergit,
1115 3401 1223 3481 cipueet
1235 3397 1357 3481 fidelibus
1369 3397 1425 3465 eius
1435 3397 1554 3450 omniurn
1566 3394 1798 3464 peecatorumeb-

1031 3470 1187 3526 solutionem
1210 3473 1381 3538 unpurtrtur.

1032 3566 1209 3622 Ganooarus
1228 3563 1381 3634 epiecopus,
1397 3574 1490 3616 servus
1509 3572 1653 3615 serromm
1666 3557 1733 3627 Dei,
1745 3562 1798 3616 An

997 3672 1118 3717 cnosso
1134 3656 1253 3729 glorioso
1265 3655 1321 3728 regi
1335 3653 1488 3726 Hispaniae,
1499 3652 1653 3709 salutemet
1664 3652 1798 3723 apostoli·

995 3768 1056 3807 cam
1068 3748 1298 3806 benedictionem.

1028 3847 1089 3900 Non
1099 3843 1207 3914 ignorat
1217 3842 1359 3913 prudentia
1369 3851 1416 3898 tun
1436 3840 1546 3897 mentiri
1560 3846 1703 3911 peccatum
1725 3856 1795 3907 esse,

995 3938 1017 3992 si
1040 3945 1069 3994 ot
1080 3935 1114 3991 de
1136 3936 1227 3992 otioso
1239 3935 1322 3991 verbo
1335 3937 1361 3991 in
1377 3934 1501 3990 districto
1519 3933 1646 3989 examine
1661 3932 1795 4006 exigenda

996 4037 1038 4085 est
1048 4028 1128 4084 ratio.
1141 4028 1192 4084 Sed
1206 4043 1242 4084 nc
1257 4027 1431 4085 mendacium
1445 4025 1557 4098 quidem
1569 4025 1662 4097 ipsum
1674 4024 1750 4098 quod
1763 4025 1796 4082 tlt

995 4123 1039 4193 pia
1062 4122 1214 4178 intentione
1237 4138 1287 4194 pro
1305 4136 1382 4192 pace,
1410 4120 1518 4191 aculpa
1534 4115 1643 4189 penitus
1668 4118 1796 4177 immune

142 4226 234 4267 annue
247 4220 305 4266 tam
327 4211 453 4267 mulieres
466 4226 550 4284 quarn
563 4212 736 4269 viriadeum
750 4215 942 4273 renireilllud
994 4230 1053 4271 esse
1075 4215 1185 4286 probari
1204 4220 1302 4286 potest.
1319 4217 1388 4271 Haeo
1408 4213 1511 4269 idcireo
1534 4212 1736 4284 prelibavimus
1752 4222 1794 4279 ut,

141 4319 263 4376 quoque,
285 4304 337 4360 nisi
351 4320 402 4360 nos
422 4304 571 4377 apostolica
592 4306 774 4363 mansuetudo
793 4307 940 4380 detineret,
995 4324 1059 4364 cum
1073 4308 1101 4362 in
1114 4308 1220 4364 ceteris
1231 4306 1299 4362 illud
1311 4316 1457 4378 peccatum
1475 4321 1534 4361 esse
1545 4320 1601 4360 non
1613 4304 1793 4370 dubitavcris,

141 4395 264 4469 protecto
278 4400 400 4454 severius
412 4399 477 4454 inte
490 4398 545 4470 jam
561 4400 785 4456 animadversum
798 4402 940 4470 sensisses,
994 4401 1024 4456 in
1035 4399 1224 4456 sacerdotibus
1235 4401 1314 4471 quasi
1333 4400 1502 4472 sacrilegium
1514 4398 1655 4469 conjicias
1677 4405 1705 4453 et
1719 4398 1795 4471 quod

141 4491 215 4563 quod
236 4491 289 4548 huc
312 4506 399 4565 usquc
411 4492 568 4565 praeclarius
585 4500 642 4549 tuae
661 4492 804 4565 dignitatis
824 4495 940 4569 insigne,
993 4494 1043 4549 tibi
1056 4493 1207 4565 dirigimus,
1225 4493 1259 4549 ita
1270 4494 1299 4548 in
1310 4508 1340 4549 re
1354 4508 1413 4549 esso
1424 4501 1492 4549 testo
1506 4492 1619 4547 veritate
1630 4506 1793 4564 copprosms.

142 4584 267 4641 videlicet
280 4586 403 4657 pallium,
416 4585 450 4641 ab
459 4585 606 4657 apostolica
618 4585 681 4642 sede
696 4601 745 4657 pro
755 4602 833 4643 more
845 4589 939 4659 acqui·
993 4588 1054 4643 Non
1063 4601 1114 4642 nos
1128 4585 1194 4641 latet
1205 4586 1291 4643 multa
1304 4586 1338 4642 dc
1347 4586 1449 4641 nostris
1460 4585 1539 4641 factis
1548 4584 1669 4640 aodiotis
1680 4586 1737 4641 tuis
1748 4600 1795 4641 au·

142 4026 254 4081 beatum
274 4028 387 4081 Petrum
402 4025 547 4098 negligere,
568 4041 631 4082 cum
643 4026 678 4082 ab
693 4027 760 4098 ipsis
772 4029 869 4086 mundi
880 4029 942 4085 lini·

143 4117 194 4173 bns
204 4116 286 4174 otiam
297 4125 392 4189 gentes
402 4119 510 4173 noviter
521 4117 555 4173 ad
565 4117 650 4175 tidem
661 4135 801 4177 converser
812 4122 942 4180 studeant

143 4692 205 4733 rere
223 4679 412 4749 postposuisti.
431 4682 471 4735 Te
494 4679 586 4751 ipsum
608 4694 728 4751 namque
749 4696 803 4735 non
818 4682 943 4753 ignorare
957 4688 983 4750 l)
997 4679 1074 4735 ribus
1095 4679 1202 4735 sinistra
1222 4679 1444 4751 interpretatione
1465 4677 1575 4734 deferri.
1598 4677 1680 4735 tlnde
1692 4686 1721 4734 ct
1743 4694 1794 4751 pro

142 4777 282 4843 putamus,
291 4786 373 4842 quam
383 4770 508 4829 districte
519 4780 679 4830 sanctorum
694 4774 809 4830 Petrum
824 4790 939 4832 censura

140 4864 169 4919 in
177 4878 225 4920 cos
231 4862 414 4935 jud'candum
424 4868 560 4933 statuerit,
573 4867 619 4938 qui
632 4870 938 4939 postconscorationom

140 4970 218 5012 suam
233 4971 282 5027 per
301 4965 355 5013 tres
376 4960 524 5014 continuos
537 4975 646 5015 mensos
662 4959 785 5032 pallium,
801 4963 875 5034 quod
895 4963 939 5018 sui

141 5046 280 5115 sitoflicii,
294 5049 419 5105 obtinere
433 5051 581 5121 tepuerint.

177 5141 291 5199 Proinde
306 5143 457 5214 apostolica
472 5145 519 5202 tibi
535 5147 710 5219 precipimus
722 5149 884 5207 auctoritate
897 5158 937 5217 ut,

140 5236 203 5307 quia
222 5245 379 5292 sanctorum
397 5238 513 5293 Patmm
536 5247 639 5295 statuta
660 5241 864 5312 parvipendisti,
881 5245 940 5299 nul·

140 5330 198 5384 lum
220 5328 346 5400 deinceps
359 5329 519 5402 episcopum
542 5333 583 5387 rel
602 5331 776 5388 sacerdotem
799 5334 936 5402 ordinare,

139 5436 188 5477 seu
211 5421 339 5477 ecelesias
363 5437 513 5494 praesumas
532 5439 702 5492 consecrare,
724 5424 812 5483 donec
826 5426 938 5484 bonoria

140 5514 180 5570 tui
191 5513 425 5587 supplementum,
440 5517 513 5589 pallii
526 5516 651 5574 videlicet
662 5533 753 5587 usum,
762 5519 796 5575 ab
808 5519 859 5577 hac
874 5520 938 5578 sede

141 5608 342 5682 impetraveris.
354 5612 397 5665 De
404 5618 504 5666 caetero
517 5619 575 5667 tam
585 5619 612 5667 te
622 5626 705 5682 quam
714 5621 742 5669 ct
750 5613 938 5687 suffraganeos

993 4774 1074 4830 uobis
1092 4774 1120 4829 iu
1135 4774 1261 4829 notitiam
1273 4773 1427 4829 dilectionis
1440 4781 1496 4828 terre
1508 4772 1732 4828 obtrectantibus
1749 4786 1793 4828 re·

994 4866 1129 4938 spondero
1150 4882 1207 4921 non
1231 4866 1349 4922 alienum
1370 4867 1534 4936 putarimus.
1553 4867 1734 4921 Peccatorom
1749 4880 1795 4922 me

993 4959 1142 5027 essa,siout
1153 4974 1249 5015 verum
1259 4968 1311 5025 est,
1325 4956 1449 5015 confiteri
1464 4959 1579 5014 minime
1591 4958 1795 5029 piger-Verum

993 5054 1015 5109 si
1029 5068 1110 5109 eausa
1130 5051 1184 5108 odii
1198 5051 1239 5108 vel
1253 5052 1432 5108 detractionis
1446 5068 1544 5108 eorum
1558 5050 1604 5123 qui
1619 5052 1647 5106 in
1671 5068 1723 5109 nos
1734 5051 1795 5109 tro·

994 5154 1086 5213 nrrrnt,
1104 5146 1242 5202 subtiliter
1254 5145 1443 5217 investigetur,
1457 5145 1580 5216 profecto
1593 5160 1652 5200 non
1671 5152 1732 5201 tam
1750 5145 1797 5201 ali·

994 5240 1071 5311 crrjus
1093 5239 1245 5309 iniquitatis
1276 5253 1344 5295 meae
1368 5238 1478 5299 intuitu,
1505 5254 1587 5309 quam
1610 5253 1645 5293 ex
1668 5239 1796 5295 veritatis

992 5332 1152 5394 assertione,
1169 5331 1362 5404 injustitiaque
1377 5332 1605 5400 contradictione,
1622 5330 1686 5387 illos
1698 5332 1727 5387 in
1741 5346 1797 5389 nos

992 5426 1123 5481 exarsisse
1146 5425 1256 5498 patebit.
1277 5428 1401 5497 Quorum
1419 5424 1531 5496 quidem
1556 5424 1667 5481 servitia
1687 5433 1717 5481 et
1737 5426 1795 5483 iar-

992 5520 1102 5593 gissima
1123 5535 1233 5575 mrrnera
1248 5534 1298 5574 nos
1311 5520 1376 5575 satis
1395 5518 1577 5575 abuudantius
1596 5518 1693 5575 multis
1713 5526 1797 5577 ante-

993 5615 1146 5670 cessoribus
1156 5614 1258 5669 nostris
1269 5613 1369 5669 babere
1383 5613 1534 5683 potuimus,
1546 5612 1580 5680 si,
1590 5610 1627 5668 ad
1638 5613 1795 5685 periculum

179 5780 255 5848 (40⁵)
269 5781 339 5837 Cum
353 5780 442 5837 desint
455 5780 654 5840 indictioneset
666 5782 725 5840 dies
737 5786 886 5853 mensium,
895 5784 1131 5856 sixcertopotest
1142 5798 1232 5841 annus
1244 5783 1390 5855 designari.
1447 5787 1461 5851 ⁵:
1517 5790 1585 5855 ι’,
