3884 6158
181 266 184 271 ’
214 251 267 304 att
649 290 656 304 .
825 244 1066 304 &eustonius
1085 246 1130 304 vit
1149 247 1248 305 Part.
1810 255 1865 312 280

215 380 292 431 ment
303 370 452 446 unclerge,
466 367 577 428 iruiede
589 371 692 437 Rome,
707 367 798 427 meme
810 367 878 427 daus
892 369 1013 429 descbo·
1027 376 1054 441 Α
1068 370 1169 429 lemout
1188 386 1237 430 sur
1254 371 1294 430 les
1319 371 1416 430 choses
1443 372 1477 431 de
1499 373 1525 431 la
1550 374 1668 448 liturgic,
1693 376 1718 433 le
1747 379 1865 450 pouroir

217 483 262 526 sas
283 468 364 526 d'uuo
387 467 552 537 importance
567 460 736 532 secondaire,
750 471 829 536 porte
851 464 975 538 toulours
988 465 1013 523 la
1066 466 1144 539 qu'ils
1163 464 1284 523 refusent
1304 465 1320 523 i
1342 469 1433 524 Rome
1457 483 1505 524 sur
1525 483 1556 524 ce
1580 469 1666 541 point,
1680 480 1709 528 et
1725 471 1866 530 raisonncr

139 590 143 599 ,
218 563 297 637 peine
312 561 398 617 decet
410 558 552 615 isolement
566 571 615 630 par
636 556 677 614 les
690 558 902 616 contradictione
914 575 948 616 en
965 561 1015 617 les·
1066 558 1202 618 d’ailleurs
1214 576 1279 617 avec
1292 560 1409 634 justesse
1422 577 1470 618 sur
1481 561 1619 620 l'autorite
1638 579 1691 636 que
1707 563 1799 622 donne
1813 564 1865 623 im·

219 654 321 728 qnelles
335 653 353 708 il
374 668 403 708 se
424 649 564 723 precipito,
582 649 732 710 victimede
750 650 776 709 la
794 652 912 726 position
928 652 1015 711 iausse
1068 653 1308 726 mauquablement
1333 653 1349 710 a
1371 670 1409 711 un
1431 654 1481 712 fait
1504 664 1532 712 et
1555 655 1571 712 la
1595 672 1649 714 une
1669 658 1787 715 maxime
1810 675 1863 716 son

218 747 255 805 ob
267 747 283 803 il
294 745 453 819 s’cstplaei.
1068 747 1199 804 insertion
1219 746 1288 804 dans
1311 749 1349 806 los
1365 748 1446 806 liures
1460 748 1619 823 liturgiques
1638 749 1672 808 de
1692 740 1800 826 i’tigtise
1819 769 1867 810 ro·

256 842 298 896 Eu
312 840 462 913 quatrieme
477 841 542 911 lieu,
555 841 622 898 e'est
634 855 674 897 un
685 841 819 913 spectacla
828 839 969 898 instructis
981 840 1016 900 de
1069 842 1176 900 maine.

222 935 281 991 mir
295 933 335 991 iss
354 934 510 1009 magistrats
526 934 654 993 seculiars
673 933 809 1010 s’arroger
825 942 887 993 tout
898 935 1016 994 naturel·

684 1429 933 1524 NOTlTIll
964 1429 1399 1522 DlPLOMdTlCd.

607 1705 610 1712 ·
649 1671 797 1747 (Philippus
814 1672 924 1742 turri,
941 1677 1054 1744 Hegesia
1073 1675 1230 1745 pontificum
1244 1677 1446 1741 Romanorum.)

258 2069 290 2125 ln
302 2065 466 2124 adornandis
479 2065 604 2139 Gregorii
619 2067 671 2122 Vll
685 2066 797 2139 regestis
809 2064 877 2123 mihi
890 2065 1015 2140 contissib
1034 2071 1058 2135 B
1107 2070 1155 2125 W.
1177 2067 1365 2125 Giesebrechti
1379 2075 1470 2126 autem
1483 2071 1686 2138 commentatio,
1701 2068 1736 2127 de
1750 2085 1803 2143 qua
1822 2087 1869 2129 su·

222 2170 253 2219 ut
264 2161 434 2235 optatissimo
455 2159 492 2217 uti
508 2158 634 2232 prasidio
647 2161 750 2227 lieeret,
765 2159 840 2234 quod
853 2160 963 2233 quidem
981 2160 1018 2218 si·
1073 2177 1121 2235 pra
1135 2160 1201 2230 disi,
1215 2161 1314 2234 scripta
1327 2162 1368 2219 bis
1379 2162 1469 2219 verbis
1482 2171 1523 2219 est
1538 2183 1546 2219 ε

223 2265 283 2312 tum
313 2255 341 2312 in
371 2253 519 2311 veterrimo
551 2253 659 2326 registri
688 2253 781 2312 codice
813 2256 944 2311 Vaticano
979 2261 1021 2311 est
1110 2272 1124 2298 ι
1144 2249 1269 2324 Gregorii
1284 2253 1345 2307 vti.
1359 2252 1526 2325 Registrum,
1540 2252 1613 2326 quod
1626 2267 1711 2326 usque
1730 2251 1872 2310 adnostra

224 2349 350 2406 oninium
369 2347 416 2420 qui
439 2355 547 2404 exstant
566 2355 593 2404 et
612 2362 696 2404 manu
714 2347 879 2420 scriptorum
892 2347 1020 2405 codicum
1073 2352 1199 2417 tempora
1218 2344 1351 2417 pervenit,
1370 2345 1513 2403 nunidem
1530 2346 1824 2405 esseacrerumillud
1843 2356 1871 2404 et

224 2451 252 2500 et
274 2441 424 2500 editionum
438 2440 522 2498 ionte.
544 2441 784 2499 Willeimuseuim
797 2441 1019 2499 Giesebrecbtv.
1074 2436 1236 2508 genuinum,
1256 2436 1330 2509 quod
1354 2437 1459 2510 publica
1480 2440 1643 2496 auctoritate
1667 2440 1734 2497 oiim
1758 2448 1870 2513 recepto

224 2516 271 2604 cl,
287 2551 351 2592 com
369 2533 501 2592 thesauris
524 2534 751 2592 bibliothecarum
774 2543 802 2592 et
820 2534 1020 2592 tabulariomm
1074 2528 1102 2585 in
1112 2528 1185 2585 curia
1201 2531 1329 2588 Romana
1340 2546 1417 2588 ruore
1425 2531 1609 2604 compositum
1622 2540 1690 2599 erat,
1703 2548 1765 2589 cum
1780 2532 1873 2592 multae

225 2627 383 2687 Italicorum
408 2637 470 2685 aute
495 2628 601 2701 aliquot
625 2643 713 2687 anuos
742 2627 843 2686 fruenti
870 2629 958 2686 aditus
986 2628 1021 2686 ad
1075 2622 1209 2697 epistolii,
1223 2639 1290 2695 quas
1301 2623 1411 2683 aliunde
1419 2633 1499 2682 nolis
1514 2625 1612 2682 frustra
1623 2626 1791 2697 quaesiraris,
1806 2626 1873 2685 Sitit

162 2758 168 2769 ,
225 2721 478 2796 praesentissimum
502 2721 578 2779 illum
600 2722 725 2780 codicem
749 2730 864 2796 pateret,
890 2722 1022 2795 genuinas
1074 2717 1234 2788 ostendunt,
1258 2725 1365 2775 tumes
1388 2720 1610 2793 cointelligitur,
1634 2720 1792 2794 quodquae
1815 2720 1873 2794 ipse

225 2816 284 2890 ejus
307 2815 447 2885 lectiones,
468 2815 594 2888 aquibus
614 2815 687 2873 baud
714 2832 774 2873 raro
799 2815 931 2874 editiones
951 2816 1022 2874 male
1075 2811 1224 2884 Gregorius
1244 2812 1271 2867 in
1290 2811 1336 2868 illo
1359 2813 1459 2886 scripta
1475 2829 1535 2870 esse
1556 2815 1658 2887 apertis
1672 2813 1762 2870 uerbis
1776 2813 1871 2886 reiert,

224 2908 364 2982 recedunt,
378 2908 520 2983 diiigenter
535 2909 700 2983 prescripsit,
715 2920 875 2983 posteaque,
900 2918 930 2967 ut
949 2910 1022 2967 locu·
1073 2919 1212 2978 nusquam
1227 2907 1402 2978 reperiuntur
1417 2907 1476 2976 Gib-
1503 2922 1556 2971 sn,
1569 2923 1611 2980 el)-
1632 2913 1685 2976 iti).
1705 2909 1872 2966 Pffluatum

225 3003 357 3077 pletarem
378 3017 471 3060 meum
487 3002 599 3072 librum,
622 3004 737 3077 benigne
757 3020 789 3061 ao
808 3004 953 3061 liberaliter
967 3018 1022 3060 me·
1075 2997 1158 3071 igitur
1182 2996 1327 3069 babemus,
1349 2999 1378 3058 id
1400 3000 1474 3073 quod
1497 3010 1596 3058 vocant
1617 3002 1773 3074 Registrum
1803 3002 1872 3059 nihil

142 3130 144 3134 ⁴
225 3113 289 3154 cum
304 3095 527 3153 communicavit.
547 3096 632 3152 Auxit
646 3096 729 3152 etiam
745 3096 900 3171 largitatem
922 3112 1018 3154 mune·
1075 3106 1135 3147 esse
1146 3091 1233 3160 aliud,
1249 3092 1301 3149 nisi
1316 3093 1504 3151 collectionem
1515 3095 1722 3167 epistolaruma
1740 3095 1875 3165 scriptore

225 3193 273 3260 ris,
296 3189 371 3263 quod
387 3205 451 3246 cum
465 3188 500 3247 ab
523 3204 557 3246 eo
572 3189 721 3262 petiissem,
741 3190 775 3248 de
791 3191 957 3264 proprietate
976 3207 1022 3248 ee-
1076 3184 1236 3258 nescioquo
1255 3185 1409 3244 confectam
1425 3197 1509 3262 atque
1529 3189 1558 3245 in
1573 3190 1663 3246 lucem
1685 3191 1831 3262 prolatam,
1843 3201 1875 3248 nt

226 3283 293 3342 dicis
318 3283 472 3357 virtuteque
490 3290 523 3340 ut
541 3282 569 3340 iu
586 3298 681 3340 meum
707 3299 789 3341 usum
816 3294 1021 3358 persequeretur
1075 3293 1169 3334 rerum
1182 3288 1319 3349 gestarum
1332 3281 1446 3338 ousiosis
1458 3298 1507 3354 pro
1524 3282 1595 3339 virili
1611 3292 1688 3355 parte
1706 3282 1871 3354 consuleret,

225 3378 369 3452 scriptura,
384 3385 493 3450 quaest
512 3379 641 3434 mutitare
656 3393 711 3434 uuu
728 3377 871 3447 dubitavit,
890 3378 956 3449 quiu
973 3385 1023 3436 uu·
1079 3387 1265 3445 magnumque
1273 3373 1397 3448 Gregorii
1413 3391 1514 3433 nomen
1529 3375 1678 3448 posteritati
1694 3376 1872 3435 commenda·

225 3470 280 3529 lem
292 3471 473 3545 gratiamque,
495 3486 557 3545 quse
568 3469 685 3528 habetur
696 3470 776 3540 iufra,
792 3471 826 3529 nd
844 3487 890 3528 me
904 3472 1025 3531 mitteret
1079 3473 1131 3521 ret.
1150 3465 1240 3537 Quam
1257 3466 1445 3525 collectionem
1452 3468 1510 3542 jam
1529 3470 1612 3542 paulo
1626 3479 1687 3542 post
1700 3468 1807 3527 obitum
1822 3470 1874 3528 tuu-

226 3566 497 3624 eommentationem.
516 3565 650 3637 Equidem
671 3565 792 3622 codicem
805 3565 978 3636 Vaticanum,
993 3576 1026 3623 nt
1074 3558 1122 3632 jus
1145 3575 1221 3633 papae
1244 3561 1439 3635 conscriptam,
1463 3578 1580 3636 moxque
1599 3570 1625 3619 et
1648 3564 1675 3619 in
1700 3565 1778 3621 ltalia
1793 3573 1822 3621 et
1845 3565 1873 3621 in

228 3674 278 3731 pur
302 3658 364 3727 luit,
389 3674 525 3732 nusquam
548 3674 604 3715 ueu
628 3668 750 3727 secutur,
773 3659 821 3716 ubi
844 3659 975 3718 editiones
997 3660 1025 3716 iu
1078 3653 1225 3709 Germania
1238 3654 1399 3725 innotuisse,
1411 3655 1563 3712 Deuadedit
1577 3656 1719 3713 cardinalis
1734 3659 1874 3715 Romanus

227 3750 361 3808 chronicis
381 3751 466 3822 signis
491 3751 590 3808 menda
605 3752 754 3819 continent,
770 3762 915 3827 utramque
928 3753 1022 3812 lectio·
1079 3745 1106 3800 t'n
1119 3746 1225 3803 collect·
1245 3762 1305 3804 ⁰⁸¹1·
1330 3748 1435 3821 (Stepb.
1462 3751 1558 3824 Borgia
1574 3750 1618 3805 del
1631 3751 1750 3806 ἅθ’)ῑὺῑῑθ
1769 3756 1873 3823 lt”¹1³⁰-

227 3858 292 3901 uem
318 3842 390 3901 iuter
424 3859 511 3902 uuros
542 3845 671 3917 apperui3
704 3861 792 3918 ueque
826 3862 909 3920 quum
937 3846 1025 3904 Mauri
1077 3840 1145 3894 roie.
1165 3846 1237 3913 App.
1257 3857 1283 3912 p.
1307 3847 1338 3898 13
1354 3844 1443 3916 sequ.)
1467 3852 1494 3899 at
1508 3842 1661 3901 Bernoldus
1683 3845 1873 3903 Constantian-

227 3935 309 3993 alleri
334 3936 435 3993 codicis
461 3938 625 3994 Mutinensis
656 3938 826 4008 varietatem,
855 3954 891 3996 ne
920 3939 1025 3998 deesset
1077 3931 1116 3989 sis
1130 3932 1157 3988 iti
1171 3932 1275 3991 Chron.
1293 3934 1327 3992 td
1342 3951 1445 3993 antium
1459 3943 1527 3994 1⁰85
1537 3946 1622 3995 testes
1636 3947 1709 3995 sunt.

228 4029 611 4103 lectori,praetcrmittendam
626 4031 727 4103 putaui.
1116 4028 1179 4084 otu
1205 4027 1335 4086 undecim
1359 4029 1454 4099 libros,
1481 4047 1600 4104 quorum
1626 4030 1751 4088 decimus
1773 4031 1873 4105 injuria

264 4123 388 4198 Gregorii
416 4122 498 4180 bulis
525 4123 640 4181 nomina
666 4125 779 4181 testium
805 4141 863 4182 non
889 4125 1023 4200 praebent.
1076 4128 1234 4193 temporum
1247 4122 1389 4195 interierit,
1404 4125 1647 4197 opusdispositum
1659 4123 1876 4183 fuisseeditores

228 4216 368 4275 sententia
383 4216 411 4273 in
428 4215 461 4273 iis
478 4216 576 4289 legitur
592 4216 651 4275 haec
667 4236 675 4273 :
694 4221 929 4279 litssnnsmuss
943 4236 1023 4292 snm,
1078 4230 1134 4270 uno
1149 4229 1197 4271 ore
1212 4216 1385 4286 continuant,
1402 4233 1490 4291 neque
1511 4217 1636 4275 dubitare
1658 4218 1793 4287 uidentur,
1808 4219 1874 4293 quin

228 4312 678 4379 Dorttus,sossnonttttrsuu
700 4312 820 4385 (1⁰,2it,
845 4316 891 4385 32,
906 4319 954 4384 4ο,
977 4321 1024 4385 tto,
1078 4317 1239 4366 conservato
1263 4310 1338 4382 iusto
1368 4310 1464 4369 ordine
1491 4320 1649 4386 temporum
1677 4312 1797 4386 episrutae
1822 4329 1874 4371 suo

227 4409 274 4474 ot,
293 4410 339 4475 ⁷1,
353 4409 407 4472 74).
1077 4416 1195 4475 quaeque
1214 4403 1275 4459 loco
1296 4403 1395 4475 positar
1417 4405 1480 4461 siut.
1496 4411 1638 4479 Attamen,
1655 4407 1677 4463 si
1690 4407 1770 4480 paulo
1791 4423 1873 4465 accu-

264 4499 377 4571 Scriptm
402 4513 452 4571 per
474 4496 552 4570 cujus
572 4514 688 4556 manum
703 4498 786 4558 bullte
806 4500 869 4566 sint,
890 4515 948 4559 non
963 4501 1025 4575 plus
1077 4499 1163 4555 ratius
1186 4497 1403 4570 perlustraveris,
1431 4497 1507 4556 lacile
1527 4498 1735 4568 animaduertes,
1761 4500 1826 4558 inde
1840 4501 1875 4558 ab

126 4618 128 4623 ·
228 4607 310 4664 quam
325 4591 409 4648 semel
425 4590 584 4647 indicatur:
1077 4592 1154 4650 initio
1180 4591 1240 4648 libri
1259 4607 1302 4649 sir
1315 4607 1413 4649 omues
1426 4591 1484 4649 iere
1498 4593 1602 4651 litteras
1622 4593 1774 4650 indictione
1788 4595 1874 4666 pluti-

297 4700 325 4757 p.
339 4699 378 4740 m.
395 4684 536 4757 Beniamin
548 4686 649 4743 notarii
664 4689 734 4745 sacri
749 4688 840 4763 palatii
854 4693 958 4758 (3337).
1077 4701 1140 4743 mas
1153 4687 1194 4742 vel
1213 4686 1267 4755 die,
1287 4701 1341 4758 quo
1363 4687 1434 4745 datae
1453 4686 1518 4757 sint,
1540 4702 1648 4756 carere3
1665 4703 1822 4761 quanquam
1844 4687 1875 4744 in

299 4779 378 4835 Datae
391 4784 457 4834 sunt
1080 4779 1216 4852 prioribus
1231 4787 1336 4851 septem
1351 4779 1429 4836 libris
1446 4779 1555 4835 indictio
1577 4788 1605 4835 st
1622 4779 1681 4837 dies
1695 4780 1752 4837 iere
1766 4796 1875 4854 semper

300 4885 321 4940 p
355 4886 383 4924 m
419 4873 498 4926 Petri
511 4874 539 4929 S.
558 4875 589 4930 il.
610 4877 643 4930 Ε.
658 4875 814 4946 presbytcri
827 4877 978 4934 cardinalis
994 4856 1221 4945 ooDdlligenter
1232 4871 1419 4929 diffiniuntur.
1432 4873 1501 4929 Fieri
1515 4881 1589 4930 certe
1601 4872 1708 4947 nequit,
1720 4874 1787 4947 quin
1803 4889 1875 4931 aare

413 4963 608 5020 bibliothecarii
625 4968 664 5035 (5,
681 4971 709 5035 o,
732 4970 820 5033 9,10,
847 4972 889 5039 18,
912 4973 958 5040 20,
978 4976 1024 5041 ai,
1079 4965 1239 5039 scrupulum
1258 4964 1338 5022 nobis
1352 4965 1495 5039 injiciatur,
1519 4975 1547 5024 et
1566 4968 1657 5024 critica
1672 4978 1730 5024 arte
1749 4967 1874 5025 adhibita

452 5061 497 5124 22,
520 5060 566 5121 2³,
580 5062 627 5127 2⁴,
643 5061 688 5128 29,
712 5063 758 5130 33,
778 5063 822 5126 33,
839 5064 884 5127 37,
909 5064 954 5127 to,
977 5065 1023 5135 si,
1077 5060 1258 5130 inveniemus,
1275 5074 1447 5134 nequaquam
1462 5075 1507 5128 eo,
1526 5076 1581 5135 quo
1595 5077 1668 5118 nunc
1684 5060 1813 5134 leguntur
1830 5077 1877 5118 or

456 5151 500 5218 31,
515 5149 578 5222 3ης
1078 5154 1154 5224 dine,
1174 5153 1223 5210 sed
1244 5152 1357 5211 dirersis
1380 5154 1549 5226 temporibus
1570 5170 1616 5212 eas
1635 5154 1738 5211 litteras
1758 5155 1874 5228 scriptas

301 5265 314 5292 ·
354 5265 368 5292 ι
407 5245 484 5300 θείη·
495 5241 650 5300 camellarii
662 5249 742 5315 atque
753 5246 903 5303 cardinales
915 5251 987 5318 (³9);
1076 5263 1136 5305 esre
1149 5255 1176 5303 et
1194 5262 1266 5321 saepe
1287 5245 1446 5304 inferiorem
1465 5264 1538 5305 nunc
1550 5250 1641 5305 locum
1654 5246 1788 5318 obtinere,
1811 5264 1874 5323 qure

300 5359 313 5385 u
353 5358 366 5385 ι
405 5335 518 5393 Gortoois
531 5337 681 5394 cardinalis
691 5340 846 5410 presbytcri
861 5344 916 5410 (35)
924 5334 946 5413 j*
982 5365 985 5373 ·
1077 5341 1248 5414 anteposita
1266 5343 1357 5397 multo
1372 5341 1474 5415 priores
1494 5342 1652 5399 exstiterint.
1674 5342 1801 5414 Neglexit
1821 5342 1873 5416 igi·

303 5450 316 5477 ι
356 5451 369 5478 ι
407 5431 517 5486 ioannis
528 5433 606 5488 itit
622 5430 884 5491 diaconicardirtuli
898 5438 969 5504 (38);
1077 5443 1132 5498 tur,
1151 5435 1197 5507 qui
1219 5435 1375 5508 nagistrum
1397 5435 1562 5509 composuit,
1584 5434 1613 5491 in
1637 5445 1758 5493 extrema
1782 5436 1876 5510 operis

300 5544 313 5572 u
353 5545 366 5573 ι
403 5523 545 5594 memte
562 5527 703 5595 mouentis
721 5528 778 5582 cicc
797 5530 874 5584 Petri
890 5531 917 5587 S.
935 5533 967 5588 it.
988 5533 1020 5589 ll.
1076 5537 1154 5602 parte
1168 5536 1326 5602 temporum
1340 5528 1571 5601 ordinem,quem
1587 5545 1635 5602 per
1648 5539 1755 5604 septem
1769 5530 1874 5603 priores

439 5616 591 5689 presbyteri
608 5618 755 5676 cardinales
775 5626 803 5677 et
827 5622 1026 5682 bibliotbeeoris‘
1077 5622 1162 5679 libros
1182 5622 1325 5695 diligenter
1349 5624 1435 5681 tuitus
1453 5631 1519 5681 erat.
1542 5623 1623 5696 Quod
1645 5640 1714 5682 sane
1733 5640 1792 5682 non
1817 5625 1876 5682 sins

441 5711 515 5783 (⁶⁰)'2
1076 5716 1151 5790 gravi
1173 5731 1254 5773 causa
1277 5716 1399 5785 admisit,
1423 5717 1642 5791 quamvisque
1666 5716 1758 5786 fuerit,
1782 5717 1876 5791 conje-

300 5827 312 5852 υ
349 5823 365 5855 ι
403 5805 869 5882 manutenementum).
1075 5818 1152 5867 aura
1170 5808 1255 5867 modo
1275 5809 1400 5884 augurari
1422 5811 1568 5883 possimus.
1589 5814 1628 5868 Er
1654 5826 1716 5869 mes
1737 5813 1875 5870 sententia
