3870 6164
519 224 548 279 S.
566 221 729 280 esseben
749 222 793 279 tlt
811 222 910 278 PAPAE
926 210 1064 278 OPERUM
1082 220 1168 277 PARS
1187 220 1207 277 Ι.
1230 250 1264 262 -
1283 220 1497 279 assistente·

403 346 576 406 sttsrott
594 346 744 403 XXXVII.

354 465 395 505 au
407 463 596 507 unnrtusmxt
606 462 804 506 courxtssau.

458 547 549 608 (Anno
566 543 656 614 1070.)

126 670 130 681 ·
168 647 245 718 'Ejus
258 647 413 715 religionen
427 661 459 700 uo
472 647 600 714 1111010111
616 660 682 719 ergo
702 660 780 701 sucro
793 645 851 699 locu
861 658 976 698 mmmc-

213 722 312 780 morot,
327 720 353 771 et
366 716 404 772 od
416 717 528 772 meliora
539 731 642 787 semper
657 716 819 787 peragendo
837 715 974 769 hortatur.

213 792 332 915 gaussmm
351 791 575 846 monesten'orom
590 789 777 860 protectionem
799 789 825 842 ei
845 800 976 841 commeri-

210 962 392 1019 Guseonrus
400 960 553 1034 episeopus,
563 973 657 1016 serens
667 975 808 1017 serrorum
816 959 877 1028 Dei,
890 963 976 1015 axut-

176 1069 274 1114 111111
285 1052 975 1127 [1111111111]10111111111111111101100110110111

57 1178 63 1189 =
175 1148 402 1207 benedictionem.

213 1244 375 1316 Quanquam
400 1240 521 1297 noverim
540 1249 567 1298 te
581 1242 664 1298 sacris
684 1242 751 1299 locis
774 1249 801 1297 et
821 1257 917 1297 eorum
933 1256 975 1296 re-

176 1335 280 1410 ligiosis
293 1335 493 1392 hnbtmmrtbus
514 1343 666 1409 spontanea
688 1335 828 1392 voluntute
853 1342 880 1391 te
903 1331 975 1390 ferre

176 1427 339 1497 subsidium,
361 1427 500 1511 0111011111
521 1436 547 1486 te
560 1436 651 1485 tarnen
671 1437 698 1486 et
720 1427 868 1485 admouere
882 1428 975 1484 curavi

177 1531 207 1580 ut
231 1521 259 1579 ln
278 1522 366 1596 maius
388 1522 539 1595 meliusque
567 1537 722 1591 excrescas3
751 1531 779 1579 et
804 1521 878 1593 quod
901 1521 973 1578 ultro

176 1614 266 1674 fucere
283 1617 432 1685 consuesti,
446 1625 541 1671 nostro
557 1627 694 1689 praecepto
709 1623 737 1672 et
749 1615 820 1672 beati
836 1614 906 1671 Petri
923 1631 972 1670 ou·

66 1758 70 1765 .
176 1711 305 1769 ctoritate
324 1709 381 1784 jam
401 1709 551 1767 studiosius
570 1710 736 1783 exsequeris.
759 1708 803 1766 nd
824 1709 877 1765 hoe
898 1708 974 1765 enim

175 1804 226 1862 tibi
240 1821 255 1861 1
270 1805 390 1861 Domino
404 1812 432 1860 et
441 1803 556 1861 honoris
566 1804 682 1877 dignitus
695 1811 723 1860 et
734 1802 863 1876 potentiae
875 1802 974 1875 ampli·

175 1898 242 1957 tudo
267 1913 394 1954 concesso
420 1902 475 1966 est,
499 1906 530 1954 ut
550 1898 580 1954 in
600 1913 650 1954 suo
673 1913 841 1970 suommque
862 1905 973 1953 serrxtro

175 1990 352 2065 expendetur,
365 1999 393 2047 et
410 1999 451 2057 tu,
472 1993 511 2048 eis
524 1991 644 2048 camolla
666 1999 712 2048 tua
739 1992 853 2048 libenter
871 1990 973 2062 imper·

174 2086 256 2153 tiens,
271 2085 305 2141 de
318 2085 504 2156 spiritualibus
528 2100 624 2141 eorum
647 2085 818 2156 participium
833 2084 972 2141 merearis.

175 2177 361 2248 Quamobrem
380 2194 453 2235 morte
473 2187 528 2235 tuas
548 2187 576 2234 et
594 2177 747 2236 defensioni
768 2178 974 2234 chtuerieuse

175 2272 332 2329 coerrobium
354 2279 383 2327 et
401 2271 527 2346 ejusdem
542 2271 760 2345 congregationis
779 2270 874 2326 iratres
886 2279 974 2328 atten-

175 2365 230 2422 tius
248 2365 488 2433 commendemus,
500 2372 531 2421 ut
544 2365 585 2421 eis
600 2372 628 2420 et
640 2379 723 2436 opem
735 2363 841 2420 consilii
856 2373 883 2420 et
904 2379 974 2437 prae·

175 2458 236 2515 sidii
253 2458 458 2515 intrumentum
478 2467 573 2514 contre
597 2457 690 2514 omnia
713 2456 901 2514 iuiestuntium
915 2472 976 2530 gre·

175 2552 284 2608 rumina
320 2549 476 2623 impendere
507 2549 652 2618 studeatis,
684 2558 715 2607 ut
746 2559 775 2607 et
807 2567 857 2623 pro
888 2551 974 2607 saline

71 2652 74 2657 '
174 2645 274 2703 enimse
298 2652 352 2701 tun
376 2644 511 2701 orationes
532 2659 628 2701 eorum
650 2642 724 2717 epod
748 2647 837 2700 Deum
861 2644 973 2701 11111111-

175 2746 247 2793 0111.
273 2737 334 2793 Peri
349 2752 460 2810 quoque
482 2737 565 2794 modu
586 2736 688 2794 Clusini
710 2737 867 2794 monasterii
893 2737 974 2793 oliba-

173 2839 242 2898 tem,
262 2838 289 2887 et
303 2830 387 2904 ipsius
410 2830 528 2887 coenobii
550 2845 595 2887 res
608 2830 753 2905 rigilnutiae
776 2840 832 2888 tuto
858 2829 974 2888 tuendas

174 2939 206 2981 uc
225 2925 405 2998 protegendas
424 2924 633 2991 committimus,
655 2939 737 2994 quem
762 2924 814 2980 sub
825 2924 900 2996 grari
922 2924 972 2979 tri-

173 3017 344 3076 bulationum
362 3015 435 3073 iesca
458 3017 581 3073 laborare
603 3015 767 3072 audivimus.
792 3018 887 3089 Neque
905 3026 933 3074 te
957 3033 972 3073 1

174 3111 253 3169 bouae
273 3111 429 3168 intentionis
452 3110 560 3181 incepto
586 3108 701 3180 alicujus
725 3109 810 3181 gretie
835 3117 883 3165 eut
901 3124 971 3181 prae-

172 3202 840 3273 miumdetloctat:quinquiperseceroooiteeque
854 3205 883 3257 io
892 3205 971 3272 finem

173 3299 215 3354 bic
227 3299 318 3353 solitus
331 3298 383 3351 erit
398 3296 504 3365 (notet.
519 3296 560 3367 x).
578 3297 644 3351 llaeo
657 3295 718 3364 tibi,
731 3294 786 3351 tilia
799 3295 970 3365 charissima,

172 3390 265 3463 puucis
280 3389 415 3446 inculcare
432 3395 460 3443 et
473 3387 611 3461 injungere
624 3389 781 3458 statuimus,
807 3398 838 3445 ut
851 3389 886 3446 ad
907 3389 971 3447 boni

172 3484 262 3556 operis
282 3482 484 3539 exsecutionem
502 3490 531 3538 te
553 3483 754 3556 promptiorem
778 3483 971 3547 redderemus,

97 3608 101 3615 ·
172 3584 211 3645 et,
236 3585 268 3633 ut
288 3576 396 3645 dicitur,
419 3584 574 3631 currentem
602 3575 777 3633 incitaremus
802 3595 810 3633 ε
838 3584 972 3649 quotenus

173 3672 232 3726 Deo
251 3669 359 3734 devota,
372 3677 401 3725 et
414 3668 495 3726 bonis
506 3668 622 3736 notibus,
636 3678 665 3726 et
676 3668 726 3726 Dei
749 3685 892 3727 servorum
907 3687 971 3743 pro·

171 3761 282 3820 tecticoi
300 3761 452 3835 invigilans,
472 3761 547 3818 illem
565 3762 753 3834 promittentis
772 3764 882 3820 Domini
898 3779 971 3820 mer·

171 3855 269 3912 cedern
284 3856 372 3912 valens
384 3855 498 3929 adipisci
510 3872 517 3910 t
533 3856 585 3923 Qui
599 3859 696 3927 recipit
708 3856 867 3927 proplietam
879 3859 910 3912 in
922 3873 970 3913 mo·

171 3952 244 4005 mim
254 3949 402 4020 propheten,
419 3948 564 4004 mercedem
579 3951 717 4020 propbeta
734 3951 870 4019 accipiet:
885 3953 973 4020 etqui

171 4046 266 4115 recipit
276 4044 383 4113 testem
402 4044 433 4097 iri
452 4043 558 4098 nomine
567 4041 648 4111 justi,
661 4043 806 4098 mercedem
817 4044 970 4112 101110001-

168 4139 228 4208 piet
241 4136 373 4206 (ibidem).

208 4234 275 4287 Data
299 4228 384 4286 Seciae
404 4229 521 4302 septimo
539 4228 605 4285 idus
630 4228 800 4297 Decembris,
816 4229 971 4288 indictione

170 4324 340 4381 duodecima.

402 4426 580 4484 EPISTOLA
598 4426 762 4483 xxxvttt.

282 4543 324 4585 un
343 4541 552 4586 wutrxsuunu
571 4540 676 4583 nucsu
694 4541 854 4585 1011111111.

475 4626 567 4687 (Anno
583 4625 673 4687 10711.)

172 4724 345 4783 Gmnmendut
357 4726 415 4795 ejus
426 4726 457 4780 ire
474 4724 649 4795 apostolicum
660 4724 748 4780 sedon
764 4725 971 4781 oeconomiam.

87 4826 90 4831 ·
208 4798 354 4866 Confirmet
383 4812 415 4851 eu
446 4811 507 4865 quc
525 4795 703 4866 predecessor
726 4797 881 4852 tleconder
903 4797 931 4852 tt
950 4799 976 4852 ei

207 4868 314 4922 0000111
328 4870 419 4936 pretia
430 4868 572 4922 tribueret.
587 4868 718 4922 Hortatur
730 4868 767 4922 ed
777 4870 973 4938 promissorum

207 4941 396 4992 constantium.
412 4938 555 4995 Pollicemr
572 4940 602 4992 io
615 4939 692 4993 illius
705 4939 806 4994 ditione
819 4954 880 5008 que
897 4956 913 4992 u
927 4940 967 4992 le-

208 5011 280 5078 getis
294 5008 404 5078 01110111
416 5025 471 5064 uon
483 5014 617 5080 poterunt,
628 5026 655 5065 se
666 5010 850 5080 defletorum.

207 5112 801 5184 Guneusrusepisecpus,servusservorum
810 5109 871 5178 Dei,
880 5112 973 5166 wne-

171 5203 354 5263 stsuso'duci
369 5204 519 5275 bohemie,
531 5206 649 5264 salutem
658 5215 686 5264 et
697 5206 875 5281 apostolieum
890 5205 972 5262 bene·

172 5299 329 5357 dictionem.

208 5396 303 5467 Longe
325 5393 382 5466 jum
406 5394 539 5465 temporis
551 5394 690 5452 intervallo
712 5402 848 5452 mansueta
862 5405 925 5453 suut
939 5414 972 5454 ex

1776 222 1833 277 ³2⁰

989 345 1131 419 Aguleris
1151 353 1180 401 et
1200 346 1309 419 egregia
1324 344 1377 402 tuit
1395 344 1529 403 adstricta
1546 344 1674 403 charites.
1688 345 1775 418 cujus
1792 346 1833 402 rei

1030 440 1111 497 tidem
1130 448 1158 496 et
1177 439 1309 498 iudicium
1323 456 1356 496 ex
1378 440 1564 499 benevolentia
1584 439 1690 497 domiui
1711 448 1741 497 et
1754 445 1835 497 auts-

1029 535 1144 592 cessoris
1162 535 1247 592 nostri
1267 535 1416 593 Alexandri
1440 550 1516 608 papae
1528 536 1596 593 sads
1617 535 1773 607 percepisse
1786 549 1835 606 po·

1029 636 1080 696 tes,
1102 629 1147 701 qui
1163 630 1340 702 petitionibus
1358 631 1413 687 tuis
1427 646 1485 688 non
1500 645 1632 703 unguem,
1655 629 1715 686 siue
1739 644 1792 687 sua
1805 638 1835 687 et

1028 721 1150 780 illiorum
1174 732 1276 781 sanctos
1294 727 1428 781 Romeuae
1450 724 1579 781 Ecolesiae
1599 723 1783 782 sollicitudine
1804 731 1835 780 et

1028 816 1122 876 lubere
1140 817 1344 888 cutrdesceudit,
1366 826 1395 874 et
1412 819 1447 874 ad
1465 821 1574 891 signum
1588 818 1691 875 intimes
1706 819 1833 876 dilectio·

1028 913 1086 982 uis,
1104 911 1177 985 quod
1198 913 1274 970 laieae
1289 928 1412 986 persone
1426 913 1508 969 tribui
1527 929 1585 970 nnn
1599 914 1753 982 consuerit,
1781 914 1835 970 mi-

1027 1012 1099 1062 trem
1113 1021 1197 1077 quam
1209 1005 1349 1078 postulasti
1363 1005 1472 1062 direxit.
1488 1007 1582 1078 Neque
1595 1020 1661 1062 vero
1676 1022 1726 1064 101
1741 1008 1769 1062 11
1784 1023 1834 1063 no

1028 1101 1093 1157 stris
1118 1100 1289 1172 temporibus
1309 1108 1391 1156 tautee
1410 1099 1562 1155 dilectionis
1583 1099 1711 1171 gratiem,
1739 1100 1832 1171 proti·

1029 1195 1109 1253 dente
1124 1195 1193 1260 Deo,
1211 1192 1364 1251 lobeiucteri
1382 1193 1531 1250 volomus:
1550 1193 1607 1250 imo
1621 1192 1723 1266 siquid
1744 1193 1832 1250 estin

1029 1305 1093 1363 pun,
1109 1287 1258 1345 eomitante
1274 1286 1391 1360 justitie,
1408 1287 1516 1343 firmius
1528 1287 1710 1359 conglutinari
1729 1289 1831 1356 retest,

1029 1383 1082 1439 lroc
1105 1390 1196 1438 nostra
1211 1380 1282 1453 apud
1306 1383 1395 1438 Deum
1420 1378 1576 1437 sollicitudo
1590 1380 1735 1453 impetrare
1752 1380 1833 1438 valde

1028 1476 1174 1534 desiderat.
1192 1480 1228 1531 nt
1242 1482 1269 1530 te
1290 1473 1402 1546 quidem
1425 1489 1488 1547 erga
1506 1474 1685 1546 apostolicam
1706 1489 1832 1531 reseren-

1026 1570 1104 1636 tiom‚
1120 1584 1202 1641 quam
1220 1568 1257 1624 sis
1270 1567 1297 1623 in
1312 1568 1385 1624 rotis
1395 1575 1535 1634 10111111,
1550 1583 1633 1640 quam
1647 1567 1674 1622 in
1688 1567 1832 1640 promissis

991 1677 1219 1744 Bperseverans,
1235 1676 1291 1717 nou
1312 1660 1396 1717 niodo
1411 1675 1460 1732 pro
1477 1660 1620 1733 dignitete,
1638 1675 1732 1716 verum
1746 1660 1832 1717 etiem

1027 1772 1078 1830 pro
1092 1755 1178 1812 salute
1193 1764 1240 1811 tuo
1255 1754 1373 1811 fideliter
1385 1762 1495 1826 oportet
1514 1752 1654 1811 attendere
1672 1774 1679 1810 :
1694 1753 1832 1826 scriptum

926 1897 954 1909 ..
1027 1857 1068 1905 est
1080 1850 1153 1906 enim
1171 1866 1178 1903 ε
1198 1851 1303 1916 l'ooete,
1322 1852 1348 1903 et
1363 1848 1472 1904 reddite
1486 1848 1567 1919 (Psoi.
1582 1852 1685 1913 cxxx).
1703 1847 1770 1917 Quae
1778 1863 1832 1904 uu·

1027 1950 1084 1999 tem
1104 1943 1148 1999 illa
1162 1942 1203 1999 vel
1224 1942 1312 2014 qualia
1327 1941 1391 2008 siut,
1413 1958 1428 1997 a
1447 1942 1488 1997 tui
1503 1940 1589 2013 ipsius
1602 1940 1767 1997 conscientie
1785 1957 1832 1999 sa·

1028 2036 1062 2092 tis
1076 2044 1103 2091 te
1124 2036 1328 2093 conrmonitum
1349 2051 1408 2092 esse
1432 2043 1569 2108 putemus.
1595 2036 1775 2092 (1111111110
1800 2045 1833 2092 et

1027 2130 1151 2203 negotia,
1184 2144 1260 2201 ques,
1292 2129 1319 2185 in
1352 2129 1473 2201 partibus
1507 2129 1561 2184 illis
1591 2127 1627 2184 ed
1658 2127 1832 2185 audientiam

1028 2222 1282 2295 discussionemque
1294 2224 1447 2295 legatorum
1459 2229 1618 2279 nostrorum
1637 2221 1749 2295 perlata,
1762 2238 1831 2294 pec·

1028 2316 1097 2373 eatis
1111 2316 1334 2389 impedientibus,
1348 2330 1469 2386 congrua
1477 2314 1701 2372 determinatione
1714 2312 1832 2374 (11101111

1027 2425 1082 2465 uon
1109 2418 1242 2481 poterent,
1260 2410 1330 2465 sicut
1349 2408 1432 2466 citiori
1450 2409 1539 2466 nostri
1561 2408 1756 2466 eura‘nemine
1773 2425 1832 2467 nes

1027 2510 1141 2575 regente
1159 2502 1309 2574 compellit,
1325 2501 1435 2559 odeum
1455 2517 1537 2575 qoem
1548 2501 1654 2575 justitie
1678 2504 1833 2575 postutare·

1028 2596 1065 2652 rit
1080 2596 1176 2664 tinem,
1197 2596 1344 2668 adjurante
1360 2595 1489 2662 Domino,
1505 2596 1654 2667 perducere
1670 2594 1830 2669 proconni-

1027 2705 1099 2747 mus.
1115 2694 1204 2747 Porro
1219 2705 1282 2763 quae
1295 2689 1347 2761 ipsi
1362 2689 1424 2746 iude
1438 2696 1606 2758 statuemnt,
1617 2688 1729 2746 interim
1739 2689 1832 2747 donec

1026 2782 1063 2840 sd
1082 2800 1133 2840 nos
1147 2784 1256 2857 negotio
1282 2782 1466 2856 perferantur,
1486 2783 1602 2839 immota
1622 2798 1735 2840 munere
1749 2783 1830 2840 rolu-

1026 2892 1098 2944 mus,
1114 2886 1196 2950 utque
1209 2877 1359 2950 apostolice
1374 2877 1535 2933 auctoritate
1548 2876 1733 2949 precipimus.
1752 2879 1832 2934 Deus

1026 2978 1118 3027 autom
1131 2971 1320 3042 omnipotens,
1337 2970 1384 3043 qui
1403 2970 1544 3027 bonorum
1566 2971 1693 3027 omnium
1707 2969 1787 3027 dator
1800 2979 1831 3027 et

992 3055 1122 3122 Cnuetor
1136 3073 1188 3132 est,
1202 3062 1287 3119 telem
1303 3079 1350 3120 ros
1364 3065 1393 3120 iu
1406 3064 1475 3120 votis
1492 3064 1588 3120 vestris
1602 3073 1630 3120 et
1644 3063 1751 3120 actibus
1763 3079 1830 3122 esse

1024 3156 1116 3224 111111,
1140 3166 1171 3213 11
1184 3172 1249 3213 cum
1271 3165 1333 3213 eote
1352 3158 1479 3215 coelestes
1498 3156 1618 3230 judices,
1636 3156 1760 3215 videlicet
1773 3158 1829 3215 Pe·

1024 3259 1098 3307 trum
1113 3259 1142 3306 et
1155 3251 1280 3315 Paolum,
1306 3251 1336 3307 in
1350 3248 1446 3307 futuro
1460 3251 1587 3308 examine
1601 3250 1740 3319 veneritis,
1751 3252 1830 3308 nulle

1024 3359 1073 3401 ros
1087 3344 1113 3399 in
1127 3343 1238 3401 illorum
1251 3344 1357 3413 oculis‘,
1372 3344 1426 3401 nisi
1440 3359 1503 3417 quse
1515 3344 1736 3402 remunemtione
1746 3343 1831 3418 digua
1924 3424 1927 3431 1

1023 3438 1071 3503 sit,
1083 3438 1251 3495 conscientie
1259 3436 1390 3495 deuotere
1400 3447 1428 3494 et
1436 3446 1575 3496 ostentare
1585 3438 1683 3494 raleet.

1058 3534 1131 3589 Data
1148 3535 1247 3589 liomae
1269 3546 1322 3589 xvi
1345 3530 1487 3588 Kalendas
1506 3532 1649 3600 ianuarii,
1675 3530 1830 3589 indictione

1024 3624 1201 3683 duodecima.

1255 3732 1433 3788 litletona
1452 3731 1599 3787 xxxix.

1024 3852 1066 3895 AD
1082 3851 1269 3894 woztttttttxt
1295 3851 1591 3895 UAGDBBURGBNSBU
1611 3852 1830 3896 tncntsstsco·

1309 3923 1425 3965 1111111
1445 3923 1542 3967 attus.

1322 4021 1416 4086 (Anno
1432 4019 1522 4090 ture.)

1024 4124 1156 4192 Queritur
1167 4125 1262 4180 bellum
1273 4127 1345 4180 inter
1356 4140 1398 4181 eos
1410 4131 1435 4180 et
1445 4127 1589 4182 Henricum
1601 4141 1689 4196 regem
1701 4130 1828 4182 exortem

1061 4197 1157 4264 fuisse.
1171 4197 1250 4251 Iubet
1263 4211 1305 4252 eos
1318 4196 1354 4250 nb
1372 4200 1462 4252 umoris
1481 4198 1618 4266 desistere,
1633 4197 1714 4252 donee
1726 4213 1776 4267 per
1789 4198 1830 4253 le-

1059 4273 1135 4335 gatos
1143 4282 1204 4322 euos
1214 4282 1323 4322 meeum
1333 4271 1506 4324 contentionis
1515 4274 1663 4338 cognoscet.

1059 4372 1233 4430 Gusnoutus
1243 4372 1397 4445 epiecopus,
1410 4390 1505 4431 servus
1518 4390 1661 4431 serrorum
1678 4376 1740 4441 Dei,
1754 4376 1828 4433 Wo-

1027 4480 1137 4523 znutoo
1151 4467 1327 4535 [veteteno]
1346 4466 1575 4541 magdeburgensi
1604 4466 1829 4539 archiepiscopo,

1027 4560 1828 4633 Buncuanuoflalberstedeusiepiseopo,etLuronr[Tc·

1026 4658 1112 4724 rent]
1133 4654 1295 4723 marchioni,
1317 4656 1479 4727 ceterisque
1498 4655 1625 4711 Saxonis}
1645 4652 1827 4728 principibus,

1026 4748 1142 4805 saltitem
1160 4757 1188 4805 et
1199 4749 1379 4821 apostolicam
1392 4747 1622 4805 benedictionem.

1061 4842 1168 4912 Quanta
1194 4842 1325 4898 violentia
1346 4851 1504 4914 quantoque
1527 4839 1643 4898 inuitum
1663 4840 1828 4913 impulsione

1026 4935 1187 4992 uuirersnlis
1200 4935 1330 4991 Ecclesia
1342 4936 1437 4990 multis
1450 4935 1687 5007 perturbationum
1697 4935 1828 4992 lluetibue

1024 5045 1180 5096 concussae,
1194 5037 1223 5085 et
1241 5044 1310 5100 pene
1325 5028 1405 5100 quasi
1422 5027 1545 5100 quodam
1565 5029 1708 5103 naufragio
1720 5027 1830 5101 pericli·

1025 5131 1100 5190 tetae,
1119 5138 1189 5179 onus
1210 5132 1239 5180 et
1259 5123 1382 5194 regimen
1399 5121 1539 5195 suscipere
1556 5138 1618 5180 sum
1632 5132 1753 5188 coactus,
1776 5137 1829 5178 oe-

1025 5216 1131 5274 cultum
1146 5216 1222 5274 vcbis
1235 5224 1261 5272 et
1272 5215 1422 5272 inauditum
1439 5231 1499 5272 esse
1510 5232 1566 5272 uon
1576 5216 1726 5273 credimus.
1737 5215 1829 5271 Testis

1025 5311 1099 5368 cuim
1114 5310 1183 5367 milri
1200 5317 1242 5366 est
1257 5310 1424 5366 conscientia
1437 5325 1499 5366 mee
1521 5325 1605 5383 quam
1625 5311 1760 5383 imparem
1781 5324 1829 5366 me

1025 5412 1101 5461 tento
1121 5402 1235 5477 ponderi
1253 5401 1451 5475 jndimverim,
1474 5413 1502 5460 et
1520 5412 1622 5476 errante
1642 5401 1830 5460 sollicitudine

171 5504 228 5561 qoo
245 5496 273 5544 et
290 5487 418 5546 nobilitet
435 5497 481 5544 tue
495 5488 575 5546 beatu
590 5492 673 5547 Petro
692 5492 880 5563 apostolorum
893 5495 968 5567 prin·
1024 5513 1126 5554 nomen
1149 5496 1308 5569 apostolice
1329 5497 1468 5569 dignitatis
1488 5497 1588 5553 evitare
1612 5495 1827 5569 concupiverim.

105 5600 111 5609 ·
171 5584 224 5656 cipi
246 5601 304 5641 uon
322 5583 438 5642 modieae
463 5584 619 5643 devotionis
640 5586 763 5642 animum
784 5589 931 5660 spopondit
944 5599 973 5646 et
1024 5589 1078 5649 Sed
1099 5590 1230 5662 qrrouium
1253 5591 1294 5647 vie
1316 5591 1436 5647 hominis
1457 5605 1515 5646 non
1530 5590 1558 5646 in
1578 5606 1664 5647 manu
1688 5590 1762 5663 ejus,
1777 5589 1829 5648 sed

170 5679 301 5745 studium,
323 5689 352 5737 et
377 5680 428 5738 tibi
446 5681 474 5737 11
496 5682 645 5754 apostolice
661 5681 726 5738 sede
762 5686 833 5741 inter
858 5693 972 5742 eeteros
1026 5686 1098 5743 illius
1115 5695 1156 5742 ost
1174 5683 1355 5758 dispositione
1373 5701 1388 5741 a
1406 5701 1459 5757 quo
1476 5700 1586 5759 gressus
1599 5685 1746 5742 homiuum
1760 5683 1830 5741 diri-

171 5771 306 5846 principes
327 5775 401 5847 large
423 5775 592 5849 benignitus,
616 5792 673 5851 pree
695 5778 789 5835 multis
812 5779 894 5834 etiem
915 5779 970 5836 sin-
1024 5788 1137 5852 guntur,
1154 5779 1322 5851 impossibile
1337 5779 1406 5835 milri
1420 5776 1582 5836 luitcontrs
1595 5778 1715 5835 diriuam
1729 5777 1830 5835 rotun·
