3870 6164
78 267 143 322 litt
533 262 678 319 lerunt).
698 264 740 318 lli.
761 292 797 305 -
814 265 1023 322 MONUMENTA
1042 267 1273 326 annumerare.
1661 281 1728 336 tttt

76 389 207 464 praedicta
222 389 311 446 nostri
324 388 463 462 apostolici
483 394 588 444 statuta
607 388 777 460 proscribere
792 405 874 447 eona·
889 393 917 459 Α
931 392 1098 449 sideratione
1113 395 1291 465 praetermisi,
1307 412 1342 453 nc
1351 398 1444 471 gravis
1458 413 1547 457 essem
1558 401 1662 468 idiotis,
1677 405 1726 475 qui

75 484 163 554 bitur,
176 483 328 554 praesertim
343 497 406 539 cum
418 481 509 539 videat
520 482 722 539 evidentissime
733 483 830 540 eadem
841 499 874 541 ex
927 486 979 542 hus
1016 485 1060 543 bic
1083 487 1234 559 specialiter
1268 490 1423 548 satisfacere
1456 496 1595 566 proposui,
1628 496 1728 568 quibus

73 578 125 636 SS.
159 581 270 635 Petrum
295 576 452 643 sententiis,
477 578 535 634 imo
559 594 592 634 ex
608 576 707 633 divinis
728 579 875 651 seripturis
928 594 1013 651 pauca
1038 594 1072 636 ex
1096 581 1188 636 multis
1209 589 1265 638 tam
1290 583 1449 642 indubitatae
1463 588 1585 644 veritatis
1599 589 1727 646 sullicere

74 688 228 730 emanasse.
245 672 374 729 Poteram
389 687 454 728 vero
474 688 556 744 quam
570 672 659 745 plures
673 672 739 728 alias
757 673 874 729 rationes
928 681 1055 746 possunt,
1079 675 1102 729 si
1117 675 1277 743 indagandae
1297 679 1387 749 potius
1407 680 1514 737 veritati
1538 697 1620 753 quam
1640 681 1726 738 infru-

72 765 260 838 superioribus
269 766 426 833 adnectere,
439 775 466 822 et
476 765 685 822 innumerabilia
697 768 745 823 88.
760 769 875 824 Patrum
927 776 1031 825 ctuosae
1044 769 1211 826 contentioni
1225 784 1336 842 operam
1349 772 1413 830 dare
1428 775 1532 831 volunt.
1548 779 1634 833 Finis.

73 860 197 931 exempla
219 859 341 933 praelatis
354 854 463 917 statutis
476 860 625 933 assignare,
638 859 687 917 sed
702 877 732 917 ea
747 860 791 918 laic
808 877 874 918 eon·

72 1034 110 1047 —n

430 1175 748 1234 PRAEFATIUNCULA
770 1178 810 1232 ΙΝ
827 1178 920 1234 TRES
945 1179 1158 1248 seQUENTns
1177 1180 1383 1237 Etlstotas.

107 1486 243 1546 Videntur
260 1496 316 1545 tres
332 1488 392 1545 istae
405 1489 528 1560 epistolae
542 1489 653 1561 scriptae
664 1498 729 1546 ante
741 1497 888 1546 tractatum
897 1493 936 1546 Dc
953 1495 1126 1547 sacramentis
1142 1496 1445 1562 eammmanieotocum,
1458 1496 1502 1551 eni
1519 1496 1588 1552 inter
1601 1495 1662 1552 baec
1675 1512 1723 1567 pro

69 1561 205 1632 Gregorio
218 1562 268 1616 vll
282 1561 412 1633 opuscula
426 1562 547 1632 primum
560 1561 650 1617 locum
663 1561 826 1629 tribuimus,
840 1577 904 1617 nam
918 1562 962 1617 bic
977 1565 1052 1633 quasi
1065 1563 1156 1619 adbuc
1166 1565 1262 1620 incerti
1278 1566 1409 1622 lluctuare
1419 1566 1546 1622 videntur
1558 1569 1722 1626 Ailalbertus

70 1640 99 1689 et
120 1633 274 1689 Beroaldus
292 1632 358 1703 quid
382 1632 416 1688 de
429 1632 623 1688 controversiis
647 1649 679 1688 ea
692 1641 772 1690 aetate
786 1633 911 1689 excitatis
926 1634 1099 1690 sentiendum
1113 1644 1193 1691 esset.
1209 1638 1240 1691 lu
1255 1638 1386 1708 opusculo
1400 1647 1493 1693 autem
1508 1638 1640 1709 praedicto
1654 1642 1722 1695 Ber-

69 1703 170 1761 naldus
181 1703 342 1759 sententiam
356 1702 457 1774 absque
476 1703 529 1759 ulla
544 1703 712 1759 haesitatione
727 1700 842 1775 prefert,
857 1706 967 1760 tametsi
981 1704 1085 1761 indicat
1103 1708 1187 1761 multa
1202 1722 1234 1763 su
1254 1723 1283 1762 er
1298 1710 1542 1764 haccontrouersia
1556 1710 1628 1765 inter
1651 1726 1680 1764 se
1694 1718 1722 1767 et

69 1774 313 1832 Bemardumesse
330 1774 491 1845 disceptata3
506 1776 552 1845 qni
568 1776 723 1832 Bernartius
737 1791 792 1831 non
813 1785 855 1833 est
877 1775 945 1832 alius
969 1791 1053 1846 quam
1079 1777 1207 1847 magister
1230 1724 1274 1834 tite
1291 1778 1448 1835 scholarum
1462 1781 1721 1848 Constantieusium,

68 1845 105 1903 de
119 1862 174 1920 quo
189 1862 271 1916 supra
287 1847 315 1901 in
329 1844 487 1918 praelatione
500 1846 535 1902 ad
550 1847 599 1902 bos
613 1847 782 1914 tractatulos,
797 1856 824 1903 et
838 1848 865 1902 in
877 1848 1052 1916 testimoniis,
1069 1864 1118 1918 pro
1131 1849 1264 1921 Gregorio
1283 1852 1346 1918 Vll,
1360 1859 1452 1921 postea
1472 1852 1602 1922 magister
1615 1853 1721 1909 ecbola·

68 1934 133 1975 rum
155 1917 435 1974 Hildesbeimensium
450 1925 478 1973 et
492 1918 603 1974 tandem
622 1918 774 1975 monachus
786 1918 956 1975 corbeiensis
967 1919 997 1974 in
1011 1920 1129 1976 Saxonis
1143 1919 1242 1989 lactus,
1256 1922 1303 1992 qui
1315 1931 1346 1977 ut
1361 1938 1394 1977 ex
1409 1924 1556 1979 secundae
1578 1923 1657 1979 istola
1672 1940 1721 1995 ap·

68 1997 159 2064 paret,
177 1988 374 2045 ferventissime
389 1987 501 2072 quidem
516 2005 628 2045 eausam
644 1990 671 2046 S.
695 1990 768 2046 Petri
789 1988 970 2056 defendebant
985 1990 1034 2046 sed
1046 1991 1113 2046 dum
1127 1991 1255 2047 ardorem
1274 2009 1322 2064 per
1340 1993 1483 2049 scientiam
1510 1940 1721 2050 eeclesiasticam

67 2076 126 2117 non
144 2068 294 2133 temperat3
316 2060 442 2116 nonmbil
457 2061 581 2142 impegit,
604 2069 634 2115 ut
650 2059 732 2116 docet
745 2060 801 2131 ipse
816 2061 967 2117 Beroaldus
987 2061 1014 2115 in
1029 2076 1080 2116 suo
1095 2061 1240 2117 Chronico.
1259 2062 1422 2119 adalbertus
1435 2064 1480 2118 ille
1495 2073 1545 2130 est,
1560 2081 1642 2135 quem
1655 2068 1720 2121 Ber·

68 2132 163 2188 toldus
176 2147 223 2187 seu
234 2131 385 2187 Remaldus
395 2132 422 2185 in
436 2132 574 2187 Chronico
587 2131 638 2186 boc
652 2132 740 2203 elogio
755 2130 915 2188 cohonestat
928 2147 1002 2186 anno
1017 2138 1087 2188 tots
1100 2151 1106 2187 :
1121 2136 1219 2188 Boctcr
1231 2135 1398 2190 adalbertus
1412 2137 1485 2203 tacto
1503 2136 1638 2205 amboque
1649 2137 1722 2190 discr

67 2208 123 2267 tris,
133 2204 196 2274 jam
210 2206 327 2273 triginta
341 2206 422 2258 onnia
434 2204 535 2258 mundo
556 2205 699 2273 omnious
714 2208 740 2258 et
753 2205 781 2258 in
794 2206 847 2273 ttae
861 2203 898 2257 ad
912 2205 1092 2272 evangelicum
1100 2207 1289 2274 pefectionem
1304 2207 1461 2276 perductus,
1475 2209 1601 2274 migravit
1618 2207 1655 2260 od
1667 2210 1722 2263 Bo·

67 2278 173 2361 minum
198 2278 278 2331 tertio
301 2276 392 2332 Nonas
406 2275 566 2332 Decembres.
579 2275 667 2345 Quem
683 2274 795 2331 honoris
809 2289 890 2331 causa
908 2274 1062 2330 Beroaldus
1083 2275 1109 2330 in
1125 2275 1241 2333 secunda
1256 2275 1369 2351 epistola
1387 2277 1504 2348 appellat
1516 2279 1623 2333 Patrem
1634 2282 1658 2332 et
1672 2278 1720 2333 do·

64 2361 182 2402 meatim.

62 2510 1718 2555 m

598 2683 687 2795 DE
730 2678 1186 2797 DAMNATIONE

827 2872 961 2936 EORUM

174 3013 240 3086 Qui
264 3015 387 3072 Paean
401 3012 610 3084 TOTAMQUE
635 3014 820 3070 Rotlnttitnt
835 3012 1017 3071 SYNODUM
1031 3012 1313 3097 nnlucrottnttn
1326 3012 1609 3080 TENTAVERUNT,

369 3184 439 3276 ET
477 3185 550 3273 DF.
590 3183 966 3276 stetinensis
1007 3181 1408 3274 ntnntrottutt.

314 3543 627 3609 netsrotaentrm,
876 3537 1016 3606 Bdubias
1038 3536 1151 3610 quidem
1175 3553 1220 3594 res
1242 3538 1427 3597 discutiendas
1449 3538 1567 3597 induciae
1588 3539 1717 3613 leguntur

138 3649 142 3655 ’
242 3650 415 3696 tortosam
430 3652 470 3693 an
486 3649 683 3693 nnnutunun.
917 3647 1064 3701 concesse,
1100 3640 1132 3689 ut
1154 3633 1273 3688 accusati
1296 3649 1325 3689 se
1347 3641 1442 3689 contra
1467 3643 1639 3690 accusatores
1652 3650 1717 3691 suos

96 3725 862 3790 DomnoacvenerandosacerdotiBrnrannodoctrina
917 3732 1024 3804 possint
1049 3745 1214 3804 praeparere.
1240 3734 1273 3787 ln
1298 3745 1353 3802 quo
1374 3729 1480 3804 judicio
1502 3732 1654 3787 necessaria
1675 3739 1716 3787 est

54 3842 94 3884 ac
110 3825 237 3883 moribus
246 3825 390 3892 adornato,
412 3827 613 3880 Anannsnrus
628 3821 771 3895 presbyter
789 3819 862 3877 indi·
916 3825 1061 3898 prasentia
1085 3825 1207 3880 accusati
1234 3831 1262 3880 et
1284 3824 1458 3880 accusatoris.
1484 3823 1603 3881 Publicae
1623 3816 1738 3880 autem¹

54 3935 135 3995 gnus
152 3919 268 3993 eiusque
291 3918 394 3974 bonum
418 3922 511 3985 (1001)
525 3916 695 3981 indeficiens,
719 3913 795 3987 quod
820 3922 862 3971 est
916 3920 1097 3976 contumaciae
1122 3933 1262 3992 nusquam
1289 3917 1406 3990 legimus
1419 3917 1548 3981 inducias¹
1565 3934 1597 3975 ex
1621 3917 1715 3975 debito

53 4012 196 4072 Christus.
915 4029 975 4070 esse
985 4011 1184 4070 concedendas.
1196 4011 1363 4085 Huiusmodi
1375 4011 1449 4067 enim
1460 4027 1541 4068 causa
1552 4028 1606 4067 non
1616 4012 1715 4085 indiget

94 4106 213 4164 Unitum
234 4104 269 4163 de
291 4115 380 4163 vestra
399 4104 566 4162 salulttlone
591 4103 675 4176 gavisi
690 4116 796 4169 sumu&
813 4101 861 4159 sed
915 4116 1082 4176 accusatore,
1107 4105 1276 4162 vellentium
1291 4104 1487 4174 conductione,
1502 4121 1566 4161 cum
1581 4105 1637 4176 ipse
1652 4119 1715 4160 reus

55 4200 223 4273 multoplus
235 4200 428 4271 gauderemus,
444 4200 467 4255 si
478 4196 685 4270 quoquomodo
697 4195 732 4252 ed
745 4195 860 4251 invitem
914 4217 972 4257 non
989 4199 1187 4256 verecundetur
1205 4199 1307 4254 crimen
1331 4214 1411 4255 suum
1426 4200 1579 4270 propalare,
1602 4212 1652 4252 nec
1667 4212 1715 4268 per
1816 4216 1827 4229 .

54 4293 240 4352 conveniendi
254 4303 283 4350 et
295 4295 375 4350 dulce
388 4292 555 4364 colloquium
570 4289 728 4347 conserendi
742 4288 859 4346 faculta-
913 4294 1065 4351 absentiam
1080 4291 1286 4349 damnationem
1310 4307 1388 4347 suam
1414 4291 1496 4347 debet
1516 4289 1637 4347 differre.
1660 4289 1713 4347 scd

55 4394 118 4445 tem
128 4387 301 4445 haberemus.
315 4387 396 4457 Quod
410 4403 474 4443 oum
488 4386 568 4443 nobis
584 4385 751 4441 diversarum
764 4397 859 4439 rerum
912 4386 965 4443 hos
991 4385 1061 4442 duos
1085 4384 1195 4441 ordines
1211 4383 1352 4457 judicandi
1370 4399 1417 4455 per
1430 4384 1554 4454 exempla
1569 4383 1647 4438 vobis
1661 4383 1710 4439 de·

55 4481 211 4539 necessitas
219 4480 393 4550 intercludat,
404 4482 503 4537 saltem
512 4486 639 4536 mutuam
646 4477 858 4535 collocutionem
911 4480 1003 4539 notari
1017 4495 1073 4535 non
1085 4477 1270 4535 necessarium
1293 4477 1474 4543 aestimamus,
1490 4491 1552 4531 cum
1573 4476 1712 4532 scientiori

56 4576 214 4633 litterarum
230 4576 321 4633 allicio
336 4574 530 4631 commendare
543 4590 599 4630 non
613 4574 715 4645 pigeat.
912 4573 1041 4649 qnaelibet
1054 4573 1177 4646 ingerere
1191 4586 1298 4644 magnae
1306 4570 1445 4642 judicetur
1457 4568 1646 4641 impudentiae.

96 4669 189 4740 (100²)
216 4673 256 4726 De
267 4669 369 4742 judicio
395 4669 474 4740 igitur
494 4668 589 4724 domni
611 4665 754 4738 apostolici
775 4680 859 4736 super
946 4672 1029 4726 Juxta
1050 4666 1135 4722 'bunc
1162 4665 1278 4721 modum
1301 4661 1421 4719 domnrrs
1444 4663 1610 4735 apostolicus
1624 4661 1713 4735 publi-

56 4762 187 4838 publicos
209 4771 424 4820 eteontumaees
438 4761 593 4834 apostolicae
607 4759 679 4815 sedis
693 4758 859 4831 proscripto·
913 4780 961 4821 cos
993 4772 1021 4819 ct
1043 4768 1221 4817 contumaces
1242 4756 1397 4829 apostolieae
1419 4756 1493 4811 sedis
1516 4755 1712 4829 proscriptorc⁸

56 4872 106 4914 res
117 4857 216 4930 aliquid
237 4857 317 4913 nobis
338 4857 489 4913 rescribere
501 4856 598 4921 velitis,
611 4852 697 4908 sicubi
711 4851 860 4924 quidquam
915 4859 982 4914 satis
993 4854 1123 4911 canonice
1134 4852 1276 4908 damnavit
1287 4851 1370 4906 etiam
1381 4850 1518 4906 absentes.
1536 4850 1607 4919 Quid
1621 4860 1712 4906 autem

56 4950 249 5009 {authenticum
274 4949 365 5007 eidem
382 4950 486 5023 judicio
509 4948 655 5004 adversum
677 4945 859 5003 invtssiffitiis·
877 4931 991 5009 Cvobis
1006 4949 1068 5004 inde
1083 4946 1217 5014 videatur,
1231 4946 1352 5002 charitas
1371 4954 1459 5002 vestra
1474 4945 1552 5000 nobis
1565 4946 1712 5001 rescribere

56 5046 132 5103 llam
144 5060 198 5101 nos
210 5045 275 5100 nibil
291 5044 381 5100 adbuc
393 5044 430 5099 ilii
442 5043 609 5099 contrarium
625 5039 783 5112 reperimus,
798 5039 860 5095 licet
915 5063 970 5104 non
986 5051 1125 5118 gravetur.
1140 5045 1213 5100 Nam
1230 5051 1349 5099 vestram
1373 5041 1408 5099 de
1430 5042 1481 5099 lrac
1495 5057 1576 5098 eausa
1599 5049 1709 5098 senten.

56 5138 234 5196 diversorum
253 5142 365 5194 Petrum
384 5145 486 5193 statuta
499 5135 628 5207 singulari
639 5133 776 5207 diligentia
789 5133 860 5188 evol·
914 5142 983 5197 tiam
1020 5137 1197 5195 libentissime
1235 5136 1395 5208 recipimus,
1420 5151 1501 5208 qtvem
1527 5150 1582 5207 praa
1605 5134 1712 5190 eaeteris

55 5232 205 5289 visitemus·
220 5234 251 5287 ln
269 5232 398 5287 lilitense
411 5231 480 5288 duos
495 5230 655 5302 judiciarios
668 5227 861 5284 otdisstssinvt·
915 5233 1115 5307 diligentiorem
1139 5240 1167 5288 et
1189 5229 1382 5287 discretiorem
1404 5230 1434 5286 in
1447 5229 1531 5286 sacris
1545 5227 1641 5283 litteris
1654 5241 1713 5282 non

54 5325 165 5383 nimus.
186 5327 282 5382 Unum
309 5324 343 5381 dc
357 5323 473 5396 publicis
492 5325 667 5389 criminibus3
684 5321 811 5388 alterum,
826 5319 860 5377 de
914 5328 1084 5387 dubitamus.

54 5417 164 5490 dubiis,
177 5418 241 5475 lieet
255 5418 336 5487 veris,
350 5418 473 5475 nondum
492 5424 586 5474 tamen
607 5415 760 5488 publicatis.
776 5415 814 5470 Et
824 5411 861 5470 ad
950 5425 992 5480 ns
1006 5419 1179 5478 confectione
1192 5420 1277 5478 etism
1291 5424 1526 5477 sacramenrorum
1546 5412 1711 5472 asimonis.

95 5608 190 5671 (1001)
203 5608 315 5666 lacuna
331 5608 411 5666 estin
426 5624 492 5673 τοις
510 5607 563 5679 leg.
576 5608 687 5679 dospec
700 5605 860 5674 Beroaldus,
910 5605 1027 5678 iudicia,
1038 5605 1200 5676 inepistclo,
1211 5619 1272 5674 quc
1290 5604 1372 5658 irtam
1381 5598 1459 5682 tertio
1470 5598 1523 5681 loeo
1532 5596 1714 5669 misequitur,

53 5689 90 5739 ut
102 5676 172 5734 intra
186 5677 216 5732 in
230 5682 309 5736 tertia
328 5681 450 5750 eitistcla.
915 5676 1128 5745 diligentissime
1143 5681 1288 5732 tractatum
1314 5675 1461 5732 inuenitur,
1483 5670 1619 5737 uidelicet,
1633 5683 1715 5741 quum

96 5751 192 5813 11002)
206 5752 405 5825 llauuscriptus
419 5751 506 5808 codex
519 5766 576 5808 non
592 5750 625 5805 ad
638 5752 789 5817 marginem
812 5746 859 5804 sed
913 5750 1021 5816 nefarie
1032 5751 1078 5802 isti
1087 5753 1117 5803 in
1126 5749 1296 5819 apostolicum
1308 5745 1396 5800 sedem
1407 5746 1582 5812 peccaverint.
1596 5746 1621 5797 et
1634 5752 1718 5812 quom

52 5825 86 5882 in
113 5822 173 5893 ipsa
196 5832 341 5882 contextus
351 5824 422 5884 sotio
435 5824 488 5881 boo
510 5825 645 5896 glossema
658 5822 750 5879 babet.
767 5824 803 5876 Be
814 5823 861 5875 boc
915 5822 1038 5876 canonice
1049 5822 1169 5877 emuna
1181 5815 1297 5884 synodus
1313 5830 1359 5874 ecs
1371 5814 1550 5872 damnauerit.

1748 5582 1853 5796 Ι,
