3870 6164
65 198 125 294 'aar
527 246 530 251 ·
637 222 1166 297 nmnnsacmnas.-si>1sr.v.
1672 252 1724 308 aaa

71 368 169 418 tarum
191 376 318 431 suarum,
340 370 467 434 superata
490 360 579 420 carnis
595 359 741 431 desiderio,
766 361 910 430 contin-A
956 370 1132 436 praaepemt,
1160 370 1419 425 ecoommtatt'cotam
1443 385 1499 425 uno
1519 386 1582 426 cam
1603 375 1726 431 mitis

72 454 176 511 mavit.
192 454 301 512 Scimus
314 453 441 527 equidem
462 455 595 528 quoniam
608 454 682 528 quod
697 456 726 512 in
741 457 870 528 praesenti
961 437 1126 493 mmm
1139 436 1289 495 dmm·

71 547 126 603 vita
147 547 227 604 nobis
248 550 330 618 [sorte
347 548 435 618 vobis]
459 548 650 607 dulcissimum
667 548 726 617 luit,
746 550 872 622 exigente
960 549 1141 607 Gnssonras
1155 550 1310 622 episcopus,
1326 566 1422 608 servus
1434 569 1575 611 servorum
1587 555 1650 622 Dei,
1665 557 1724 613 Ga·

66 641 184 714 justitia,
206 641 349 716 reliquisti,
376 641 444 699 dum
474 660 522 716 pro
543 645 692 701 reverentia
712 643 872 701 Christianae
926 656 1036 699 astruo
1054 643 1240 714 burdigalensi
1263 646 1465 720 archiepiscopo
1488 652 1606 706 salutem
1620 658 1647 706 et
1660 665 1724 722 apa

72 735 211 808 religionis
225 736 259 793 ab
273 752 360 793 uxore
374 746 474 807 vestra,
490 738 622 811 quoniam
639 738 789 811 propinqua
803 752 871 794 con-
926 735 1049 791 stolicam
1062 736 1290 795 benedictionem.

70 828 255 903 sanguinitate
273 828 352 888 vobis
373 840 430 901 est,
455 846 503 887 vos
530 847 655 903 separare
683 830 870 888 consensistis.
970 829 1045 885 Sicut
1066 831 1092 885 iu
1108 831 1203 887 litteris
1220 833 1273 889 tuis
1291 831 1484 901 intelleximus,
1499 836 1668 893 isembertus
1683 835 1725 894 Pi·

73 923 179 978 Verum
193 933 292 995 quanto
315 924 432 997 graviori
457 925 610 982 certamine
634 925 775 981 libidinem
789 924 873 982 animi
926 924 1208 996 ctavensisepisoopus
1219 941 1335 998 magnas
1344 932 1402 984 Dea
1412 929 1593 1001 omnipotenti
1606 930 1723 989 etbeuto

73 1016 158 1073 vestri
172 1017 283 1087 uenas,
297 1026 327 1074 et
340 1017 377 1074 ad
391 1019 478 1090 legem
491 1019 541 1075 Dei
554 1018 703 1075 districtius
716 1035 763 1075 vos
779 1018 872 1075 burni-
926 1018 1008 1073 Petro
1023 1018 1128 1091 tibique
1149 1019 1279 1091 magistro
1294 1036 1344 1077 suo
1360 1021 1473 1093 iuJurias
1495 1022 1635 1094 irrogavit,
1651 1040 1723 1081 sese-

72 1109 172 1176 liastis,
195 1119 271 1168 tanto
289 1112 477 1169 sublimiorem
495 1112 612 1186 gloriam
626 1112 731 1168 inlinita
746 1128 873 1169 remane·
926 1126 979 1182 que
993 1111 1072 1167 uobis
1092 1112 1278 1169 adversarium
1299 1114 1520 1186 impugnatorem
1533 1116 1657 1187 justitiae,
1672 1117 1722 1174 bo·
1814 1146 1825 1159 =
1883 1148 1886 1159 ·

73 1204 180 1261 ratione
201 1203 280 1262 vobis
303 1215 425 1278 paratam
451 1222 510 1263 esse
533 1206 627 1278 procul
653 1205 737 1262 dubio
762 1222 873 1278 sperare
926 1213 998 1261 stem
1022 1215 1122 1263 sanctae
1143 1207 1285 1276 Ecclesiae,
1312 1218 1434 1279 patenter
1460 1211 1615 1266 ostentavit.
1645 1214 1723 1269 Nune

72 1297 189 1355 debetis.
205 1298 376 1372 Quapropter
389 1309 416 1357 et
437 1299 517 1356 nobis
539 1299 628 1356 multo
650 1299 760 1356 uberior
778 1299 871 1356 laetitia
926 1298 1020 1372 igitur,
1045 1300 1176 1372 quoniam
1199 1302 1232 1357 ad
1259 1301 1406 1359 vindictam
1431 1303 1639 1361 malefactorum
1664 1305 1723 1378 ejus

72 1392 183 1460 crescit,
199 1393 328 1465 qnoniam
339 1393 369 1449 in
381 1393 432 1450 bac
446 1393 616 1449 correctione
627 1402 716 1450 vestra
726 1402 801 1449 certa
812 1409 874 1465 spes
926 1408 983 1448 nou
1006 1401 1098 1450 nostra
1117 1402 1224 1451 tantum
1244 1394 1334 1451 sedet
1352 1405 1400 1452 tua
1422 1413 1491 1468 opus
1514 1406 1556 1454 est
1575 1397 1722 1470 vigilantia,

74 1493 171 1542 vmtrae
195 1485 291 1542 salutm
313 1486 491 1556 intelligitur,
521 1495 549 1542 et
572 1502 603 1542 ea
627 1502 688 1558 quae
714 1502 823 1558 semper
846 1487 873 1542 iu
926 1485 1123 1544 fraternitatem
1138 1497 1215 1545 tuam
1230 1488 1348 1546 multum
1364 1490 1546 1548 admonemus
1559 1500 1589 1548 ut
1607 1492 1681 1548 nulla
1695 1501 1724 1551 te

72 1579 159 1636 domo
169 1589 260 1637 vestra
270 1579 331 1647 luit,
343 1581 491 1638 miserante
501 1584 572 1646 Deo,
585 1581 752 1653 generositas
764 1596 874 1638 conser-
927 1581 1034 1636 occasio
1049 1581 1076 1636 iu
1091 1581 1141 1637 bac
1155 1598 1235 1639 causa
1256 1584 1380 1655 tepidum
1402 1585 1443 1641 vel
1465 1584 1656 1657 aliquomodo
1673 1602 1723 1643 ne·

75 1674 193 1730 rabitur.
214 1677 255 1730 Ex
268 1674 321 1731 boc
344 1675 418 1731 enim
437 1675 566 1730 nobilitas
580 1675 687 1747 generis
713 1673 791 1730 valde
813 1691 873 1731 cor·
927 1675 1077 1747 gligeutem
1089 1675 1196 1745 reddat,
1213 1676 1272 1741 sed,
1289 1677 1312 1733 si
1327 1694 1389 1733 eum
1403 1678 1437 1734 ad
1451 1694 1503 1734 nos
1515 1687 1659 1736 venturum
1674 1696 1723 1737 aa·

74 1767 225 1840 rumpitur,
239 1784 303 1825 cum
317 1769 407 1840 proles
422 1785 477 1824 non
492 1768 526 1825 de
538 1768 660 1840 legitima
678 1768 799 1841 cotrjugii
815 1783 872 1840 per·
926 1770 1063 1841 guaveris,
1085 1778 1115 1826 tu
1134 1771 1201 1842 ipse,
1216 1769 1238 1826 si
1256 1786 1350 1843 queas,
1374 1772 1610 1842 adapostolarum
1628 1773 1722 1830 limina
1766 1770 1768 1774 ’
1843 1816 1847 1823 .

74 1861 205 1919 mistione
219 1872 374 1932 generatur.
393 1866 486 1934 Atque
508 1877 542 1918 ea
558 1862 652 1918 miuus
665 1862 810 1918 eminentia
824 1879 870 1919 ve·

72 1964 139 2019 stra,
152 1955 228 2029 quud
239 1964 296 2011 tam
305 1957 404 2013 acriter
414 1957 491 2012 vobis
502 1955 664 2023 institimus,
677 1956 769 2012 mirari
779 1956 870 2026 debet,

73 2049 204 2121 quoniam
222 2052 348 2106 Romana
367 2050 502 2118 Ecclesia,
523 2065 585 2123 quae
609 2050 725 2107 domum
740 2059 869 2117 vestram,

73 2158 132 2208 vos,
147 2151 291 2216 totamque
306 2144 458 2216 prosapiam
466 2152 594 2209 vestram,
606 2143 738 2217 singulari
751 2152 778 2199 et
792 2159 871 2215 egre·

72 2236 115 2310 gia
129 2252 241 2310 semper
253 2236 386 2294 charitate
403 2236 508 2305 dilexit,
524 2237 552 2291 iu
566 2245 643 2292 tanto
658 2236 807 2308 vosjacere
823 2253 871 2309 pe-

73 2331 161 2388 riculo
174 2329 231 2404 pati
243 2346 299 2387 nan
323 2330 421 2404 patuit.
436 2332 574 2388 Caetorum
599 2328 675 2403 quod
695 2329 773 2386 domi
792 2331 871 2387 illam

73 2425 205 2482 investra
224 2433 358 2497 potestate
373 2424 506 2496 usquead
520 2424 642 2481 suturam
656 2423 793 2496 synodum
811 2440 871 2481 mo·

73 2519 127 2577 tari
141 2518 252 2591 cupitis,
268 2518 333 2575 licet
347 2535 425 2575 soror
435 2527 533 2586 vestra,
551 2534 634 2590 qnam
650 2528 680 2574 ut
693 2528 811 2575 matrem
827 2518 870 2574 di·

73 2613 194 2686 ligimus,
207 2611 334 2668 iudanos
347 2611 571 2684 interpellaverit,
586 2612 740 2668 consentire
754 2627 810 2668 non
820 2627 869 2667 au·

926 1861 1090 1936 fatigationis
1103 1880 1214 1920 cursum
1224 1880 1278 1920 non
1292 1864 1420 1938 refugias.
1435 1866 1514 1935 Quod
1529 1882 1550 1922 st
1562 1876 1618 1923 tuoe
1634 1867 1723 1924 minus

924 1954 997 2012 lerre
1020 1966 1149 2029 poterunt
1172 1958 1381 2028 occupationes,
1406 1962 1474 2015 tales
1499 1975 1641 2032 personas,
1665 1970 1723 2016 tam

925 2065 960 2105 ex
975 2057 1019 2105 tua
1032 2060 1117 2121 parte,
1131 2067 1215 2123 quam
1227 2067 1325 2107 eorum
1339 2052 1384 2123 qui
1402 2051 1498 2108 endem
1519 2054 1599 2109 uobis
1617 2069 1678 2126 quae
1695 2061 1723 2110 et

924 2152 954 2199 tu
964 2145 997 2199 de
1012 2145 1127 2213 praelato
1136 2145 1265 2217 episcopo
1276 2160 1324 2217 per
1338 2145 1441 2202 litteras
1454 2146 1672 2227 notificaverunt,
1688 2146 1724 2204 ad

925 2252 975 2293 nas
993 2238 1069 2311 dirigi
1092 2254 1147 2293 non
1166 2238 1274 2296 desinas
1288 2255 1435 2311 procurare
1454 2240 1503 2313 qui
1524 2240 1669 2297 veritatem
1684 2240 1723 2298 rei

923 2329 1097 2404 irrefragabili
1112 2332 1261 2389 assertione
1277 2342 1411 2405 prasente
1430 2334 1557 2406 episcopo
1571 2335 1723 2406 approbare

924 2426 1040 2480 valeant.
1058 2428 1161 2483 Verum
1175 2426 1233 2485 baea
1244 2443 1300 2483 non
1314 2435 1345 2483 ut
1359 2443 1441 2498 super
1457 2427 1501 2484 bia
1514 2443 1605 2501 quana
1626 2436 1653 2484 te
1674 2443 1723 2484 na-

924 2517 967 2573 bis
991 2519 1140 2590 significata
1166 2528 1232 2575 suut
1258 2519 1418 2577 dubitemus
1442 2520 1495 2577 boc
1517 2520 1613 2577 ordine
1632 2528 1720 2579 trans·

924 2610 1019 2682 igenda
1040 2612 1217 2684 requirimus,
1233 2612 1282 2668 sed
1296 2621 1338 2681 ut,
1352 2614 1469 2670 Parrum
1491 2623 1648 2671 nostrorum
1665 2624 1717 2673 sta

75 2705 189 2777 demns3
217 2705 335 2763 sciemm
359 2705 523 2763 diabolicam
558 2704 681 2762 fraudem
711 2704 872 2761 bominibus
915 2704 981 2760 'tuta
998 2713 1153 2773 servantes,
1169 2704 1263 2762 omnia
1279 2713 1305 2761 et
1319 2705 1516 2762 rationabiliter
1531 2707 1721 2779 discutiamus,

73 2800 194 2857 maxime
211 2800 294 2856 vetita
312 2799 427 2872 repertis
448 2798 637 2856 occasionibus
661 2797 798 2871 praecipua
817 2797 871 2853 cal·
924 2803 951 2852 et
971 2797 1128 2853 numerabili
1148 2797 1270 2868 judicio,
1292 2800 1351 2853 Dea
1372 2797 1493 2867 lavante,
1517 2799 1725 2858 concludamus.

73 2894 176 2951 liditate
189 2909 346 2967 suggerere.
370 2893 488 2951 Proinde
503 2893 540 2949 ita
558 2908 618 2949 eam
633 2909 649 2948 a
671 2900 760 2948 vestra
776 2891 869 2946 vicini·
925 2890 1006 2946 Novit
1019 2890 1091 2946 anim
1105 2890 1247 2960 prudentia
1260 2899 1308 2946 tua
1318 2890 1402 2961 quod,
1419 2892 1545 2962 personis
1557 2892 1726 2962 absentibus,

74 2996 128 3044 tate
145 2989 255 3061 penitus
271 2988 409 3044 removeri
427 2996 455 3044 et
468 2986 590 3058 elongari
617 2985 706 3054 lacite,
726 2994 758 3042 ut
781 2993 871 3042 vestra
924 2983 1124 3040 accusationem
1147 2984 1314 3055 perscripta
1335 2984 1463 3040 canonica
1486 3001 1543 3040 non
1562 2985 1658 3056 probet
1678 3002 1727 3043 au·

72 3082 217 3145 mnectio,
242 3089 271 3138 et
287 3080 376 3138 ablata
397 3082 452 3136 beo
471 3080 633 3149 reverentia,
648 3078 775 3137 amnibus
793 3078 829 3135 sit
844 3079 872 3134 in
888 3121 911 3185 C
925 3077 1050 3144 ctoritas,
1066 3092 1132 3143 nec,
1147 3077 1252 3149 absque
1271 3078 1390 3149 partium
1411 3077 1608 3150 disceptatione
1629 3095 1727 3150 perca·

72 3177 244 3248 exemplum,
260 3182 287 3231 et
304 3174 420 3231 salutem
439 3182 558 3230 vestram
580 3174 651 3230 nulla
666 3174 754 3230 valeat
778 3173 870 3230 diabo-

71 3268 113 3327 lns
126 3269 274 3343 sagadtate
295 3269 415 3326 turbare.
439 3272 480 3324 De
493 3277 593 3325 caetero
613 3268 710 3324 scitote
731 3267 871 3323 Pictaven·

70 3378 130 3421 sem
150 3363 335 3421 lsembertum
349 3362 520 3436 episcopum,
541 3361 594 3417 nisi
615 3370 678 3419 ante
697 3358 869 3417 festivitatem

69 3457 162 3514 saneti
179 3456 297 3514 Andreae
314 3456 350 3513 ad
372 3471 422 3513 aas
439 3455 474 3513 de
492 3455 697 3528 presumptione
715 3470 765 3511 sua
783 3453 868 3510 ratin-

68 3566 137 3607 nem
152 3550 309 3608 redditurus
324 3549 423 3616 teniat,
439 3548 474 3605 ab
485 3548 561 3605 amni
575 3548 723 3620 episcopali
736 3556 764 3604 et
781 3562 870 3604 sacer·

69 3643 162 3701 domii
174 3642 274 3707 alicio,
286 3651 314 3700 et
325 3643 383 3716 ipsa
397 3657 482 3700 sacrae
503 3640 707 3698 communionis
729 3640 870 3714 participa·

69 3736 152 3794 tione
164 3752 224 3794 esse
238 3736 385 3810 privatum.
400 3735 484 3806 Quod
499 3742 591 3792 autem
604 3734 639 3792 ad
652 3734 794 3791 servitium
808 3750 869 3791 san·

69 3830 108 3886 cti
127 3831 199 3887 Petri
218 3839 377 3903 promptam
401 3845 451 3887 tos
468 3828 569 3885 babere
595 3829 765 3886 voluntatem
788 3843 868 3884 man·

925 3170 1010 3241 gnita,
1029 3171 1059 3226 in
1081 3171 1284 3227 examinatione
1303 3171 1415 3244 recipiat
1435 3187 1540 3229 musas.
1555 3175 1727 3244 Quapropter

923 3279 996 3335 saepe
1013 3263 1100 3320 latum
1121 3264 1278 3337 episcopum
1302 3264 1336 3321 ad
1359 3266 1538 3335 apostolicam
1557 3265 1725 3324 audientiam
1799 3328 1802 3333 ,
1858 3344 1862 3353 ¹

923 3357 1035 3413 subtuli
1055 3357 1224 3414 districtione
1239 3373 1287 3429 per
1307 3358 1450 3430 epistolam
1473 3368 1597 3417 nostram
1617 3359 1725 3416 vocati·

924 3467 1000 3521 mus,
1022 3460 1067 3520 ut,
1091 3451 1144 3507 nisi
1168 3451 1341 3523 presentiam
1362 3468 1443 3509 suam
1466 3461 1528 3509 ante
1551 3452 1723 3511 testivitatem

922 3545 1008 3602 sancti
1027 3543 1144 3601 Andreae
1166 3553 1262 3601 nostra
1285 3546 1441 3617 conspectui
1460 3545 1626 3614 exhibuerit,
1645 3547 1721 3603 omni
1805 3594 1813 3599 .
1892 3598 1900 3609 „

922 3639 1066 3712 episcopali
1081 3647 1109 3695 et
1122 3637 1281 3695 sacerdotali
1296 3638 1416 3710 privatus
1432 3638 1536 3709 allicio,
1546 3640 1723 3703 etiamsacu

923 3733 1125 3791 communionis
1153 3732 1191 3788 sit
1213 3732 1422 3804 participatione
1445 3733 1577 3790 seclusus.
1608 3734 1635 3791 Si
1659 3749 1724 3807 erga

923 3825 1053 3899 pertinaci
1081 3824 1225 3882 induratus
1249 3824 1422 3882 contumacia
1452 3826 1522 3884 circa
1552 3826 1725 3898 praelibatum

68 3923 169 3991 dastis,
190 3931 328 3996 gratanter
341 3923 507 3994 accepimus.
523 3922 572 3979 sed
586 3921 769 3979 determinate
790 3921 870 3979 vobis
924 3921 1075 3977 terminum
1086 3927 1187 3976 noemae
1198 3919 1350 3992 praesentias
1360 3935 1390 3976 se
1401 3919 1578 3988 subtraxerit,
1588 3921 1724 3993 prolatam
1751 3944 1754 3949 ·

67 4016 176 4090 aliquid
186 4017 220 4074 de
233 4016 403 4090 expeditione
415 4016 534 4075 scribere
546 4014 581 4072 ad
599 4030 719 4088 praesens
731 4031 787 4073 non
802 4016 869 4073 satis
923 4013 949 4069 in
961 4029 1024 4070 eam
1037 4012 1202 4069 sententiam
1220 4010 1357 4085 divulgata
1372 4012 1565 4084 praedicatione
1579 4012 1722 4082 denuntia,

68 4110 295 4169 discretumlore
312 4111 503 4183 praevidimus;
519 4109 650 4183 quoniam
668 4123 766 4166 rumor
782 4119 825 4166 cst
842 4110 870 4165 in
923 4116 950 4163 et
965 4107 1036 4163 sicut
1055 4106 1156 4162 inimici
1179 4106 1231 4162 Dei
1254 4105 1382 4163 omnibus
1405 4105 1497 4163 modis
1519 4106 1669 4179 nequitiam
1694 4115 1724 4164 et
1790 4182 1793 4187 Ι

67 4205 263 4263 transmarinis
285 4204 405 4277 partibus
425 4203 606 4270 Christianos,
625 4203 775 4259 miserante
797 4206 869 4270 Deo,
922 4197 1120 4270 impudentiam
1145 4198 1204 4271 ejus
1236 4197 1403 4255 confundere
1428 4215 1484 4255 non
1513 4198 1637 4257 desistas.
1666 4202 1722 4257 lina

66 4312 242 4373 paganarum
256 4295 714 4372 longepropulsasse‘leracitatem,
730 4304 759 4353 et
771 4311 823 4353 nas
835 4294 871 4352 de
923 4308 1033 4366 quoque
1052 4307 1123 4365 quas
1144 4292 1201 4365 ipse
1227 4291 1262 4349 ad
1286 4300 1395 4348 tantum
1419 4291 1526 4348 lacinus
1547 4292 1723 4364 perturbandi

65 4391 183 4464 reliquo
200 4390 266 4462 quid
285 4392 372 4449 acturi
386 4390 474 4448 simus
495 4389 584 4447 adbuc
605 4389 703 4447 divinae
722 4388 870 4446 Providen·
923 4394 1092 4443 conventum
1111 4393 1233 4443 restrum
1248 4385 1387 4457 applicuit,
1401 4392 1457 4441 tam
1470 4384 1555 4441 laicos
1567 4401 1651 4458 quam
1665 4385 1720 4443 cle·

64 4486 120 4543 tica
134 4484 278 4541 eonsilium
287 4493 486 4569 exspectamus.
499 4483 585 4541 Vobis
599 4491 691 4540 mursa
704 4491 733 4540 et
743 4482 777 4540 de
796 4472 868 4538 bana
884 4479 1002 4550 oricus,
1025 4495 1168 4554 quousque
1184 4478 1218 4535 ad
1233 4477 1446 4536 masiactionem
1471 4478 1594 4548 veniant,
1621 4494 1636 4535 a
1655 4495 1717 4536 eor·

63 4578 212 4635 voluntate
220 4578 299 4651 plena
307 4578 381 4651 apud
390 4582 478 4636 mum
486 4578 674 4634 remuneratio
683 4585 726 4633 est
735 4575 868 4648 repoita;
919 4582 1023 4646 parcet
1042 4572 1175 4646 sanguine
1187 4572 1302 4629 Domini
1316 4579 1345 4629 et
1365 4572 1400 4629 ab
1425 4571 1501 4628 omni
1514 4570 1607 4629 divino
1627 4572 1718 4630 oiddo

64 4670 157 4730 nobis
173 4681 274 4741 summ,
293 4672 315 4729 si
328 4686 440 4730 necoese
453 4671 546 4736 fuerit,
559 4669 586 4725 in
606 4669 702 4727 restris
715 4669 867 4743 promissis,

918 4667 1064 4740 apostoliea
1089 4666 1249 4724 auctoritate
1268 4667 1392 4738 repulsos
1414 4680 1474 4722 esse
1496 4665 1574 4722 scias.
1597 4666 1714 4737 Quodsi

63 4768 147 4824 sicut
163 4765 303 4823 indilecto
316 4754 400 4823 tratre
423 4773 451 4823 et
465 4765 533 4834 lilio,
554 4771 628 4821 certa
643 4778 752 4837 semper
775 4763 870 4821 existit
919 4760 1074 4833 episcopm,
1086 4760 1156 4815 sicut
1176 4757 1203 4813 in
1223 4757 1320 4815 litteris
1333 4759 1436 4815 nostris
1456 4758 1579 4817 districte
1592 4776 1716 4819 commo·
1771 4804 1774 4811 .

63 4860 179 5010 ΜΒἭ
193 4952 288 5011 tiburi
309 4950 489 5026 quartaldus
512 4950 695 5025 Septembris,
717 4950 868 5008 indictione

62 5046 178 5106 &mma
189 5045 280 5105 tertia.

349 5180 529 5239 EPISTOLA
541 5181 589 5238 lv.

62 5328 298 5377 anscausus
307 5328 582 5375 axenxrarseornrt
592 5325 866 5372 aaanrarnrnssrx.

375 5446 467 5521 (Anno
482 5454 572 5514 1074.)

63 5590 161 5648 [ancl
171 5588 206 5640 at
218 5586 335 5643 Mmam
347 5584 447 5647 uarat,
458 5582 502 5638 ael
512 5582 597 5637 uliam
605 5583 709 5650 mittat,
724 5582 775 5651 qtti
786 5581 867 5637 Ismu-

103 5656 209 5713 bertam
218 5658 369 5727 episcopan
377 5654 414 5710 ad
425 5670 452 5710 se
460 5658 586 5711 vocatum
597 5656 755 5725 presentem
765 5660 867 5712 aramei

100 5730 138 5787 de
151 5728 265 5800 inumb
279 5725 394 5798 quotam
406 5723 617 5799 cleopatram
627 5740 679 5797 per
694 5724 799 5780 litteras
808 5740 871 5794 quc·
959 5727 1031 5778 stunt
1044 5741 1053 5773 :
1066 5725 1115 5792 qai
1128 5726 1152 5779 si
1164 5724 1351 5795 obtemperare
1363 5723 1498 5789 nolucrit,
1513 5728 1596 5781 totam
1612 5735 1723 5790 requam
1817 5730 1820 5735 '
1908 5730 1917 5745 ⁸

919 4854 992 4911 nitus
1016 4862 1070 4919 est,
1093 4851 1221 4909 omuibus
1243 4851 1364 4909 indicare
1387 4852 1550 4925 neglexerit,
1574 4861 1604 4911 tu
1628 4855 1717 4928 palam

918 4946 970 5005 illis
983 4947 1072 5005 iacere
1084 4945 1241 5003 nullatenus
1255 4947 1457 5019 praetermittas.

954 5044 1024 5099 Data
1049 5039 1144 5098 Tiburi
1163 5038 1340 5113 quartaldus
1363 5040 1549 5113 Septembris,
1570 5040 1720 5101 indictione

918 5134 1024 5193 decima
1039 5133 1130 5192 tertia.

1203 5228 1379 5286 EPISTOLA
1398 5230 1432 5286 v.

1097 5337 1139 5379 sn
1159 5335 1321 5381 sarscovas
1337 5336 1539 5382 rnauconnrs.

1226 5420 1317 5484 (anno
1342 5420 1433 5482 aava.)

920 5511 1005 5578 Requi
1019 5508 1141 5565 eroum
1158 5509 1336 5572 calamitates,
1352 5513 1378 5564 et
1394 5512 1464 5579 repis
1483 5510 1604 5579 astando
1618 5510 1718 5566 seelera

958 5584 1064 5634 namot.
1079 5580 1203 5651 Increpat
1223 5584 1356 5651 episcopos
1371 5580 1404 5635 de
1413 5595 1506 5637 aonam
1520 5585 1611 5637 taratra
1624 5581 1718 5650 bajus-

956 5650 1029 5706 modi
1051 5652 1149 5707 scelera
1176 5654 1370 5707 taciturnitate.
1395 5652 1510 5710 Mandat
1523 5658 1553 5707 at
1576 5654 1634 5721 cepi
1652 5654 1721 5705 resi-

103 5806 167 5859 aar
180 5804 236 5869 est,
257 5802 285 5856 ct
301 5797 484 5863 wlcan,
498 5802 555 5857 nisi
571 5798 610 5854 ad
626 5811 655 5854 se
667 5798 781 5860 uenerit,
800 5798 871 5853 stata
962 5795 1090 5851 inardia'
1104 5795 1183 5865 jubet
1197 5813 1206 5847 .·
1218 5796 1281 5851 etsi
1302 5794 1348 5848 ille
1359 5794 1584 5863 papaver-anmi,
1609 5793 1642 5848 de
1661 5789 1721 5860 aias

212 5886 476 5957 Parnontxtvttl.

1527 5888 1564 5946 Ὦ.

1260 5976 1278 6011 s
