<?xml version="1.0" encoding="UTF-8"?>
<!DOCTYPE html PUBLIC "-//W3C//DTD XHTML 1.0 Transitional//EN"
    "http://www.w3.org/TR/xhtml1/DTD/xhtml1-transitional.dtd">
<html xmlns="http://www.w3.org/1999/xhtml" xml:lang="en" lang="en">
 <head>
  <title>
</title>
<meta http-equiv="Content-Type" content="text/html;charset=utf-8" />
  <meta name='ocr-system' content='tesseract 3.04.00' />
  <meta name='ocr-capabilities' content='ocr_page ocr_carea ocr_par ocr_line ocrx_word'/>
</head>
<body>
  <div class='ocr_page' id='page_1' title='image "./patrologiaecurs02unkngoog_0700.png"; bbox 0 0 3870 6164; ppageno 0'>
   <div class='ocr_carea' id='block_1_1' title="bbox 211 237 1864 303">
    <p class='ocr_par' dir='ltr' id='par_1_1' title="bbox 211 237 1864 303">
     <span class='ocr_line' id='line_1_1' title="bbox 211 237 1864 303; baseline -0.007 0"><span class='ocrx_word' id='word_1_1' title='bbox 211 249 279 303; x_wconf 79' lang='lat' dir='ltr'><strong>acet</strong></span> <span class='ocrx_word' id='word_1_2' title='bbox 710 242 757 300; x_wconf 85' lang='lat' dir='ltr'><strong>sb</strong></span> <span class='ocrx_word' id='word_1_3' title='bbox 775 242 887 301; x_wconf 79' lang='lat' dir='ltr'><strong>OPERA</strong></span> <span class='ocrx_word' id='word_1_4' title='bbox 905 242 934 300; x_wconf 91' lang='lat' dir='ltr'><strong>S.</strong></span> <span class='ocrx_word' id='word_1_5' title='bbox 955 242 1115 301; x_wconf 74' lang='lat' dir='ltr'><strong>catceati</strong></span> <span class='ocrx_word' id='word_1_6' title='bbox 1132 241 1348 299; x_wconf 73' lang='lat' dir='ltr'><strong>seruantem.</strong></span> <span class='ocrx_word' id='word_1_7' title='bbox 1808 237 1864 293; x_wconf 81' lang='lat' dir='ltr'><strong>lttt</strong></span> 
     </span>
    </p>
   </div>
   <div class='ocr_carea' id='block_1_2' title="bbox 20 357 1894 5044">
    <p class='ocr_par' dir='ltr' id='par_1_2' title="bbox 139 357 1867 1479">
     <span class='ocr_line' id='line_1_2' title="bbox 139 357 1863 442; baseline -0.008 -11"><span class='ocrx_word' id='word_1_8' title='bbox 139 366 152 389; x_wconf 84' lang='lat'><strong><em>‘</em></strong></span> <span class='ocrx_word' id='word_1_9' title='bbox 208 372 313 430; x_wconf 87' lang='lat' dir='ltr'><strong>micans</strong></span> <span class='ocrx_word' id='word_1_10' title='bbox 331 370 468 428; x_wconf 86' lang='lat' dir='ltr'><strong>occubuit.</strong></span> <span class='ocrx_word' id='word_1_11' title='bbox 494 365 607 424; x_wconf 76' lang='lat' dir='ltr'>Interim</span> <span class='ocrx_word' id='word_1_12' title='bbox 634 357 780 424; x_wconf 72' lang='lat' dir='ltr'><strong>heinricus</strong></span> <span class='ocrx_word' id='word_1_13' title='bbox 800 368 875 425; x_wconf 91' lang='lat' dir='ltr'><strong>omni</strong></span> <span class='ocrx_word' id='word_1_14' title='bbox 898 368 1004 442; x_wconf 92' lang='lat' dir='ltr'><strong>ingenio</strong></span> <span class='ocrx_word' id='word_1_15' title='bbox 1018 373 1046 437; x_wconf 74' lang='grc' dir='ltr'><strong>Α</strong></span> <span class='ocrx_word' id='word_1_16' title='bbox 1060 370 1114 437; x_wconf 89' lang='lat' dir='ltr'><strong>nis,</strong></span> <span class='ocrx_word' id='word_1_17' title='bbox 1137 383 1201 425; x_wconf 92' lang='lat' dir='ltr'><strong>cum</strong></span> <span class='ocrx_word' id='word_1_18' title='bbox 1223 366 1331 440; x_wconf 91' lang='lat' dir='ltr'><strong>quantis</strong></span> <span class='ocrx_word' id='word_1_19' title='bbox 1353 373 1472 438; x_wconf 77' lang='lat' dir='ltr'><strong>possent,</strong></span> <span class='ocrx_word' id='word_1_20' title='bbox 1497 365 1617 423; x_wconf 87' lang='lat' dir='ltr'><strong>obviam</strong></span> <span class='ocrx_word' id='word_1_21' title='bbox 1633 364 1729 421; x_wconf 91' lang='lat' dir='ltr'><strong>ituros</strong></span> <span class='ocrx_word' id='word_1_22' title='bbox 1744 361 1863 419; x_wconf 84' lang='lat' dir='ltr'><strong>condixe-</strong></span> 
     </span>
     <span class='ocr_line' id='line_1_3' title="bbox 210 457 1864 537; baseline -0.007 -13"><span class='ocrx_word' id='word_1_23' title='bbox 210 475 239 524; x_wconf 90' lang='lat' dir='ltr'><strong>et</strong></span> <span class='ocrx_word' id='word_1_24' title='bbox 252 466 331 532; x_wconf 85' lang='lat' dir='ltr'><strong>dolo,</strong></span> <span class='ocrx_word' id='word_1_25' title='bbox 355 462 417 537; x_wconf 90' lang='lat' dir='ltr'><strong>quia</strong></span> <span class='ocrx_word' id='word_1_26' title='bbox 439 461 477 508; x_wconf 76' lang='grc'><strong>44·</strong></span> <span class='ocrx_word' id='word_1_27' title='bbox 497 461 523 517; x_wconf 92' lang='lat' dir='ltr'><strong>vi</strong></span> <span class='ocrx_word' id='word_1_28' title='bbox 541 475 599 517; x_wconf 93' lang='lat' dir='ltr'><strong>non</strong></span> <span class='ocrx_word' id='word_1_29' title='bbox 622 461 726 533; x_wconf 87' lang='lat' dir='ltr'><strong>potuit,</strong></span> <span class='ocrx_word' id='word_1_30' title='bbox 745 461 905 533; x_wconf 75' lang='lat' dir='ltr'><strong>praedictum</strong></span> <span class='ocrx_word' id='word_1_31' title='bbox 927 463 1009 520; x_wconf 91' lang='lat' dir='ltr'><strong>colle·</strong></span> <span class='ocrx_word' id='word_1_32' title='bbox 1063 466 1137 520; x_wconf 91' lang='lat' dir='ltr'><strong>runt.</strong></span> <span class='ocrx_word' id='word_1_33' title='bbox 1151 464 1184 520; x_wconf 92' lang='lat' dir='ltr'><strong>Iu</strong></span> <span class='ocrx_word' id='word_1_34' title='bbox 1198 459 1329 533; x_wconf 73' lang='lat' dir='ltr'><strong>predicto</strong></span> <span class='ocrx_word' id='word_1_35' title='bbox 1348 458 1484 533; x_wconf 92' lang='lat' dir='ltr'><strong>colloquio</strong></span> <span class='ocrx_word' id='word_1_36' title='bbox 1498 460 1590 518; x_wconf 82' lang='lat' dir='ltr'><strong>literae</strong></span> <span class='ocrx_word' id='word_1_37' title='bbox 1614 457 1723 519; x_wconf 89' lang='lat' dir='ltr'><strong>domni</strong></span> <span class='ocrx_word' id='word_1_38' title='bbox 1738 472 1818 530; x_wconf 74' lang='lat' dir='ltr'><strong>papa</strong></span> <span class='ocrx_word' id='word_1_39' title='bbox 1832 473 1864 513; x_wconf 76' lang='lat' dir='ltr'><strong>re</strong></span> 
     </span>
     <span class='ocr_line' id='line_1_4' title="bbox 177 552 1865 635; baseline -0.007 -16"><span class='ocrx_word' id='word_1_40' title='bbox 177 614 178 619; x_wconf 73' lang='grc'>,</span> <span class='ocrx_word' id='word_1_41' title='bbox 196 561 304 635; x_wconf 78' lang='lat' dir='ltr'><strong>quium</strong></span> <span class='ocrx_word' id='word_1_42' title='bbox 316 574 351 616; x_wconf 92' lang='lat' dir='ltr'><strong>ae</strong></span> <span class='ocrx_word' id='word_1_43' title='bbox 365 557 441 613; x_wconf 88' lang='lat' dir='ltr'><strong>lieret</strong></span> <span class='ocrx_word' id='word_1_44' title='bbox 455 553 565 613; x_wconf 87' lang='lat' dir='ltr'><strong>efficere</strong></span> <span class='ocrx_word' id='word_1_45' title='bbox 576 555 676 623; x_wconf 88' lang='lat' dir='ltr'><strong>vcluit;</strong></span> <span class='ocrx_word' id='word_1_46' title='bbox 698 563 738 612; x_wconf 92' lang='lat' dir='ltr'><strong>set</strong></span> <span class='ocrx_word' id='word_1_47' title='bbox 749 555 843 614; x_wconf 90' lang='lat' dir='ltr'><strong>fideles</strong></span> <span class='ocrx_word' id='word_1_48' title='bbox 859 557 947 613; x_wconf 90' lang='lat' dir='ltr'><strong>sancti</strong></span> <span class='ocrx_word' id='word_1_49' title='bbox 960 559 1009 614; x_wconf 80' lang='lat' dir='ltr'><strong>Pe</strong></span> <span class='ocrx_word' id='word_1_50' title='bbox 1061 558 1152 614; x_wconf 81' lang='lat' dir='ltr'><strong>citata</strong></span> <span class='ocrx_word' id='word_1_51' title='bbox 1164 564 1239 624; x_wconf 86' lang='lat' dir='ltr'><strong>surrt,</strong></span> <span class='ocrx_word' id='word_1_52' title='bbox 1254 555 1282 611; x_wconf 93' lang='lat' dir='ltr'><strong>in</strong></span> <span class='ocrx_word' id='word_1_53' title='bbox 1296 554 1395 626; x_wconf 86' lang='lat' dir='ltr'><strong>quibus</strong></span> <span class='ocrx_word' id='word_1_54' title='bbox 1407 562 1434 610; x_wconf 92' lang='lat' dir='ltr'><strong>et</strong></span> <span class='ocrx_word' id='word_1_55' title='bbox 1445 570 1524 610; x_wconf 90' lang='lat' dir='ltr'><strong>suam</strong></span> <span class='ocrx_word' id='word_1_56' title='bbox 1542 552 1766 627; x_wconf 78' lang='lat' dir='ltr'><strong>promotionem</strong></span> <span class='ocrx_word' id='word_1_57' title='bbox 1781 552 1865 624; x_wconf 68' lang='lat' dir='ltr'><strong>princ}</strong></span> 
     </span>
     <span class='ocr_line' id='line_1_5' title="bbox 208 646 1864 726; baseline -0.007 -13"><span class='ocrx_word' id='word_1_58' title='bbox 208 654 246 715; x_wconf 84' lang='lat' dir='ltr'><strong>tri</strong></span> <span class='ocrx_word' id='word_1_59' title='bbox 261 653 307 710; x_wconf 91' lang='lat' dir='ltr'><strong>fiio</strong></span> <span class='ocrx_word' id='word_1_60' title='bbox 320 653 440 720; x_wconf 87' lang='lat' dir='ltr'><strong>nolente,</strong></span> <span class='ocrx_word' id='word_1_61' title='bbox 452 649 539 706; x_wconf 91' lang='lat' dir='ltr'><strong>immo</strong></span> <span class='ocrx_word' id='word_1_62' title='bbox 551 648 590 705; x_wconf 89' lang='lat' dir='ltr'><strong>eis</strong></span> <span class='ocrx_word' id='word_1_63' title='bbox 604 649 753 722; x_wconf 91' lang='lat' dir='ltr'><strong>perieulum</strong></span> <span class='ocrx_word' id='word_1_64' title='bbox 767 650 831 707; x_wconf 89' lang='lat' dir='ltr'><strong>belli</strong></span> <span class='ocrx_word' id='word_1_65' title='bbox 845 651 1005 722; x_wconf 75' lang='lat' dir='ltr'><strong>intentante,</strong></span> <span class='ocrx_word' id='word_1_66' title='bbox 1061 653 1139 726; x_wconf 81' lang='lat' dir='ltr'>pibus</span> <span class='ocrx_word' id='word_1_67' title='bbox 1153 650 1229 724; x_wconf 91' lang='lat' dir='ltr'><strong>regni</strong></span> <span class='ocrx_word' id='word_1_68' title='bbox 1251 648 1435 717; x_wconf 82' lang='lat' dir='ltr'><strong>denunciavit,</strong></span> <span class='ocrx_word' id='word_1_69' title='bbox 1449 656 1476 705; x_wconf 93' lang='lat' dir='ltr'><strong>et</strong></span> <span class='ocrx_word' id='word_1_70' title='bbox 1492 646 1643 721; x_wconf 84' lang='lat' dir='ltr'><strong>judicium</strong></span> <span class='ocrx_word' id='word_1_71' title='bbox 1658 646 1705 703; x_wconf 93' lang='lat' dir='ltr'><strong>sui</strong></span> <span class='ocrx_word' id='word_1_72' title='bbox 1721 653 1864 702; x_wconf 79' lang='lat' dir='ltr'><strong>autaoese</strong></span> 
     </span>
     <span class='ocr_line' id='line_1_6' title="bbox 208 739 1864 820; baseline -0.007 -14"><span class='ocrx_word' id='word_1_73' title='bbox 208 746 245 806; x_wconf 89' lang='lat' dir='ltr'><strong>ad</strong></span> <span class='ocrx_word' id='word_1_74' title='bbox 257 745 417 807; x_wconf 88' lang='lat' dir='ltr'><strong>condictum</strong></span> <span class='ocrx_word' id='word_1_75' title='bbox 437 743 588 801; x_wconf 90' lang='lat' dir='ltr'><strong>terminum</strong></span> <span class='ocrx_word' id='word_1_76' title='bbox 606 758 753 816; x_wconf 89' lang='lat' dir='ltr'><strong>pervenere</strong></span> <span class='ocrx_word' id='word_1_77' title='bbox 767 744 846 813; x_wconf 79' lang='lat' dir='ltr'><strong>(Feb.</strong></span> <span class='ocrx_word' id='word_1_78' title='bbox 862 750 931 812; x_wconf 75' lang='lat' dir='ltr'><strong>ea).</strong></span> <span class='ocrx_word' id='word_1_79' title='bbox 945 746 1007 817; x_wconf 88' lang='lat' dir='ltr'><strong>ipsc</strong></span> <span class='ocrx_word' id='word_1_80' title='bbox 1061 747 1099 804; x_wconf 87' lang='lat' dir='ltr'><strong>ris</strong></span> <span class='ocrx_word' id='word_1_81' title='bbox 1113 747 1165 820; x_wconf 83' lang='lat' dir='ltr'><strong>piae</strong></span> <span class='ocrx_word' id='word_1_82' title='bbox 1179 742 1217 790; x_wconf 80' lang='lat'><strong>⁴⁶⁸</strong></span> <span class='ocrx_word' id='word_1_83' title='bbox 1227 741 1368 800; x_wconf 77' lang='lat' dir='ltr'><strong>memoria</strong></span> <span class='ocrx_word' id='word_1_84' title='bbox 1377 741 1504 816; x_wconf 86' lang='lat' dir='ltr'><strong>Gregorii</strong></span> <span class='ocrx_word' id='word_1_85' title='bbox 1514 756 1598 815; x_wconf 83' lang='lat' dir='ltr'><strong>papae</strong></span> <span class='ocrx_word' id='word_1_86' title='bbox 1612 739 1864 814; x_wconf 82' lang='lat' dir='ltr'><strong>mpcrfleinriurn</strong></span> 
     </span>
     <span class='ocr_line' id='line_1_7' title="bbox 208 834 1864 914; baseline -0.005 -15"><span class='ocrx_word' id='word_1_87' title='bbox 208 856 273 913; x_wconf 78' lang='lat' dir='ltr'><strong>veto</strong></span> <span class='ocrx_word' id='word_1_88' title='bbox 293 840 433 914; x_wconf 82' lang='lat' dir='ltr'><strong>justiciam</strong></span> <span class='ocrx_word' id='word_1_89' title='bbox 451 837 532 895; x_wconf 89' lang='lat' dir='ltr'><strong>solito</strong></span> <span class='ocrx_word' id='word_1_90' title='bbox 552 852 630 896; x_wconf 89' lang='lat' dir='ltr'><strong>more</strong></span> <span class='ocrx_word' id='word_1_91' title='bbox 648 836 860 911; x_wconf 71' lang='lat' dir='ltr'><strong>subterfugiens,</strong></span> <span class='ocrx_word' id='word_1_92' title='bbox 875 846 902 895; x_wconf 90' lang='lat' dir='ltr'><strong>et</strong></span> <span class='ocrx_word' id='word_1_93' title='bbox 922 838 1005 896; x_wconf 91' lang='lat' dir='ltr'><strong>ratio·</strong></span> <span class='ocrx_word' id='word_1_94' title='bbox 1059 848 1088 898; x_wconf 88' lang='lat' dir='ltr'><strong>et</strong></span> <span class='ocrx_word' id='word_1_95' title='bbox 1109 838 1232 898; x_wconf 84' lang='lat' dir='ltr'><strong>fautores</strong></span> <span class='ocrx_word' id='word_1_96' title='bbox 1248 838 1307 911; x_wconf 87' lang='lat' dir='ltr'><strong>ejus</strong></span> <span class='ocrx_word' id='word_1_97' title='bbox 1324 837 1493 909; x_wconf 82' lang='lat' dir='ltr'><strong>apertissime</strong></span> <span class='ocrx_word' id='word_1_98' title='bbox 1517 834 1719 892; x_wconf 83' lang='lat' dir='ltr'><strong>confirmavit·</strong></span> <span class='ocrx_word' id='word_1_99' title='bbox 1740 834 1864 891; x_wconf 75' lang='lat' dir='ltr'><strong>fatislms</strong></span> 
     </span>
     <span class='ocr_line' id='line_1_8' title="bbox 207 928 1864 1008; baseline -0.005 -16"><span class='ocrx_word' id='word_1_100' title='bbox 207 935 292 999; x_wconf 83' lang='lat' dir='ltr'><strong>stabili</strong></span> <span class='ocrx_word' id='word_1_101' title='bbox 317 934 400 991; x_wconf 88' lang='lat' dir='ltr'><strong>etiam</strong></span> <span class='ocrx_word' id='word_1_102' title='bbox 420 930 532 990; x_wconf 91' lang='lat' dir='ltr'><strong>consilio</strong></span> <span class='ocrx_word' id='word_1_103' title='bbox 553 945 669 988; x_wconf 92' lang='lat' dir='ltr'><strong>suorum</strong></span> <span class='ocrx_word' id='word_1_104' title='bbox 692 932 864 1005; x_wconf 74' lang='lat' dir='ltr'><strong>acquiescere</strong></span> <span class='ocrx_word' id='word_1_105' title='bbox 894 932 1003 1001; x_wconf 86' lang='lat' dir='ltr'><strong>nolens,</strong></span> <span class='ocrx_word' id='word_1_106' title='bbox 1058 951 1105 993; x_wconf 88' lang='lat' dir='ltr'><strong>rex</strong></span> <span class='ocrx_word' id='word_1_107' title='bbox 1116 936 1292 1008; x_wconf 84' lang='lat' dir='ltr'><strong>ngarcrum</strong></span> <span class='ocrx_word' id='word_1_108' title='bbox 1302 932 1384 989; x_wconf 86' lang='lat' dir='ltr'><strong>missa</strong></span> <span class='ocrx_word' id='word_1_109' title='bbox 1394 931 1529 1004; x_wconf 85' lang='lat' dir='ltr'><strong>legatione</strong></span> <span class='ocrx_word' id='word_1_110' title='bbox 1543 929 1581 986; x_wconf 92' lang='lat' dir='ltr'><strong>ad</strong></span> <span class='ocrx_word' id='word_1_111' title='bbox 1595 928 1676 986; x_wconf 89' lang='lat' dir='ltr'><strong>idem</strong></span> <span class='ocrx_word' id='word_1_112' title='bbox 1690 928 1864 1001; x_wconf 84' lang='lat' dir='ltr'><strong>colloquium,</strong></span> 
     </span>
     <span class='ocr_line' id='line_1_9' title="bbox 207 1022 1864 1101; baseline -0.007 -12"><span class='ocrx_word' id='word_1_113' title='bbox 207 1030 301 1089; x_wconf 75' lang='lat' dir='ltr'><strong>adcsm</strong></span> <span class='ocrx_word' id='word_1_114' title='bbox 315 1036 343 1089; x_wconf 87' lang='lat' dir='ltr'><strong>et</strong></span> <span class='ocrx_word' id='word_1_115' title='bbox 353 1026 532 1100; x_wconf 71' lang='lat' dir='ltr'><strong>contempsit,</strong></span> <span class='ocrx_word' id='word_1_116' title='bbox 545 1026 617 1084; x_wconf 91' lang='lat' dir='ltr'><strong>unde</strong></span> <span class='ocrx_word' id='word_1_117' title='bbox 629 1034 658 1084; x_wconf 92' lang='lat' dir='ltr'><strong>et</strong></span> <span class='ocrx_word' id='word_1_118' title='bbox 671 1042 768 1084; x_wconf 88' lang='lat' dir='ltr'><strong>omnes</strong></span> <span class='ocrx_word' id='word_1_119' title='bbox 781 1043 851 1101; x_wconf 91' lang='lat' dir='ltr'><strong>pene</strong></span> <span class='ocrx_word' id='word_1_120' title='bbox 865 1043 930 1085; x_wconf 90' lang='lat' dir='ltr'><strong>suos</strong></span> <span class='ocrx_word' id='word_1_121' title='bbox 939 1042 1004 1084; x_wconf 90' lang='lat' dir='ltr'><strong>con·</strong></span> <span class='ocrx_word' id='word_1_122' title='bbox 1058 1045 1089 1087; x_wconf 90' lang='lat' dir='ltr'><strong>se</strong></span> <span class='ocrx_word' id='word_1_123' title='bbox 1106 1029 1133 1086; x_wconf 93' lang='lat' dir='ltr'><strong>in</strong></span> <span class='ocrx_word' id='word_1_124' title='bbox 1146 1027 1277 1086; x_wconf 86' lang='lat' dir='ltr'><strong>fidelitate</strong></span> <span class='ocrx_word' id='word_1_125' title='bbox 1290 1025 1380 1084; x_wconf 91' lang='lat' dir='ltr'><strong>saneti</strong></span> <span class='ocrx_word' id='word_1_126' title='bbox 1396 1025 1468 1083; x_wconf 88' lang='lat' dir='ltr'><strong>Petri</strong></span> <span class='ocrx_word' id='word_1_127' title='bbox 1481 1032 1739 1096; x_wconf 85' lang='lat' dir='ltr'><strong>perseveraturum</strong></span> <span class='ocrx_word' id='word_1_128' title='bbox 1753 1022 1864 1079; x_wconf 85' lang='lat' dir='ltr'><strong>declara·</strong></span> 
     </span>
     <span class='ocr_line' id='line_1_10' title="bbox 205 1117 1867 1194; baseline -0.006 -10"><span class='ocrx_word' id='word_1_129' title='bbox 205 1133 249 1185; x_wconf 86' lang='lat' dir='ltr'><strong>tra</strong></span> <span class='ocrx_word' id='word_1_130' title='bbox 262 1140 292 1182; x_wconf 91' lang='lat' dir='ltr'><strong>se</strong></span> <span class='ocrx_word' id='word_1_131' title='bbox 307 1136 491 1187; x_wconf 85' lang='lat' dir='ltr'><strong>murmurare,</strong></span> <span class='ocrx_word' id='word_1_132' title='bbox 505 1129 533 1178; x_wconf 89' lang='lat' dir='ltr'><strong>et</strong></span> <span class='ocrx_word' id='word_1_133' title='bbox 550 1120 698 1178; x_wconf 92' lang='lat' dir='ltr'><strong>nonnullos</strong></span> <span class='ocrx_word' id='word_1_134' title='bbox 712 1137 809 1178; x_wconf 91' lang='lat' dir='ltr'><strong>corum</strong></span> <span class='ocrx_word' id='word_1_135' title='bbox 822 1121 856 1179; x_wconf 91' lang='lat' dir='ltr'><strong>ab</strong></span> <span class='ocrx_word' id='word_1_136' title='bbox 871 1138 904 1179; x_wconf 92' lang='lat' dir='ltr'><strong>eo</strong></span> <span class='ocrx_word' id='word_1_137' title='bbox 918 1121 1005 1179; x_wconf 88' lang='lat' dir='ltr'><strong>disec-</strong></span> <span class='ocrx_word' id='word_1_138' title='bbox 1059 1125 1109 1194; x_wconf 83' lang='lat' dir='ltr'><strong>vlt,</strong></span> <span class='ocrx_word' id='word_1_139' title='bbox 1124 1132 1152 1181; x_wconf 90' lang='lat' dir='ltr'><strong>et</strong></span> <span class='ocrx_word' id='word_1_140' title='bbox 1165 1121 1289 1179; x_wconf 89' lang='lat' dir='ltr'><strong>fidelibus</strong></span> <span class='ocrx_word' id='word_1_141' title='bbox 1307 1119 1394 1180; x_wconf 90' lang='lat' dir='ltr'><strong>sancti</strong></span> <span class='ocrx_word' id='word_1_142' title='bbox 1408 1119 1479 1177; x_wconf 85' lang='lat' dir='ltr'><strong>Petri</strong></span> <span class='ocrx_word' id='word_1_143' title='bbox 1496 1119 1535 1162; x_wconf 86' lang='grc'><strong>444</strong></span> <span class='ocrx_word' id='word_1_144' title='bbox 1550 1134 1623 1175; x_wconf 90' lang='lat' dir='ltr'><strong>cum</strong></span> <span class='ocrx_word' id='word_1_145' title='bbox 1643 1117 1747 1191; x_wconf 84' lang='lat' dir='ltr'><strong>viginti</strong></span> <span class='ocrx_word' id='word_1_146' title='bbox 1766 1117 1867 1174; x_wconf 85' lang='lat' dir='ltr'><strong>milibus</strong></span> 
     </span>
     <span class='ocr_line' id='line_1_11' title="bbox 205 1210 1867 1292; baseline -0.006 -15"><span class='ocrx_word' id='word_1_147' title='bbox 205 1218 270 1277; x_wconf 90' lang='lat' dir='ltr'><strong>dere</strong></span> <span class='ocrx_word' id='word_1_148' title='bbox 293 1216 575 1287; x_wconf 88' lang='lat' dir='ltr'><strong>fecit,nostriautem</strong></span> <span class='ocrx_word' id='word_1_149' title='bbox 596 1231 742 1287; x_wconf 88' lang='lat' dir='ltr'><strong>cumpace</strong></span> <span class='ocrx_word' id='word_1_150' title='bbox 760 1215 857 1272; x_wconf 88' lang='lat' dir='ltr'><strong>adsua</strong></span> <span class='ocrx_word' id='word_1_151' title='bbox 879 1215 999 1272; x_wconf 86' lang='lat' dir='ltr'><strong>rediere.</strong></span> <span class='ocrx_word' id='word_1_152' title='bbox 1058 1218 1180 1292; x_wconf 90' lang='lat' dir='ltr'><strong>equitum</strong></span> <span class='ocrx_word' id='word_1_153' title='bbox 1201 1223 1297 1273; x_wconf 86' lang='lat' dir='ltr'><strong>contra</strong></span> <span class='ocrx_word' id='word_1_154' title='bbox 1318 1215 1488 1271; x_wconf 88' lang='lat' dir='ltr'><strong>scismaticos</strong></span> <span class='ocrx_word' id='word_1_155' title='bbox 1521 1230 1549 1270; x_wconf 90' lang='lat' dir='ltr'><strong>se</strong></span> <span class='ocrx_word' id='word_1_156' title='bbox 1578 1210 1761 1279; x_wconf 81' lang='lat' dir='ltr'><strong>affrnursrm,</strong></span> <span class='ocrx_word' id='word_1_157' title='bbox 1784 1210 1867 1267; x_wconf 77' lang='lat' dir='ltr'><strong>sine</strong></span> 
     </span>
     <span class='ocr_line' id='line_1_12' title="bbox 204 1305 1866 1385; baseline -0.005 -16"><span class='ocrx_word' id='word_1_158' title='bbox 204 1312 259 1370; x_wconf 87' lang='lat' dir='ltr'><strong>Sed</strong></span> <span class='ocrx_word' id='word_1_159' title='bbox 281 1310 400 1368; x_wconf 88' lang='lat' dir='ltr'><strong>necdum</strong></span> <span class='ocrx_word' id='word_1_160' title='bbox 421 1308 499 1367; x_wconf 87' lang='lat' dir='ltr'><strong>sedes</strong></span> <span class='ocrx_word' id='word_1_161' title='bbox 521 1306 672 1385; x_wconf 86' lang='lat' dir='ltr'><strong>apostoliea</strong></span> <span class='ocrx_word' id='word_1_162' title='bbox 693 1307 843 1381; x_wconf 87' lang='lat' dir='ltr'><strong>legitimum</strong></span> <span class='ocrx_word' id='word_1_163' title='bbox 866 1316 1004 1381; x_wconf 86' lang='lat' dir='ltr'><strong>pastorem</strong></span> <span class='ocrx_word' id='word_1_164' title='bbox 1058 1328 1135 1370; x_wconf 87' lang='lat' dir='ltr'><strong>cesse</strong></span> <span class='ocrx_word' id='word_1_165' title='bbox 1149 1309 1231 1377; x_wconf 87' lang='lat' dir='ltr'><strong>forat,</strong></span> <span class='ocrx_word' id='word_1_166' title='bbox 1248 1309 1383 1382; x_wconf 89' lang='lat' dir='ltr'><strong>promisit.</strong></span> <span class='ocrx_word' id='word_1_167' title='bbox 1406 1309 1444 1355; x_wconf 74' lang='lat'><strong>⁴⁶⁵</strong></span> <span class='ocrx_word' id='word_1_168' title='bbox 1465 1307 1607 1366; x_wconf 81' lang='lat' dir='ltr'><strong>Praedicta</strong></span> <span class='ocrx_word' id='word_1_169' title='bbox 1623 1316 1727 1364; x_wconf 91' lang='lat' dir='ltr'><strong>tumea</strong></span> <span class='ocrx_word' id='word_1_170' title='bbox 1742 1305 1866 1378; x_wconf 81' lang='lat' dir='ltr'><strong>expeditio</strong></span> 
     </span>
     <span class='ocr_line' id='line_1_13' title="bbox 204 1400 1866 1479; baseline -0.005 -14"><span class='ocrx_word' id='word_1_171' title='bbox 204 1406 307 1466; x_wconf 86' lang='lat' dir='ltr'><strong>hahere</strong></span> <span class='ocrx_word' id='word_1_172' title='bbox 329 1406 430 1479; x_wconf 88' lang='lat' dir='ltr'><strong>potuit,</strong></span> <span class='ocrx_word' id='word_1_173' title='bbox 451 1418 484 1461; x_wconf 91' lang='lat' dir='ltr'><strong>eo</strong></span> <span class='ocrx_word' id='word_1_174' title='bbox 500 1403 573 1478; x_wconf 90' lang='lat' dir='ltr'><strong>quod</strong></span> <span class='ocrx_word' id='word_1_175' title='bbox 588 1402 740 1461; x_wconf 88' lang='lat' dir='ltr'><strong>Guihertus</strong></span> <span class='ocrx_word' id='word_1_176' title='bbox 762 1405 906 1460; x_wconf 82' lang='lat' dir='ltr'><strong>Ravennae</strong></span> <span class='ocrx_word' id='word_1_177' title='bbox 926 1402 1003 1460; x_wconf 89' lang='lat' dir='ltr'><strong>here·</strong></span> <span class='ocrx_word' id='word_1_178' title='bbox 1059 1407 1189 1478; x_wconf 89' lang='lat' dir='ltr'><strong>utrinque</strong></span> <span class='ocrx_word' id='word_1_179' title='bbox 1214 1403 1249 1461; x_wconf 94' lang='lat' dir='ltr'><strong>ad</strong></span> <span class='ocrx_word' id='word_1_180' title='bbox 1282 1403 1358 1460; x_wconf 90' lang='lat' dir='ltr'><strong>ilium</strong></span> <span class='ocrx_word' id='word_1_181' title='bbox 1384 1403 1532 1460; x_wconf 89' lang='lat' dir='ltr'><strong>terminum</strong></span> <span class='ocrx_word' id='word_1_182' title='bbox 1561 1401 1720 1458; x_wconf 89' lang='lat' dir='ltr'><strong>remansit.</strong></span> <span class='ocrx_word' id='word_1_183' title='bbox 1749 1400 1866 1456; x_wconf 87' lang='lat' dir='ltr'><strong>Salomon</strong></span> 
     </span>
    </p>

    <p class='ocr_par' dir='ltr' id='par_1_3' title="bbox 20 1484 1894 5044">
     <span class='ocr_line' id='line_1_14' title="bbox 158 1484 1894 1579; baseline -0.005 -18"><span class='ocrx_word' id='word_1_184' title='bbox 158 1567 169 1579; x_wconf 53' lang='lat'><strong><em>‚</em></strong></span> <span class='ocrx_word' id='word_1_185' title='bbox 204 1501 309 1565; x_wconf 76' lang='lat' dir='ltr'><strong>darcba</strong></span> <span class='ocrx_word' id='word_1_186' title='bbox 324 1502 450 1575; x_wconf 85' lang='lat' dir='ltr'><strong>perjurus</strong></span> <span class='ocrx_word' id='word_1_187' title='bbox 470 1507 498 1555; x_wconf 93' lang='lat' dir='ltr'><strong>et</strong></span> <span class='ocrx_word' id='word_1_188' title='bbox 519 1497 764 1556; x_wconf 89' lang='lat' dir='ltr'><strong>anathematizatus</strong></span> <span class='ocrx_word' id='word_1_189' title='bbox 781 1497 897 1554; x_wconf 89' lang='lat' dir='ltr'><strong>eandem</strong></span> <span class='ocrx_word' id='word_1_190' title='bbox 910 1497 1004 1555; x_wconf 90' lang='lat' dir='ltr'><strong>sedem</strong></span> <span class='ocrx_word' id='word_1_191' title='bbox 1058 1498 1257 1574; x_wconf 85' lang='lat' dir='ltr'><strong>quondamres</strong></span> <span class='ocrx_word' id='word_1_192' title='bbox 1273 1500 1461 1571; x_wconf 87' lang='lat' dir='ltr'><strong>Ungarorum,</strong></span> <span class='ocrx_word' id='word_1_193' title='bbox 1475 1484 1587 1555; x_wconf 79' lang='lat' dir='ltr'><strong>scilicet</strong></span> <span class='ocrx_word' id='word_1_194' title='bbox 1597 1495 1669 1552; x_wconf 78' lang='lat' dir='ltr'><strong>⁴⁶⁸a</strong></span> <span class='ocrx_word' id='word_1_195' title='bbox 1684 1494 1811 1552; x_wconf 78' lang='lat' dir='ltr'><strong>latislao</strong></span> <span class='ocrx_word' id='word_1_196' title='bbox 1820 1495 1867 1567; x_wconf 82' lang='lat' dir='ltr'><strong>jan</strong></span> <span class='ocrx_word' id='word_1_197' title='bbox 1887 1548 1894 1558; x_wconf 90' lang='grc'><em>,</em></span> 
     </span>
     <span class='ocr_line' id='line_1_15' title="bbox 204 1589 1867 1667; baseline -0.005 -12"><span class='ocrx_word' id='word_1_198' title='bbox 204 1595 323 1661; x_wconf 73' lang='lat' dir='ltr'><strong>technae</strong></span> <span class='ocrx_word' id='word_1_199' title='bbox 338 1593 459 1654; x_wconf 82' lang='lat' dir='ltr'><strong>Heinrici</strong></span> <span class='ocrx_word' id='word_1_200' title='bbox 472 1593 533 1667; x_wconf 81' lang='lat' dir='ltr'><strong>jam</strong></span> <span class='ocrx_word' id='word_1_201' title='bbox 554 1600 618 1650; x_wconf 92' lang='lat' dir='ltr'><strong>octo</strong></span> <span class='ocrx_word' id='word_1_202' title='bbox 643 1592 722 1650; x_wconf 90' lang='lat' dir='ltr'><strong>annis</strong></span> <span class='ocrx_word' id='word_1_203' title='bbox 745 1590 922 1649; x_wconf 76' lang='lat' dir='ltr'><strong>infestaverit.</strong></span> <span class='ocrx_word' id='word_1_204' title='bbox 947 1592 1005 1650; x_wconf 87' lang='lat' dir='ltr'><strong>Etsi</strong></span> <span class='ocrx_word' id='word_1_205' title='bbox 1059 1592 1165 1651; x_wconf 91' lang='lat' dir='ltr'><strong>dudum</strong></span> <span class='ocrx_word' id='word_1_206' title='bbox 1180 1608 1266 1667; x_wconf 90' lang='lat' dir='ltr'><strong>regno</strong></span> <span class='ocrx_word' id='word_1_207' title='bbox 1280 1592 1402 1665; x_wconf 82' lang='lat' dir='ltr'><strong>privatus</strong></span> <span class='ocrx_word' id='word_1_208' title='bbox 1415 1600 1443 1648; x_wconf 90' lang='lat' dir='ltr'><strong>et</strong></span> <span class='ocrx_word' id='word_1_209' title='bbox 1461 1591 1490 1648; x_wconf 94' lang='lat' dir='ltr'><strong>in</strong></span> <span class='ocrx_word' id='word_1_210' title='bbox 1502 1590 1798 1662; x_wconf 80' lang='lat' dir='ltr'><strong>exiliumexpulsus,</strong></span> <span class='ocrx_word' id='word_1_211' title='bbox 1811 1589 1867 1647; x_wconf 89' lang='lat' dir='ltr'><strong>dun</strong></span> 
     </span>
     <span class='ocr_line' id='line_1_16' title="bbox 205 1683 1866 1765; baseline -0.008 -14"><span class='ocrx_word' id='word_1_212' title='bbox 205 1690 282 1751; x_wconf 89' lang='lat' dir='ltr'><strong>enlm</strong></span> <span class='ocrx_word' id='word_1_213' title='bbox 295 1690 354 1765; x_wconf 89' lang='lat' dir='ltr'><strong>lpse</strong></span> <span class='ocrx_word' id='word_1_214' title='bbox 368 1687 520 1747; x_wconf 86' lang='lat' dir='ltr'><strong>illumcum</strong></span> <span class='ocrx_word' id='word_1_215' title='bbox 534 1703 600 1761; x_wconf 88' lang='lat' dir='ltr'><strong>pace</strong></span> <span class='ocrx_word' id='word_1_216' title='bbox 622 1685 776 1760; x_wconf 88' lang='lat' dir='ltr'><strong>nequiverit</strong></span> <span class='ocrx_word' id='word_1_217' title='bbox 788 1686 922 1755; x_wconf 89' lang='lat' dir='ltr'><strong>obtinere,</strong></span> <span class='ocrx_word' id='word_1_218' title='bbox 938 1685 1005 1742; x_wconf 90' lang='lat' dir='ltr'><strong>adeo</strong></span> <span class='ocrx_word' id='word_1_219' title='bbox 1060 1686 1192 1762; x_wconf 88' lang='lat' dir='ltr'><strong>quiddam</strong></span> <span class='ocrx_word' id='word_1_220' title='bbox 1213 1686 1320 1744; x_wconf 88' lang='lat' dir='ltr'><strong>fortiter</strong></span> <span class='ocrx_word' id='word_1_221' title='bbox 1332 1694 1427 1743; x_wconf 89' lang='lat' dir='ltr'><strong>contra</strong></span> <span class='ocrx_word' id='word_1_222' title='bbox 1449 1700 1545 1759; x_wconf 88' lang='lat' dir='ltr'><strong>regem</strong></span> <span class='ocrx_word' id='word_1_223' title='bbox 1562 1685 1735 1741; x_wconf 87' lang='lat' dir='ltr'><strong>Greeorum</strong></span> <span class='ocrx_word' id='word_1_224' title='bbox 1757 1683 1866 1751; x_wconf 85' lang='lat' dir='ltr'><strong>mcliurr,</strong></span> 
     </span>
     <span class='ocr_line' id='line_1_17' title="bbox 203 1774 1866 1857; baseline -0.008 -10"><span class='ocrx_word' id='word_1_225' title='bbox 203 1795 300 1847; x_wconf 80' lang='lat' dir='ltr'><strong>tantm</strong></span> <span class='ocrx_word' id='word_1_226' title='bbox 313 1799 364 1857; x_wconf 89' lang='lat' dir='ltr'><strong>per</strong></span> <span class='ocrx_word' id='word_1_227' title='bbox 376 1797 478 1857; x_wconf 88' lang='lat' dir='ltr'><strong>organa</strong></span> <span class='ocrx_word' id='word_1_228' title='bbox 497 1780 597 1839; x_wconf 91' lang='lat' dir='ltr'><strong>diaboli</strong></span> <span class='ocrx_word' id='word_1_229' title='bbox 609 1780 763 1854; x_wconf 75' lang='lat' dir='ltr'><strong>praevaluit,</strong></span> <span class='ocrx_word' id='word_1_230' title='bbox 778 1788 809 1837; x_wconf 93' lang='lat' dir='ltr'><strong>ut</strong></span> <span class='ocrx_word' id='word_1_231' title='bbox 825 1780 884 1854; x_wconf 90' lang='lat' dir='ltr'><strong>jam</strong></span> <span class='ocrx_word' id='word_1_232' title='bbox 896 1778 1005 1837; x_wconf 85' lang='lat' dir='ltr'><strong>hiennio</strong></span> <span class='ocrx_word' id='word_1_233' title='bbox 1021 1774 1045 1842; x_wconf 90' lang='lat' dir='ltr'><strong>B</strong></span> <span class='ocrx_word' id='word_1_234' title='bbox 1059 1792 1122 1856; x_wconf 93' lang='lat' dir='ltr'><strong>post</strong></span> <span class='ocrx_word' id='word_1_235' title='bbox 1138 1779 1328 1840; x_wconf 82' lang='lat' dir='ltr'><strong>incredibilem</strong></span> <span class='ocrx_word' id='word_1_236' title='bbox 1343 1779 1465 1837; x_wconf 87' lang='lat' dir='ltr'><strong>bostium</strong></span> <span class='ocrx_word' id='word_1_237' title='bbox 1479 1787 1610 1852; x_wconf 88' lang='lat' dir='ltr'><strong>stragem</strong></span> <span class='ocrx_word' id='word_1_238' title='bbox 1632 1787 1665 1834; x_wconf 91' lang='lat' dir='ltr'><strong>et</strong></span> <span class='ocrx_word' id='word_1_239' title='bbox 1681 1778 1746 1850; x_wconf 91' lang='lat' dir='ltr'><strong>ipse</strong></span> <span class='ocrx_word' id='word_1_240' title='bbox 1769 1778 1866 1833; x_wconf 82' lang='lat' dir='ltr'><strong>viriliter</strong></span> 
     </span>
     <span class='ocr_line' id='line_1_18' title="bbox 203 1871 1867 1952; baseline -0.007 -12"><span class='ocrx_word' id='word_1_241' title='bbox 203 1880 283 1940; x_wconf 91' lang='lat' dir='ltr'><strong>sedes</strong></span> <span class='ocrx_word' id='word_1_242' title='bbox 302 1877 450 1952; x_wconf 91' lang='lat' dir='ltr'><strong>apostolica</strong></span> <span class='ocrx_word' id='word_1_243' title='bbox 470 1876 598 1950; x_wconf 86' lang='lat' dir='ltr'><strong>pastorali</strong></span> <span class='ocrx_word' id='word_1_244' title='bbox 613 1875 811 1950; x_wconf 78' lang='lat' dir='ltr'><strong>gubernatione</strong></span> <span class='ocrx_word' id='word_1_245' title='bbox 828 1875 947 1932; x_wconf 92' lang='lat' dir='ltr'><strong>caruerit</strong></span> <span class='ocrx_word' id='word_1_246' title='bbox 956 1874 1006 1922; x_wconf 75' lang='lat'><strong>⁴⁶¹·</strong></span> <span class='ocrx_word' id='word_1_247' title='bbox 1064 1876 1203 1935; x_wconf 86' lang='lat' dir='ltr'><strong>occubuit.</strong></span> <span class='ocrx_word' id='word_1_248' title='bbox 1227 1872 1334 1932; x_wconf 86' lang='lat' dir='ltr'><strong>Eodem</strong></span> <span class='ocrx_word' id='word_1_249' title='bbox 1354 1889 1461 1947; x_wconf 90' lang='lat' dir='ltr'><strong>quoque</strong></span> <span class='ocrx_word' id='word_1_250' title='bbox 1481 1881 1614 1946; x_wconf 89' lang='lat' dir='ltr'><strong>tempore</strong></span> <span class='ocrx_word' id='word_1_251' title='bbox 1633 1872 1758 1946; x_wconf 89' lang='lat' dir='ltr'><strong>quidam</strong></span> <span class='ocrx_word' id='word_1_252' title='bbox 1772 1871 1867 1928; x_wconf 78' lang='lat' dir='ltr'><strong>adama·</strong></span> 
     </span>
     <span class='ocr_line' id='line_1_19' title="bbox 201 1965 1865 2043; baseline -0.008 -9"><span class='ocrx_word' id='word_1_253' title='bbox 201 1975 284 2034; x_wconf 85' lang='lat' dir='ltr'><strong>Unde</strong></span> <span class='ocrx_word' id='word_1_254' title='bbox 296 1990 360 2034; x_wconf 90' lang='lat' dir='ltr'><strong>cum</strong></span> <span class='ocrx_word' id='word_1_255' title='bbox 373 1987 470 2031; x_wconf 90' lang='lat' dir='ltr'><strong>omnes</strong></span> <span class='ocrx_word' id='word_1_256' title='bbox 483 1970 611 2028; x_wconf 88' lang='lat' dir='ltr'><strong>catholici</strong></span> <span class='ocrx_word' id='word_1_257' title='bbox 628 1970 728 2028; x_wconf 91' lang='lat' dir='ltr'><strong>merito</strong></span> <span class='ocrx_word' id='word_1_258' title='bbox 740 1969 877 2039; x_wconf 89' lang='lat' dir='ltr'><strong>dolerent,</strong></span> <span class='ocrx_word' id='word_1_259' title='bbox 892 1969 1007 2026; x_wconf 93' lang='lat' dir='ltr'><strong>tandem</strong></span> <span class='ocrx_word' id='word_1_260' title='bbox 1061 1971 1142 2040; x_wconf 80' lang='lat' dir='ltr'><strong>beru,</strong></span> <span class='ocrx_word' id='word_1_261' title='bbox 1158 1969 1203 2043; x_wconf 93' lang='lat' dir='ltr'><strong>qui</strong></span> <span class='ocrx_word' id='word_1_262' title='bbox 1216 1968 1406 2027; x_wconf 72' lang='lat' dir='ltr'><strong>Pistoriensem</strong></span> <span class='ocrx_word' id='word_1_263' title='bbox 1423 1966 1632 2040; x_wconf 90' lang='lat' dir='ltr'><strong>episcopatum,</strong></span> <span class='ocrx_word' id='word_1_264' title='bbox 1662 1966 1774 2022; x_wconf 89' lang='lat' dir='ltr'><strong>vivente</strong></span> <span class='ocrx_word' id='word_1_265' title='bbox 1793 1965 1865 2023; x_wconf 83' lang='lat' dir='ltr'><strong>adbuc</strong></span> 
     </span>
     <span class='ocr_line' id='line_1_20' title="bbox 202 2060 1864 2138; baseline -0.007 -11"><span class='ocrx_word' id='word_1_266' title='bbox 202 2078 307 2127; x_wconf 78' lang='lat' dir='ltr'><strong>sauctae</strong></span> <span class='ocrx_word' id='word_1_267' title='bbox 328 2072 463 2127; x_wconf 74' lang='lat' dir='ltr'><strong>Romanae</strong></span> <span class='ocrx_word' id='word_1_268' title='bbox 481 2066 595 2125; x_wconf 72' lang='lat' dir='ltr'><strong>aeclesiae</strong></span> <span class='ocrx_word' id='word_1_269' title='bbox 619 2063 769 2123; x_wconf 88' lang='lat' dir='ltr'><strong>cardinales</strong></span> <span class='ocrx_word' id='word_1_270' title='bbox 781 2063 911 2137; x_wconf 88' lang='lat' dir='ltr'><strong>episcopi,</strong></span> <span class='ocrx_word' id='word_1_271' title='bbox 926 2072 1008 2120; x_wconf 89' lang='lat' dir='ltr'><strong>etre-</strong></span> <span class='ocrx_word' id='word_1_272' title='bbox 1061 2065 1311 2138; x_wconf 82' lang='lat' dir='ltr'><strong>legitimcpastcre,</strong></span> <span class='ocrx_word' id='word_1_273' title='bbox 1322 2063 1382 2134; x_wconf 80' lang='lat' dir='ltr'><strong>lam</strong></span> <span class='ocrx_word' id='word_1_274' title='bbox 1398 2060 1503 2119; x_wconf 84' lang='lat' dir='ltr'><strong>drrdum</strong></span> <span class='ocrx_word' id='word_1_275' title='bbox 1515 2061 1626 2118; x_wconf 90' lang='lat' dir='ltr'><strong>invasit</strong></span> <span class='ocrx_word' id='word_1_276' title='bbox 1639 2065 1652 2132; x_wconf 94' lang='lat'>(</span> <span class='ocrx_word' id='word_1_277' title='bbox 1666 2066 1772 2128; x_wconf 80' lang='lat'><strong>1358),</strong></span> <span class='ocrx_word' id='word_1_278' title='bbox 1785 2060 1864 2117; x_wconf 82' lang='lat' dir='ltr'><strong>deboc</strong></span> 
     </span>
     <span class='ocr_line' id='line_1_21' title="bbox 204 2155 1862 2239; baseline -0.009 -15"><span class='ocrx_word' id='word_1_279' title='bbox 204 2165 271 2239; x_wconf 90' lang='lat' dir='ltr'><strong>liqui</strong></span> <span class='ocrx_word' id='word_1_280' title='bbox 293 2162 419 2222; x_wconf 80' lang='lat' dir='ltr'><strong>catholici</strong></span> <span class='ocrx_word' id='word_1_281' title='bbox 435 2161 471 2220; x_wconf 90' lang='lat' dir='ltr'><strong>de</strong></span> <span class='ocrx_word' id='word_1_282' title='bbox 484 2161 559 2218; x_wconf 89' lang='lat' dir='ltr'><strong>clero</strong></span> <span class='ocrx_word' id='word_1_283' title='bbox 574 2169 602 2217; x_wconf 92' lang='lat' dir='ltr'><strong>et</strong></span> <span class='ocrx_word' id='word_1_284' title='bbox 617 2159 719 2232; x_wconf 94' lang='lat' dir='ltr'><strong>populo</strong></span> <span class='ocrx_word' id='word_1_285' title='bbox 741 2173 805 2214; x_wconf 93' lang='lat' dir='ltr'><strong>cum</strong></span> <span class='ocrx_word' id='word_1_286' title='bbox 820 2157 1006 2216; x_wconf 85' lang='lat' dir='ltr'><strong>auxilichr·</strong></span> <span class='ocrx_word' id='word_1_287' title='bbox 1061 2159 1115 2215; x_wconf 91' lang='lat' dir='ltr'><strong>vita</strong></span> <span class='ocrx_word' id='word_1_288' title='bbox 1140 2157 1285 2215; x_wconf 88' lang='lat' dir='ltr'><strong>discedens</strong></span> <span class='ocrx_word' id='word_1_289' title='bbox 1307 2155 1345 2201; x_wconf 71' lang='lat'><strong>⁴⁶⁷</strong></span> <span class='ocrx_word' id='word_1_290' title='bbox 1369 2155 1557 2222; x_wconf 85' lang='lat' dir='ltr'><strong>certissimum</strong></span> <span class='ocrx_word' id='word_1_291' title='bbox 1589 2171 1656 2214; x_wconf 80' lang='lat' dir='ltr'><strong>suae</strong></span> <span class='ocrx_word' id='word_1_292' title='bbox 1695 2155 1862 2213; x_wconf 83' lang='lat' dir='ltr'><strong>damnaberis</strong></span> 
     </span>
     <span class='ocr_line' id='line_1_22' title="bbox 205 2249 1866 2339; baseline -0.007 -23"><span class='ocrx_word' id='word_1_293' title='bbox 205 2274 372 2335; x_wconf 76' lang='lat' dir='ltr'><strong>mannopum</strong></span> <span class='ocrx_word' id='word_1_294' title='bbox 382 2255 568 2324; x_wconf 89' lang='lat' dir='ltr'><strong>Desiderium,</strong></span> <span class='ocrx_word' id='word_1_295' title='bbox 584 2252 707 2327; x_wconf 76' lang='lat' dir='ltr'><strong>eiusdem</strong></span> <span class='ocrx_word' id='word_1_296' title='bbox 718 2251 831 2339; x_wconf 71' lang='lat' dir='ltr'><strong>aeclesiae</strong></span> <span class='ocrx_word' id='word_1_297' title='bbox 843 2249 1006 2307; x_wconf 84' lang='lat' dir='ltr'><strong>cardinalem</strong></span> <span class='ocrx_word' id='word_1_298' title='bbox 1061 2253 1216 2325; x_wconf 89' lang='lat' dir='ltr'><strong>exemplum</strong></span> <span class='ocrx_word' id='word_1_299' title='bbox 1231 2252 1343 2325; x_wconf 90' lang='lat' dir='ltr'><strong>reliquis</strong></span> <span class='ocrx_word' id='word_1_300' title='bbox 1358 2250 1519 2308; x_wconf 85' lang='lat' dir='ltr'><strong>scismaticis</strong></span> <span class='ocrx_word' id='word_1_301' title='bbox 1532 2249 1709 2323; x_wconf 85' lang='lat' dir='ltr'><strong>dereliquit.</strong></span> <span class='ocrx_word' id='word_1_302' title='bbox 1726 2251 1793 2306; x_wconf 84' lang='lat' dir='ltr'><strong>Cum</strong></span> <span class='ocrx_word' id='word_1_303' title='bbox 1805 2250 1866 2305; x_wconf 89' lang='lat' dir='ltr'><strong>enin</strong></span> 
     </span>
     <span class='ocr_line' id='line_1_23' title="bbox 205 2343 1867 2420; baseline -0.005 -11"><span class='ocrx_word' id='word_1_304' title='bbox 205 2360 235 2410; x_wconf 92' lang='lat' dir='ltr'><strong>et</strong></span> <span class='ocrx_word' id='word_1_305' title='bbox 255 2349 423 2409; x_wconf 85' lang='lat' dir='ltr'><strong>cassinensis</strong></span> <span class='ocrx_word' id='word_1_306' title='bbox 440 2346 601 2405; x_wconf 88' lang='lat' dir='ltr'><strong>monasterii</strong></span> <span class='ocrx_word' id='word_1_307' title='bbox 623 2345 766 2414; x_wconf 89' lang='lat' dir='ltr'><strong>abbatem,</strong></span> <span class='ocrx_word' id='word_1_308' title='bbox 781 2359 880 2418; x_wconf 91' lang='lat' dir='ltr'><strong>papam</strong></span> <span class='ocrx_word' id='word_1_309' title='bbox 904 2349 1007 2402; x_wconf 72' lang='lat' dir='ltr'><strong>llic·uun</strong></span> <span class='ocrx_word' id='word_1_310' title='bbox 1057 2347 1117 2420; x_wconf 89' lang='lat' dir='ltr'><strong>jam</strong></span> <span class='ocrx_word' id='word_1_311' title='bbox 1132 2347 1161 2404; x_wconf 90' lang='lat' dir='ltr'><strong>in</strong></span> <span class='ocrx_word' id='word_1_312' title='bbox 1183 2346 1312 2404; x_wconf 86' lang='lat' dir='ltr'><strong>extremis</strong></span> <span class='ocrx_word' id='word_1_313' title='bbox 1332 2345 1442 2419; x_wconf 80' lang='lat' dir='ltr'><strong>jaceret,</strong></span> <span class='ocrx_word' id='word_1_314' title='bbox 1456 2360 1541 2418; x_wconf 87' lang='lat' dir='ltr'><strong>seque</strong></span> <span class='ocrx_word' id='word_1_315' title='bbox 1556 2343 1593 2402; x_wconf 90' lang='lat' dir='ltr'><strong>ad</strong></span> <span class='ocrx_word' id='word_1_316' title='bbox 1607 2353 1756 2402; x_wconf 71' lang='lat' dir='ltr'><strong>aeternam</strong></span> <span class='ocrx_word' id='word_1_317' title='bbox 1767 2343 1867 2401; x_wconf 81' lang='lat' dir='ltr'><strong>damna·</strong></span> 
     </span>
     <span class='ocr_line' id='line_1_24' title="bbox 158 2436 1867 2523; baseline -0.006 -18"><span class='ocrx_word' id='word_1_318' title='bbox 158 2516 163 2523; x_wconf 37' lang='grc'><strong>,</strong></span> <span class='ocrx_word' id='word_1_319' title='bbox 205 2444 414 2511; x_wconf 78' lang='lat' dir='ltr'><strong>ordinaverunt,</strong></span> <span class='ocrx_word' id='word_1_320' title='bbox 437 2442 516 2513; x_wconf 91' lang='lat' dir='ltr'><strong>eique</strong></span> <span class='ocrx_word' id='word_1_321' title='bbox 536 2438 612 2497; x_wconf 91' lang='lat' dir='ltr'><strong>tercii</strong></span> <span class='ocrx_word' id='word_1_322' title='bbox 634 2437 755 2496; x_wconf 86' lang='lat' dir='ltr'><strong>Victoris</strong></span> <span class='ocrx_word' id='word_1_323' title='bbox 775 2453 879 2495; x_wconf 92' lang='lat' dir='ltr'><strong>nomen</strong></span> <span class='ocrx_word' id='word_1_324' title='bbox 901 2436 1007 2494; x_wconf 89' lang='lat' dir='ltr'><strong>indide·</strong></span> <span class='ocrx_word' id='word_1_325' title='bbox 1060 2441 1164 2501; x_wconf 86' lang='lat' dir='ltr'><strong>tionem</strong></span> <span class='ocrx_word' id='word_1_326' title='bbox 1177 2441 1238 2518; x_wconf 77' lang='lat' dir='ltr'><strong>iam</strong></span> <span class='ocrx_word' id='word_1_327' title='bbox 1256 2441 1315 2514; x_wconf 86' lang='lat' dir='ltr'><strong>jara</strong></span> <span class='ocrx_word' id='word_1_328' title='bbox 1336 2439 1474 2496; x_wconf 88' lang='lat' dir='ltr'><strong>abitumm</strong></span> <span class='ocrx_word' id='word_1_329' title='bbox 1493 2454 1554 2496; x_wconf 93' lang='lat' dir='ltr'><strong>uon</strong></span> <span class='ocrx_word' id='word_1_330' title='bbox 1576 2438 1741 2509; x_wconf 86' lang='lat' dir='ltr'><strong>dubitaret,</strong></span> <span class='ocrx_word' id='word_1_331' title='bbox 1759 2439 1867 2512; x_wconf 88' lang='lat' dir='ltr'><strong>apparuit</strong></span> 
     </span>
     <span class='ocr_line' id='line_1_25' title="bbox 206 2532 1868 2610; baseline -0.004 -16"><span class='ocrx_word' id='word_1_332' title='bbox 206 2545 289 2607; x_wconf 76' lang='lat' dir='ltr'><strong>rrmt3</strong></span> <span class='ocrx_word' id='word_1_333' title='bbox 303 2538 347 2610; x_wconf 91' lang='lat' dir='ltr'><strong>qui</strong></span> <span class='ocrx_word' id='word_1_334' title='bbox 362 2535 456 2593; x_wconf 89' lang='lat' dir='ltr'><strong>statim</strong></span> <span class='ocrx_word' id='word_1_335' title='bbox 467 2543 529 2608; x_wconf 89' lang='lat' dir='ltr'><strong>post</strong></span> <span class='ocrx_word' id='word_1_336' title='bbox 540 2532 700 2591; x_wconf 88' lang='lat' dir='ltr'><strong>electionem</strong></span> <span class='ocrx_word' id='word_1_337' title='bbox 711 2547 792 2590; x_wconf 91' lang='lat' dir='ltr'><strong>suam</strong></span> <span class='ocrx_word' id='word_1_338' title='bbox 805 2532 898 2589; x_wconf 89' lang='lat' dir='ltr'><strong>missis</strong></span> <span class='ocrx_word' id='word_1_339' title='bbox 910 2547 1007 2604; x_wconf 88' lang='lat' dir='ltr'><strong>usque·</strong></span> <span class='ocrx_word' id='word_1_340' title='bbox 1060 2533 1085 2592; x_wconf 90' lang='lat' dir='ltr'><strong>ci</strong></span> <span class='ocrx_word' id='word_1_341' title='bbox 1100 2533 1225 2607; x_wconf 74' lang='lat' dir='ltr'><strong>ciusdem</strong></span> <span class='ocrx_word' id='word_1_342' title='bbox 1245 2534 1359 2592; x_wconf 76' lang='lat' dir='ltr'><strong>eclesie</strong></span> <span class='ocrx_word' id='word_1_343' title='bbox 1376 2534 1532 2607; x_wconf 89' lang='lat' dir='ltr'><strong>episcopus,</strong></span> <span class='ocrx_word' id='word_1_344' title='bbox 1556 2541 1588 2590; x_wconf 96' lang='lat' dir='ltr'><strong>ut</strong></span> <span class='ocrx_word' id='word_1_345' title='bbox 1618 2541 1707 2591; x_wconf 89' lang='lat' dir='ltr'><strong>tanto</strong></span> <span class='ocrx_word' id='word_1_346' title='bbox 1732 2532 1868 2590; x_wconf 81' lang='lat' dir='ltr'><strong>evidentius</strong></span> 
     </span>
     <span class='ocr_line' id='line_1_26' title="bbox 205 2625 1869 2707; baseline -0.002 -19"><span class='ocrx_word' id='word_1_347' title='bbox 205 2647 313 2707; x_wconf 84' lang='lat' dir='ltr'><strong>quaque</strong></span> <span class='ocrx_word' id='word_1_348' title='bbox 326 2630 418 2688; x_wconf 77' lang='lat' dir='ltr'><strong>ittera</strong></span> <span class='ocrx_word' id='word_1_349' title='bbox 433 2644 462 2685; x_wconf 86' lang='lat' dir='ltr'><strong>sc</strong></span> <span class='ocrx_word' id='word_1_350' title='bbox 480 2627 558 2701; x_wconf 86' lang='lat' dir='ltr'><strong>juxta</strong></span> <span class='ocrx_word' id='word_1_351' title='bbox 582 2625 694 2684; x_wconf 86' lang='lat' dir='ltr'><strong>decreta</strong></span> <span class='ocrx_word' id='word_1_352' title='bbox 715 2635 875 2683; x_wconf 86' lang='lat' dir='ltr'><strong>sanctorum</strong></span> <span class='ocrx_word' id='word_1_353' title='bbox 897 2634 1005 2698; x_wconf 91' lang='lat' dir='ltr'><strong>patrum</strong></span> <span class='ocrx_word' id='word_1_354' title='bbox 1060 2626 1171 2700; x_wconf 91' lang='lat' dir='ltr'><strong>culpam</strong></span> <span class='ocrx_word' id='word_1_355' title='bbox 1194 2627 1285 2696; x_wconf 90' lang='lat' dir='ltr'><strong>sciret,</strong></span> <span class='ocrx_word' id='word_1_356' title='bbox 1310 2642 1393 2699; x_wconf 91' lang='lat' dir='ltr'><strong>quam</strong></span> <span class='ocrx_word' id='word_1_357' title='bbox 1422 2626 1494 2700; x_wconf 89' lang='lat' dir='ltr'><strong>apud</strong></span> <span class='ocrx_word' id='word_1_358' title='bbox 1517 2626 1631 2685; x_wconf 91' lang='lat' dir='ltr'><strong>inferos</strong></span> <span class='ocrx_word' id='word_1_359' title='bbox 1660 2628 1741 2684; x_wconf 91' lang='lat' dir='ltr'><strong>luere</strong></span> <span class='ocrx_word' id='word_1_360' title='bbox 1764 2626 1869 2684; x_wconf 86' lang='lat' dir='ltr'><strong>deberet</strong></span> 
     </span>
     <span class='ocr_line' id='line_1_27' title="bbox 123 2719 1871 2796; baseline -0.006 -10"><span class='ocrx_word' id='word_1_361' title='bbox 123 2782 126 2786; x_wconf 85' lang='lat'><em>.</em></span> <span class='ocrx_word' id='word_1_362' title='bbox 206 2725 355 2785; x_wconf 87' lang='lat' dir='ltr'><strong>declaravit</strong></span> <span class='ocrx_word' id='word_1_363' title='bbox 375 2724 555 2782; x_wconf 87' lang='lat' dir='ltr'><strong>incessurum.</strong></span> <span class='ocrx_word' id='word_1_364' title='bbox 570 2719 710 2780; x_wconf 79' lang='lat' dir='ltr'><strong>fudiciam</strong></span> <span class='ocrx_word' id='word_1_365' title='bbox 734 2735 844 2793; x_wconf 93' lang='lat' dir='ltr'><strong>quoque</strong></span> <span class='ocrx_word' id='word_1_366' title='bbox 865 2719 908 2776; x_wconf 91' lang='lat' dir='ltr'><strong>sui</strong></span> <span class='ocrx_word' id='word_1_367' title='bbox 930 2727 1007 2776; x_wconf 90' lang='lat' dir='ltr'><strong>ante·</strong></span> <span class='ocrx_word' id='word_1_368' title='bbox 1061 2722 1181 2796; x_wconf 82' lang='lat' dir='ltr'><strong>Rogavit</strong></span> <span class='ocrx_word' id='word_1_369' title='bbox 1207 2730 1381 2778; x_wconf 86' lang='lat' dir='ltr'><strong>tamencum</strong></span> <span class='ocrx_word' id='word_1_370' title='bbox 1401 2728 1434 2777; x_wconf 91' lang='lat' dir='ltr'><strong>ut</strong></span> <span class='ocrx_word' id='word_1_371' title='bbox 1454 2721 1479 2778; x_wconf 93' lang='lat' dir='ltr'><strong>ei</strong></span> <span class='ocrx_word' id='word_1_372' title='bbox 1506 2720 1627 2794; x_wconf 87' lang='lat' dir='ltr'><strong>culpam</strong></span> <span class='ocrx_word' id='word_1_373' title='bbox 1656 2720 1821 2795; x_wconf 83' lang='lat' dir='ltr'><strong>indulgeret,</strong></span> <span class='ocrx_word' id='word_1_374' title='bbox 1837 2721 1871 2793; x_wconf 81' lang='lat' dir='ltr'><strong>ip</strong></span> 
     </span>
     <span class='ocr_line' id='line_1_28' title="bbox 207 2811 1872 2891; baseline -0.005 -13"><span class='ocrx_word' id='word_1_375' title='bbox 207 2819 324 2878; x_wconf 80' lang='lat' dir='ltr'><strong>masonis</strong></span> <span class='ocrx_word' id='word_1_376' title='bbox 336 2818 390 2891; x_wconf 75' lang='lat' dir='ltr'><strong>piac</strong></span> <span class='ocrx_word' id='word_1_377' title='bbox 403 2815 545 2874; x_wconf 79' lang='lat' dir='ltr'><strong>memorias</strong></span> <span class='ocrx_word' id='word_1_378' title='bbox 560 2813 687 2888; x_wconf 88' lang='lat' dir='ltr'><strong>Gregorii</strong></span> <span class='ocrx_word' id='word_1_379' title='bbox 701 2829 781 2886; x_wconf 80' lang='lat' dir='ltr'><strong>papae</strong></span> <span class='ocrx_word' id='word_1_380' title='bbox 796 2827 879 2884; x_wconf 89' lang='lat' dir='ltr'><strong>super</strong></span> <span class='ocrx_word' id='word_1_381' title='bbox 892 2811 1005 2870; x_wconf 90' lang='lat' dir='ltr'><strong>lleinri·</strong></span> <span class='ocrx_word' id='word_1_382' title='bbox 1062 2831 1179 2891; x_wconf 89' lang='lat' dir='ltr'><strong>sumque</strong></span> <span class='ocrx_word' id='word_1_383' title='bbox 1204 2812 1239 2871; x_wconf 92' lang='lat' dir='ltr'><strong>ab</strong></span> <span class='ocrx_word' id='word_1_384' title='bbox 1267 2814 1556 2872; x_wconf 82' lang='lat' dir='ltr'><strong>excommunicatione</strong></span> <span class='ocrx_word' id='word_1_385' title='bbox 1585 2815 1729 2872; x_wconf 89' lang='lat' dir='ltr'><strong>solveret.</strong></span> <span class='ocrx_word' id='word_1_386' title='bbox 1763 2816 1872 2887; x_wconf 83' lang='lat' dir='ltr'><strong>Rogavit</strong></span> 
     </span>
     <span class='ocr_line' id='line_1_29' title="bbox 205 2892 1872 2983; baseline -0.004 -12"><span class='ocrx_word' id='word_1_387' title='bbox 205 2929 271 2973; x_wconf 92' lang='lat' dir='ltr'><strong>eum</strong></span> <span class='ocrx_word' id='word_1_388' title='bbox 285 2922 312 2970; x_wconf 91' lang='lat' dir='ltr'><strong>et</strong></span> <span class='ocrx_word' id='word_1_389' title='bbox 331 2925 431 2973; x_wconf 90' lang='lat' dir='ltr'><strong>omnes</strong></span> <span class='ocrx_word' id='word_1_390' title='bbox 452 2909 510 2982; x_wconf 85' lang='lat' dir='ltr'><strong>ejus</strong></span> <span class='ocrx_word' id='word_1_391' title='bbox 524 2908 647 2966; x_wconf 87' lang='lat' dir='ltr'><strong>fautores</strong></span> <span class='ocrx_word' id='word_1_392' title='bbox 661 2898 843 2964; x_wconf 75' lang='lat' dir='ltr'><strong>confirmavit.</strong></span> <span class='ocrx_word' id='word_1_393' title='bbox 859 2907 1010 2964; x_wconf 84' lang='lat' dir='ltr'><strong>Consecra-</strong></span> <span class='ocrx_word' id='word_1_394' title='bbox 1037 2925 1174 2983; x_wconf 93' lang='lat' dir='ltr'><strong>·quoque</strong></span> <span class='ocrx_word' id='word_1_395' title='bbox 1194 2892 1417 2966; x_wconf 87' lang='lat' dir='ltr'><strong>circumastantes</strong></span> <span class='ocrx_word' id='word_1_396' title='bbox 1431 2916 1462 2965; x_wconf 95' lang='lat' dir='ltr'><strong>ut</strong></span> <span class='ocrx_word' id='word_1_397' title='bbox 1475 2923 1541 2964; x_wconf 90' lang='lat' dir='ltr'><strong>eum</strong></span> <span class='ocrx_word' id='word_1_398' title='bbox 1565 2905 1607 2964; x_wconf 92' lang='lat' dir='ltr'><strong>de</strong></span> <span class='ocrx_word' id='word_1_399' title='bbox 1635 2911 1801 2982; x_wconf 86' lang='lat' dir='ltr'><strong>episcopata</strong></span> <span class='ocrx_word' id='word_1_400' title='bbox 1820 2923 1872 2965; x_wconf 85' lang='lat' dir='ltr'><strong>eve·</strong></span> 
     </span>
     <span class='ocr_line' id='line_1_30' title="bbox 209 2999 1871 3075; baseline -0.002 -13"><span class='ocrx_word' id='word_1_401' title='bbox 209 3015 254 3067; x_wconf 87' lang='lat' dir='ltr'><strong>tus</strong></span> <span class='ocrx_word' id='word_1_402' title='bbox 264 3013 409 3066; x_wconf 87' lang='lat' dir='ltr'><strong>estautcm</strong></span> <span class='ocrx_word' id='word_1_403' title='bbox 421 3009 538 3061; x_wconf 86' lang='lat' dir='ltr'><strong>creante</strong></span> <span class='ocrx_word' id='word_1_404' title='bbox 552 3001 626 3058; x_wconf 89' lang='lat' dir='ltr'><strong>Maio</strong></span> <span class='ocrx_word' id='word_1_405' title='bbox 638 3016 734 3063; x_wconf 88' lang='lat' dir='ltr'><strong>meuse</strong></span> <span class='ocrx_word' id='word_1_406' title='bbox 748 3005 833 3067; x_wconf 78' lang='lat'>(1357</span> <span class='ocrx_word' id='word_1_407' title='bbox 842 3005 852 3067; x_wconf 90' lang='grc'>)</span> <span class='ocrx_word' id='word_1_408' title='bbox 862 2999 935 3075; x_wconf 91' lang='lat' dir='ltr'><strong>apud</strong></span> <span class='ocrx_word' id='word_1_409' title='bbox 947 3001 1012 3057; x_wconf 87' lang='lat' dir='ltr'><strong>San-</strong></span> <span class='ocrx_word' id='word_1_410' title='bbox 1065 3003 1174 3074; x_wconf 91' lang='lat' dir='ltr'><strong>herent,</strong></span> <span class='ocrx_word' id='word_1_411' title='bbox 1193 3018 1246 3059; x_wconf 91' lang='lat' dir='ltr'><strong>nec</strong></span> <span class='ocrx_word' id='word_1_412' title='bbox 1259 3018 1322 3058; x_wconf 89' lang='lat' dir='ltr'><strong>eum</strong></span> <span class='ocrx_word' id='word_1_413' title='bbox 1337 3002 1367 3058; x_wconf 92' lang='lat' dir='ltr'><strong>in</strong></span> <span class='ocrx_word' id='word_1_414' title='bbox 1380 3002 1540 3075; x_wconf 86' lang='lat' dir='ltr'><strong>episcopatu</strong></span> <span class='ocrx_word' id='word_1_415' title='bbox 1565 3003 1737 3074; x_wconf 88' lang='lat' dir='ltr'><strong>sepelirent</strong></span> <span class='ocrx_word' id='word_1_416' title='bbox 1752 3003 1806 3060; x_wconf 83' lang='lat' dir='ltr'><strong>Sed</strong></span> <span class='ocrx_word' id='word_1_417' title='bbox 1819 3002 1871 3058; x_wconf 77' lang='lat' dir='ltr'><strong>hac</strong></span> 
     </span>
     <span class='ocr_line' id='line_1_31' title="bbox 147 3093 1872 3170; baseline -0.005 -11"><span class='ocrx_word' id='word_1_418' title='bbox 147 3134 153 3139; x_wconf 95' lang='lat'>-</span> <span class='ocrx_word' id='word_1_419' title='bbox 209 3108 285 3159; x_wconf 77' lang='lat' dir='ltr'><strong>mum</strong></span> <span class='ocrx_word' id='word_1_420' title='bbox 324 3100 435 3159; x_wconf 86' lang='lat' dir='ltr'><strong>Petmm</strong></span> <span class='ocrx_word' id='word_1_421' title='bbox 472 3112 488 3153; x_wconf 93' lang='lat' dir='ltr'><strong>a</strong></span> <span class='ocrx_word' id='word_1_422' title='bbox 515 3093 700 3152; x_wconf 89' lang='lat' dir='ltr'><strong>cardinalibus</strong></span> <span class='ocrx_word' id='word_1_423' title='bbox 734 3094 869 3166; x_wconf 89' lang='lat' dir='ltr'><strong>episcopis</strong></span> <span class='ocrx_word' id='word_1_424' title='bbox 910 3095 1013 3151; x_wconf 90' lang='lat' dir='ltr'><strong>Ottcne</strong></span> <span class='ocrx_word' id='word_1_425' title='bbox 1065 3096 1147 3153; x_wconf 84' lang='lat' dir='ltr'><strong>verba</strong></span> <span class='ocrx_word' id='word_1_426' title='bbox 1183 3094 1333 3152; x_wconf 88' lang='lat' dir='ltr'><strong>astantibus</strong></span> <span class='ocrx_word' id='word_1_427' title='bbox 1363 3095 1440 3170; x_wconf 90' lang='lat' dir='ltr'><strong>quasi</strong></span> <span class='ocrx_word' id='word_1_428' title='bbox 1472 3094 1671 3153; x_wconf 87' lang='lat' dir='ltr'><strong>deliramenta</strong></span> <span class='ocrx_word' id='word_1_429' title='bbox 1708 3096 1872 3154; x_wconf 78' lang='lat' dir='ltr'><strong>videbantur.</strong></span> 
     </span>
     <span class='ocr_line' id='line_1_32' title="bbox 208 3173 1870 3262; baseline -0.007 -8"><span class='ocrx_word' id='word_1_430' title='bbox 208 3193 344 3261; x_wconf 84' lang='lat' dir='ltr'><strong>Ostiense,</strong></span> <span class='ocrx_word' id='word_1_431' title='bbox 359 3198 388 3248; x_wconf 92' lang='lat' dir='ltr'><strong>et</strong></span> <span class='ocrx_word' id='word_1_432' title='bbox 407 3192 490 3247; x_wconf 87' lang='lat' dir='ltr'><strong>Petro</strong></span> <span class='ocrx_word' id='word_1_433' title='bbox 508 3188 664 3248; x_wconf 81' lang='lat' dir='ltr'><strong>Albanease</strong></span> <span class='ocrx_word' id='word_1_434' title='bbox 678 3202 742 3246; x_wconf 88' lang='lat' dir='ltr'><strong>cum</strong></span> <span class='ocrx_word' id='word_1_435' title='bbox 755 3184 869 3259; x_wconf 88' lang='lat' dir='ltr'><strong>reliquis</strong></span> <span class='ocrx_word' id='word_1_436' title='bbox 883 3185 1008 3244; x_wconf 89' lang='lat' dir='ltr'><strong>cardina·</strong></span> <span class='ocrx_word' id='word_1_437' title='bbox 1026 3173 1124 3262; x_wconf 90' lang='lat' dir='ltr'><strong>Clpse</strong></span> <span class='ocrx_word' id='word_1_438' title='bbox 1147 3196 1238 3246; x_wconf 89' lang='lat' dir='ltr'><strong>autem</strong></span> <span class='ocrx_word' id='word_1_439' title='bbox 1272 3188 1308 3245; x_wconf 77' lang='lat' dir='ltr'><strong>sc·</strong></span> <span class='ocrx_word' id='word_1_440' title='bbox 1323 3202 1396 3246; x_wconf 78' lang='lat' dir='ltr'><strong>sana</strong></span> <span class='ocrx_word' id='word_1_441' title='bbox 1426 3187 1528 3244; x_wconf 89' lang='lat' dir='ltr'><strong>mentis</strong></span> <span class='ocrx_word' id='word_1_442' title='bbox 1562 3198 1754 3260; x_wconf 87' lang='lat' dir='ltr'><strong>protestatus,</strong></span> <span class='ocrx_word' id='word_1_443' title='bbox 1780 3188 1870 3245; x_wconf 86' lang='lat' dir='ltr'><strong>itidem</strong></span> 
     </span>
     <span class='ocr_line' id='line_1_33' title="bbox 209 3279 1867 3357; baseline -0.005 -12"><span class='ocrx_word' id='word_1_444' title='bbox 209 3286 289 3350; x_wconf 89' lang='lat' dir='ltr'><strong>libus.</strong></span> <span class='ocrx_word' id='word_1_445' title='bbox 304 3283 454 3343; x_wconf 85' lang='lat' dir='ltr'><strong>Guibertus</strong></span> <span class='ocrx_word' id='word_1_446' title='bbox 467 3298 532 3339; x_wconf 91' lang='lat' dir='ltr'><strong>vero</strong></span> <span class='ocrx_word' id='word_1_447' title='bbox 555 3280 728 3340; x_wconf 88' lang='lat' dir='ltr'><strong>heresiarcha</strong></span> <span class='ocrx_word' id='word_1_448' title='bbox 741 3295 799 3338; x_wconf 91' lang='lat' dir='ltr'><strong>non</strong></span> <span class='ocrx_word' id='word_1_449' title='bbox 813 3280 902 3355; x_wconf 87' lang='lat' dir='ltr'><strong>magis</strong></span> <span class='ocrx_word' id='word_1_450' title='bbox 915 3280 949 3342; x_wconf 90' lang='lat' dir='ltr'><strong>ab</strong></span> <span class='ocrx_word' id='word_1_451' title='bbox 962 3279 1006 3336; x_wconf 88' lang='lat' dir='ltr'><strong>iu·</strong></span> <span class='ocrx_word' id='word_1_452' title='bbox 1059 3285 1178 3357; x_wconf 89' lang='lat' dir='ltr'><strong>rogitare</strong></span> <span class='ocrx_word' id='word_1_453' title='bbox 1189 3280 1387 3350; x_wconf 79' lang='lat' dir='ltr'><strong>noncessavit3</strong></span> <span class='ocrx_word' id='word_1_454' title='bbox 1400 3281 1598 3339; x_wconf 85' lang='lat' dir='ltr'><strong>actiacassum</strong></span> <span class='ocrx_word' id='word_1_455' title='bbox 1614 3303 1624 3352; x_wconf 75' lang='grc' dir='ltr'><strong>ς</strong></span> <span class='ocrx_word' id='word_1_456' title='bbox 1639 3299 1710 3341; x_wconf 90' lang='lat' dir='ltr'><strong>nam</strong></span> <span class='ocrx_word' id='word_1_457' title='bbox 1724 3291 1783 3338; x_wconf 76' lang='lat' dir='ltr'><strong>anm</strong></span> <span class='ocrx_word' id='word_1_458' title='bbox 1794 3281 1867 3338; x_wconf 73' lang='lat' dir='ltr'><strong>nele-</strong></span> 
     </span>
     <span class='ocr_line' id='line_1_34' title="bbox 209 3373 1864 3456; baseline -0.005 -16"><span class='ocrx_word' id='word_1_459' title='bbox 209 3389 287 3456; x_wconf 85' lang='lat' dir='ltr'><strong>aepta</strong></span> <span class='ocrx_word' id='word_1_460' title='bbox 300 3377 476 3454; x_wconf 85' lang='lat' dir='ltr'><strong>perversitate</strong></span> <span class='ocrx_word' id='word_1_461' title='bbox 489 3375 626 3444; x_wconf 66' lang='lat' dir='ltr'><strong>manavit,</strong></span> <span class='ocrx_word' id='word_1_462' title='bbox 647 3375 736 3433; x_wconf 92' lang='lat' dir='ltr'><strong>immo</strong></span> <span class='ocrx_word' id='word_1_463' title='bbox 749 3390 779 3432; x_wconf 91' lang='lat' dir='ltr'><strong>se</strong></span> <span class='ocrx_word' id='word_1_464' title='bbox 795 3373 868 3449; x_wconf 91' lang='lat' dir='ltr'><strong>apud</strong></span> <span class='ocrx_word' id='word_1_465' title='bbox 879 3374 1008 3433; x_wconf 75' lang='lat' dir='ltr'><strong>Sancum</strong></span> <span class='ocrx_word' id='word_1_466' title='bbox 1060 3377 1198 3436; x_wconf 88' lang='lat' dir='ltr'><strong>siasticam</strong></span> <span class='ocrx_word' id='word_1_467' title='bbox 1212 3375 1419 3434; x_wconf 90' lang='lat' dir='ltr'><strong>absolutionem</strong></span> <span class='ocrx_word' id='word_1_468' title='bbox 1440 3382 1530 3432; x_wconf 90' lang='lat' dir='ltr'><strong>morte</strong></span> <span class='ocrx_word' id='word_1_469' title='bbox 1547 3385 1723 3449; x_wconf 72' lang='lat' dir='ltr'><strong>praeventus</strong></span> <span class='ocrx_word' id='word_1_470' title='bbox 1735 3385 1786 3434; x_wconf 83' lang='lat' dir='ltr'><strong>est.</strong></span> <span class='ocrx_word' id='word_1_471' title='bbox 1799 3378 1864 3434; x_wconf 80' lang='lat' dir='ltr'><strong>lica</strong></span> 
     </span>
     <span class='ocr_line' id='line_1_35' title="bbox 20 3467 1868 3544; baseline -0.005 -9"><span class='ocrx_word' id='word_1_472' title='bbox 20 3506 24 3515; x_wconf 82' lang='grc'><strong>·</strong></span> <span class='ocrx_word' id='word_1_473' title='bbox 123 3514 141 3537; x_wconf 61' lang='lat' dir='ltr'><strong><em>s</em></strong></span> <span class='ocrx_word' id='word_1_474' title='bbox 210 3474 326 3535; x_wconf 78' lang='lat' dir='ltr'><strong>Mariam</strong></span> <span class='ocrx_word' id='word_1_475' title='bbox 340 3470 524 3540; x_wconf 85' lang='lat' dir='ltr'><strong>adbiartircs,</strong></span> <span class='ocrx_word' id='word_1_476' title='bbox 540 3485 625 3544; x_wconf 89' lang='lat' dir='ltr'><strong>quam</strong></span> <span class='ocrx_word' id='word_1_477' title='bbox 637 3467 800 3528; x_wconf 82' lang='lat' dir='ltr'><strong>Rotundum</strong></span> <span class='ocrx_word' id='word_1_478' title='bbox 813 3467 919 3538; x_wconf 89' lang='lat' dir='ltr'><strong>dicuat,</strong></span> <span class='ocrx_word' id='word_1_479' title='bbox 935 3467 1009 3525; x_wconf 86' lang='lat' dir='ltr'><strong>iuca-</strong></span> <span class='ocrx_word' id='word_1_480' title='bbox 1061 3471 1130 3529; x_wconf 91' lang='lat' dir='ltr'><strong>nulli</strong></span> <span class='ocrx_word' id='word_1_481' title='bbox 1152 3479 1247 3528; x_wconf 90' lang='lat' dir='ltr'><strong>tamen</strong></span> <span class='ocrx_word' id='word_1_482' title='bbox 1271 3469 1319 3543; x_wconf 94' lang='lat' dir='ltr'><strong>qui</strong></span> <span class='ocrx_word' id='word_1_483' title='bbox 1343 3476 1402 3525; x_wconf 89' lang='lat' dir='ltr'><strong>tam</strong></span> <span class='ocrx_word' id='word_1_484' title='bbox 1435 3468 1605 3541; x_wconf 85' lang='lat' dir='ltr'><strong>periculcsae</strong></span> <span class='ocrx_word' id='word_1_485' title='bbox 1636 3473 1723 3529; x_wconf 89' lang='lat' dir='ltr'><strong>morti</strong></span> <span class='ocrx_word' id='word_1_486' title='bbox 1756 3468 1868 3544; x_wconf 85' lang='lat' dir='ltr'><strong>ejusdem</strong></span> 
     </span>
     <span class='ocr_line' id='line_1_36' title="bbox 210 3561 1872 3638; baseline -0.007 -7"><span class='ocrx_word' id='word_1_487' title='bbox 210 3568 335 3631; x_wconf 76' lang='lat' dir='ltr'><strong>cellarii.</strong></span> <span class='ocrx_word' id='word_1_488' title='bbox 358 3571 486 3625; x_wconf 87' lang='lat' dir='ltr'><strong>Domuus</strong></span> <span class='ocrx_word' id='word_1_489' title='bbox 505 3562 727 3638; x_wconf 86' lang='lat' dir='ltr'><strong>papaautemin</strong></span> <span class='ocrx_word' id='word_1_490' title='bbox 747 3561 942 3637; x_wconf 74' lang='lat' dir='ltr'><strong>laeuamque</strong></span> <span class='ocrx_word' id='word_1_491' title='bbox 966 3561 1010 3619; x_wconf 89' lang='lat' dir='ltr'><strong>in·</strong></span> <span class='ocrx_word' id='word_1_492' title='bbox 1061 3563 1210 3624; x_wconf 88' lang='lat' dir='ltr'><strong>scismatici</strong></span> <span class='ocrx_word' id='word_1_493' title='bbox 1229 3563 1352 3632; x_wconf 90' lang='lat' dir='ltr'><strong>aderant,</strong></span> <span class='ocrx_word' id='word_1_494' title='bbox 1373 3562 1532 3635; x_wconf 89' lang='lat' dir='ltr'><strong>compuncti</strong></span> <span class='ocrx_word' id='word_1_495' title='bbox 1554 3573 1648 3633; x_wconf 83' lang='lat' dir='ltr'><strong>srmt;</strong></span> <span class='ocrx_word' id='word_1_496' title='bbox 1672 3565 1724 3638; x_wconf 90' lang='lat' dir='ltr'><strong>qui</strong></span> <span class='ocrx_word' id='word_1_497' title='bbox 1746 3573 1774 3623; x_wconf 89' lang='lat' dir='ltr'><strong>et</strong></span> <span class='ocrx_word' id='word_1_498' title='bbox 1787 3574 1872 3638; x_wconf 85' lang='lat' dir='ltr'><strong>postea</strong></span> 
     </span>
     <span class='ocr_line' id='line_1_37' title="bbox 210 3654 1871 3735; baseline -0.004 -15"><span class='ocrx_word' id='word_1_499' title='bbox 210 3671 253 3726; x_wconf 87' lang='lat' dir='ltr'><strong>ter</strong></span> <span class='ocrx_word' id='word_1_500' title='bbox 266 3660 337 3720; x_wconf 92' lang='lat' dir='ltr'><strong>duos</strong></span> <span class='ocrx_word' id='word_1_501' title='bbox 351 3667 449 3733; x_wconf 84' lang='lat' dir='ltr'><strong>pontes</strong></span> <span class='ocrx_word' id='word_1_502' title='bbox 469 3659 522 3716; x_wconf 91' lang='lat' dir='ltr'><strong>sita</strong></span> <span class='ocrx_word' id='word_1_503' title='bbox 545 3666 586 3715; x_wconf 89' lang='lat' dir='ltr'><strong>est</strong></span> <span class='ocrx_word' id='word_1_504' title='bbox 608 3672 638 3735; x_wconf 82' lang='lat' dir='ltr'><strong>se</strong></span> <span class='ocrx_word' id='word_1_505' title='bbox 658 3655 770 3730; x_wconf 90' lang='lat' dir='ltr'><strong>recepit.</strong></span> <span class='ocrx_word' id='word_1_506' title='bbox 789 3655 929 3730; x_wconf 80' lang='lat' dir='ltr'><strong>Principes</strong></span> <span class='ocrx_word' id='word_1_507' title='bbox 943 3670 1011 3729; x_wconf 92' lang='lat' dir='ltr'><strong>quo·</strong></span> <span class='ocrx_word' id='word_1_508' title='bbox 1063 3658 1099 3718; x_wconf 90' lang='lat' dir='ltr'><strong>sd</strong></span> <span class='ocrx_word' id='word_1_509' title='bbox 1113 3658 1266 3733; x_wconf 90' lang='lat' dir='ltr'><strong>legitimum</strong></span> <span class='ocrx_word' id='word_1_510' title='bbox 1287 3665 1427 3730; x_wconf 84' lang='lat' dir='ltr'><strong>pastorem</strong></span> <span class='ocrx_word' id='word_1_511' title='bbox 1440 3654 1607 3726; x_wconf 85' lang='lat' dir='ltr'><strong>redeantes,</strong></span> <span class='ocrx_word' id='word_1_512' title='bbox 1635 3657 1871 3715; x_wconf 83' lang='lat' dir='ltr'><strong>veniametabso</strong></span> 
     </span>
     <span class='ocr_line' id='line_1_38' title="bbox 212 3748 1870 3830; baseline -0.004 -17"><span class='ocrx_word' id='word_1_513' title='bbox 212 3771 267 3830; x_wconf 88' lang='lat' dir='ltr'><strong>quc</strong></span> <span class='ocrx_word' id='word_1_514' title='bbox 288 3753 364 3827; x_wconf 89' lang='lat' dir='ltr'><strong>regni</strong></span> <span class='ocrx_word' id='word_1_515' title='bbox 377 3753 600 3820; x_wconf 87' lang='lat' dir='ltr'><strong>Teutoniccrum,</strong></span> <span class='ocrx_word' id='word_1_516' title='bbox 617 3751 710 3810; x_wconf 85' lang='lat' dir='ltr'><strong>fideles</strong></span> <span class='ocrx_word' id='word_1_517' title='bbox 725 3750 838 3825; x_wconf 91' lang='lat' dir='ltr'><strong>inquam</strong></span> <span class='ocrx_word' id='word_1_518' title='bbox 858 3751 947 3808; x_wconf 80' lang='lat' dir='ltr'><strong>macti</strong></span> <span class='ocrx_word' id='word_1_519' title='bbox 960 3753 1012 3808; x_wconf 85' lang='lat' dir='ltr'><strong>Pe·</strong></span> <span class='ocrx_word' id='word_1_520' title='bbox 1064 3754 1200 3812; x_wconf 86' lang='lat' dir='ltr'><strong>lationem</strong></span> <span class='ocrx_word' id='word_1_521' title='bbox 1212 3750 1351 3808; x_wconf 89' lang='lat' dir='ltr'><strong>consecuti</strong></span> <span class='ocrx_word' id='word_1_522' title='bbox 1366 3757 1430 3807; x_wconf 89' lang='lat' dir='ltr'><strong>sunt</strong></span> <span class='ocrx_word' id='word_1_523' title='bbox 1445 3748 1489 3805; x_wconf 82' lang='lat'><strong>⁴⁶⁸.</strong></span> <span class='ocrx_word' id='word_1_524' title='bbox 1503 3753 1615 3808; x_wconf 80' lang='lat' dir='ltr'><strong>Romae</strong></span> <span class='ocrx_word' id='word_1_525' title='bbox 1630 3752 1733 3809; x_wconf 89' lang='lat' dir='ltr'><strong>Victor</strong></span> <span class='ocrx_word' id='word_1_526' title='bbox 1747 3768 1813 3826; x_wconf 87' lang='lat' dir='ltr'><strong>papa</strong></span> <span class='ocrx_word' id='word_1_527' title='bbox 1820 3751 1870 3824; x_wconf 85' lang='lat' dir='ltr'><strong>jam</strong></span> 
     </span>
     <span class='ocr_line' id='line_1_39' title="bbox 213 3843 1868 3920; baseline -0.003 -16"><span class='ocrx_word' id='word_1_528' title='bbox 213 3849 260 3915; x_wconf 83' lang='lat' dir='ltr'><strong>tsi,</strong></span> <span class='ocrx_word' id='word_1_529' title='bbox 275 3844 399 3919; x_wconf 84' lang='lat' dir='ltr'><strong>generale</strong></span> <span class='ocrx_word' id='word_1_530' title='bbox 421 3845 590 3919; x_wconf 88' lang='lat' dir='ltr'><strong>colloquium</strong></span> <span class='ocrx_word' id='word_1_531' title='bbox 613 3861 679 3901; x_wconf 91' lang='lat' dir='ltr'><strong>cum</strong></span> <span class='ocrx_word' id='word_1_532' title='bbox 702 3844 833 3902; x_wconf 81' lang='lat' dir='ltr'><strong>[laiatico</strong></span> <span class='ocrx_word' id='word_1_533' title='bbox 854 3853 881 3901; x_wconf 90' lang='lat' dir='ltr'><strong>et</strong></span> <span class='ocrx_word' id='word_1_534' title='bbox 893 3843 1011 3902; x_wconf 88' lang='lat' dir='ltr'><strong>fautori·</strong></span> <span class='ocrx_word' id='word_1_535' title='bbox 1066 3847 1189 3920; x_wconf 92' lang='lat' dir='ltr'><strong>pluribus</strong></span> <span class='ocrx_word' id='word_1_536' title='bbox 1209 3845 1290 3902; x_wconf 90' lang='lat' dir='ltr'><strong>aunis</strong></span> <span class='ocrx_word' id='word_1_537' title='bbox 1301 3844 1437 3912; x_wconf 89' lang='lat' dir='ltr'><strong>infirmus,</strong></span> <span class='ocrx_word' id='word_1_538' title='bbox 1452 3852 1479 3900; x_wconf 91' lang='lat' dir='ltr'><strong>et</strong></span> <span class='ocrx_word' id='word_1_539' title='bbox 1490 3843 1519 3900; x_wconf 94' lang='lat' dir='ltr'><strong>in</strong></span> <span class='ocrx_word' id='word_1_540' title='bbox 1532 3843 1642 3902; x_wconf 89' lang='lat' dir='ltr'><strong>eadem</strong></span> <span class='ocrx_word' id='word_1_541' title='bbox 1656 3845 1820 3903; x_wconf 83' lang='lat' dir='ltr'><strong>infirmitate</strong></span> <span class='ocrx_word' id='word_1_542' title='bbox 1831 3861 1868 3901; x_wconf 90' lang='lat' dir='ltr'><strong>or·</strong></span> 
     </span>
     <span class='ocr_line' id='line_1_40' title="bbox 214 3936 1868 4013; baseline -0.002 -15"><span class='ocrx_word' id='word_1_543' title='bbox 214 3941 266 3999; x_wconf 88' lang='lat' dir='ltr'><strong>bus</strong></span> <span class='ocrx_word' id='word_1_544' title='bbox 278 3939 338 4013; x_wconf 81' lang='lat' dir='ltr'><strong>elus</strong></span> <span class='ocrx_word' id='word_1_545' title='bbox 348 3937 378 3994; x_wconf 91' lang='lat' dir='ltr'><strong>in</strong></span> <span class='ocrx_word' id='word_1_546' title='bbox 391 3936 525 3994; x_wconf 88' lang='lat' dir='ltr'><strong>Kalendis</strong></span> <span class='ocrx_word' id='word_1_547' title='bbox 538 3938 656 4010; x_wconf 80' lang='lat' dir='ltr'><strong>Augusti</strong></span> <span class='ocrx_word' id='word_1_548' title='bbox 671 3953 757 4009; x_wconf 89' lang='lat' dir='ltr'><strong>prope</strong></span> <span class='ocrx_word' id='word_1_549' title='bbox 771 3940 964 3997; x_wconf 83' lang='lat' dir='ltr'><strong>Nemetensem</strong></span> <span class='ocrx_word' id='word_1_550' title='bbox 978 3937 1015 3994; x_wconf 91' lang='lat' dir='ltr'><strong>ci·</strong></span> <span class='ocrx_word' id='word_1_551' title='bbox 1067 3941 1185 4011; x_wconf 88' lang='lat' dir='ltr'><strong>dinatus,</strong></span> <span class='ocrx_word' id='word_1_552' title='bbox 1197 3947 1259 4012; x_wconf 90' lang='lat' dir='ltr'><strong>post</strong></span> <span class='ocrx_word' id='word_1_553' title='bbox 1270 3947 1399 4012; x_wconf 90' lang='lat' dir='ltr'><strong>quartum</strong></span> <span class='ocrx_word' id='word_1_554' title='bbox 1410 3953 1533 3995; x_wconf 90' lang='lat' dir='ltr'><strong>mensem</strong></span> <span class='ocrx_word' id='word_1_555' title='bbox 1542 3939 1591 3994; x_wconf 89' lang='lat' dir='ltr'><strong>sui</strong></span> <span class='ocrx_word' id='word_1_556' title='bbox 1608 3941 1794 4013; x_wconf 75' lang='lat' dir='ltr'><strong>pontificatus</strong></span> <span class='ocrx_word' id='word_1_557' title='bbox 1805 3939 1868 3995; x_wconf 71' lang='lat' dir='ltr'><strong>hem</strong></span> 
     </span>
     <span class='ocr_line' id='line_1_41' title="bbox 214 4029 1864 4104; baseline -0.002 -13"><span class='ocrx_word' id='word_1_558' title='bbox 214 4034 323 4092; x_wconf 85' lang='lat' dir='ltr'><strong>ritatem</strong></span> <span class='ocrx_word' id='word_1_559' title='bbox 343 4031 508 4100; x_wconf 89' lang='lat' dir='ltr'><strong>babuemnt,</strong></span> <span class='ocrx_word' id='word_1_560' title='bbox 533 4029 611 4103; x_wconf 90' lang='lat' dir='ltr'><strong>eique</strong></span> <span class='ocrx_word' id='word_1_561' title='bbox 634 4029 801 4101; x_wconf 87' lang='lat' dir='ltr'><strong>adjutorium</strong></span> <span class='ocrx_word' id='word_1_562' title='bbox 816 4046 900 4087; x_wconf 88' lang='lat' dir='ltr'><strong>suum</strong></span> <span class='ocrx_word' id='word_1_563' title='bbox 914 4031 950 4088; x_wconf 92' lang='lat' dir='ltr'><strong>ad</strong></span> <span class='ocrx_word' id='word_1_564' title='bbox 964 4031 1015 4089; x_wconf 92' lang='lat' dir='ltr'><strong>oh·</strong></span> <span class='ocrx_word' id='word_1_565' title='bbox 1068 4033 1330 4093; x_wconf 87' lang='lat' dir='ltr'><strong>clausitertremum</strong></span> <span class='ocrx_word' id='word_1_566' title='bbox 1351 4033 1441 4104; x_wconf 84' lang='lat' dir='ltr'><strong>(Sept.</strong></span> <span class='ocrx_word' id='word_1_567' title='bbox 1457 4036 1522 4100; x_wconf 56' lang='lat' dir='ltr'><strong>lon</strong></span> <span class='ocrx_word' id='word_1_568' title='bbox 1537 4030 1623 4090; x_wconf 87' lang='lat' dir='ltr'><strong>unde</strong></span> <span class='ocrx_word' id='word_1_569' title='bbox 1637 4033 1766 4092; x_wconf 90' lang='lat' dir='ltr'><strong>muitum</strong></span> <span class='ocrx_word' id='word_1_570' title='bbox 1784 4033 1864 4090; x_wconf 86' lang='lat' dir='ltr'><strong>letatus</strong></span> 
     </span>
     <span class='ocr_line' id='line_1_42' title="bbox 213 4121 1859 4202; baseline -0.004 -17"><span class='ocrx_word' id='word_1_571' title='bbox 213 4126 359 4190; x_wconf 75' lang='lat' dir='ltr'><strong>nuendum</strong></span> <span class='ocrx_word' id='word_1_572' title='bbox 380 4139 509 4199; x_wconf 90' lang='lat' dir='ltr'><strong>regnum,</strong></span> <span class='ocrx_word' id='word_1_573' title='bbox 530 4123 552 4180; x_wconf 94' lang='lat' dir='ltr'><strong>si</strong></span> <span class='ocrx_word' id='word_1_574' title='bbox 574 4121 609 4179; x_wconf 90' lang='lat' dir='ltr'><strong>de</strong></span> <span class='ocrx_word' id='word_1_575' title='bbox 632 4122 919 4183; x_wconf 82' lang='lat' dir='ltr'><strong>excommunicatione</strong></span> <span class='ocrx_word' id='word_1_576' title='bbox 942 4125 1016 4182; x_wconf 86' lang='lat' dir='ltr'><strong>exire</strong></span> <span class='ocrx_word' id='word_1_577' title='bbox 1069 4136 1112 4186; x_wconf 93' lang='lat' dir='ltr'><strong>est</strong></span> <span class='ocrx_word' id='word_1_578' title='bbox 1138 4125 1308 4184; x_wconf 89' lang='lat' dir='ltr'><strong>heresiarcha</strong></span> <span class='ocrx_word' id='word_1_579' title='bbox 1338 4125 1486 4184; x_wconf 86' lang='lat' dir='ltr'><strong>Guibertus</strong></span> <span class='ocrx_word' id='word_1_580' title='bbox 1517 4140 1588 4182; x_wconf 91' lang='lat' dir='ltr'><strong>cum</strong></span> <span class='ocrx_word' id='word_1_581' title='bbox 1613 4127 1678 4184; x_wconf 90' lang='lat' dir='ltr'><strong>suis</strong></span> <span class='ocrx_word' id='word_1_582' title='bbox 1711 4127 1859 4202; x_wconf 71' lang='lat' dir='ltr'><strong>sequutus.</strong></span> 
     </span>
     <span class='ocr_line' id='line_1_43' title="bbox 215 4215 1862 4294; baseline 0 -15"><span class='ocrx_word' id='word_1_583' title='bbox 215 4221 303 4289; x_wconf 87' lang='lat' dir='ltr'><strong>vellet,</strong></span> <span class='ocrx_word' id='word_1_584' title='bbox 323 4217 437 4276; x_wconf 91' lang='lat' dir='ltr'><strong>fideliter</strong></span> <span class='ocrx_word' id='word_1_585' title='bbox 450 4217 644 4291; x_wconf 86' lang='lat' dir='ltr'><strong>promiserunt.</strong></span> <span class='ocrx_word' id='word_1_586' title='bbox 661 4215 710 4274; x_wconf 91' lang='lat' dir='ltr'><strong>llle</strong></span> <span class='ocrx_word' id='word_1_587' title='bbox 723 4225 816 4274; x_wconf 91' lang='lat' dir='ltr'><strong>autem</strong></span> <span class='ocrx_word' id='word_1_588' title='bbox 830 4216 858 4274; x_wconf 92' lang='lat' dir='ltr'><strong>iu</strong></span> <span class='ocrx_word' id='word_1_589' title='bbox 871 4217 950 4278; x_wconf 85' lang='lat' dir='ltr'><strong>solita</strong></span> <span class='ocrx_word' id='word_1_590' title='bbox 963 4233 1012 4276; x_wconf 88' lang='lat' dir='ltr'><strong>sua</strong></span> <span class='ocrx_word' id='word_1_591' title='bbox 1067 4221 1215 4279; x_wconf 83' lang='lat' dir='ltr'><strong>Heinrieus</strong></span> <span class='ocrx_word' id='word_1_592' title='bbox 1232 4234 1341 4294; x_wconf 90' lang='lat' dir='ltr'><strong>quoque</strong></span> <span class='ocrx_word' id='word_1_593' title='bbox 1355 4234 1388 4277; x_wconf 90' lang='lat' dir='ltr'><strong>eo</strong></span> <span class='ocrx_word' id='word_1_594' title='bbox 1401 4226 1536 4293; x_wconf 89' lang='lat' dir='ltr'><strong>tempore,</strong></span> <span class='ocrx_word' id='word_1_595' title='bbox 1549 4218 1624 4277; x_wconf 89' lang='lat' dir='ltr'><strong>licet</strong></span> <span class='ocrx_word' id='word_1_596' title='bbox 1640 4221 1778 4288; x_wconf 87' lang='lat' dir='ltr'><strong>infirmus,</strong></span> <span class='ocrx_word' id='word_1_597' title='bbox 1789 4234 1862 4292; x_wconf 79' lang='lat' dir='ltr'><strong>expc-</strong></span> 
     </span>
     <span class='ocr_line' id='line_1_44' title="bbox 215 4309 1867 4389; baseline -0.002 -17"><span class='ocrx_word' id='word_1_598' title='bbox 215 4312 397 4372; x_wconf 88' lang='lat' dir='ltr'><strong>cbstinationc</strong></span> <span class='ocrx_word' id='word_1_599' title='bbox 429 4311 585 4385; x_wconf 89' lang='lat' dir='ltr'><strong>persistem,</strong></span> <span class='ocrx_word' id='word_1_600' title='bbox 606 4326 657 4369; x_wconf 91' lang='lat' dir='ltr'><strong>nec</strong></span> <span class='ocrx_word' id='word_1_601' title='bbox 684 4326 714 4368; x_wconf 87' lang='lat' dir='ltr'><strong>se</strong></span> <span class='ocrx_word' id='word_1_602' title='bbox 743 4312 1012 4370; x_wconf 86' lang='lat' dir='ltr'><strong>excommunicatum</strong></span> <span class='ocrx_word' id='word_1_603' title='bbox 1066 4311 1200 4371; x_wconf 71' lang='lat' dir='ltr'><strong>ditium</strong></span> <span class='ocrx_word' id='word_1_604' title='bbox 1216 4313 1245 4370; x_wconf 90' lang='lat' dir='ltr'><strong>in</strong></span> <span class='ocrx_word' id='word_1_605' title='bbox 1262 4313 1412 4370; x_wconf 81' lang='lat' dir='ltr'><strong>saxoniam</strong></span> <span class='ocrx_word' id='word_1_606' title='bbox 1425 4327 1488 4369; x_wconf 90' lang='lat' dir='ltr'><strong>cum</strong></span> <span class='ocrx_word' id='word_1_607' title='bbox 1508 4309 1756 4374; x_wconf 75' lang='lat' dir='ltr'><strong>beheimensibus</strong></span> <span class='ocrx_word' id='word_1_608' title='bbox 1769 4328 1867 4389; x_wconf 86' lang='lat' dir='ltr'><strong>promo·</strong></span> 
     </span>
     <span class='ocr_line' id='line_1_45' title="bbox 203 4400 1868 4483; baseline 0 -18"><span class='ocrx_word' id='word_1_609' title='bbox 203 4400 335 4481; x_wconf 69' lang='lat' dir='ltr'><strong>‘profiteri</strong></span> <span class='ocrx_word' id='word_1_610' title='bbox 357 4405 484 4479; x_wconf 90' lang='lat' dir='ltr'><strong>dignatus</strong></span> <span class='ocrx_word' id='word_1_611' title='bbox 505 4413 557 4471; x_wconf 87' lang='lat' dir='ltr'><strong>est,</strong></span> <span class='ocrx_word' id='word_1_612' title='bbox 582 4405 646 4462; x_wconf 89' lang='lat' dir='ltr'><strong>licet</strong></span> <span class='ocrx_word' id='word_1_613' title='bbox 668 4403 721 4463; x_wconf 91' lang='lat' dir='ltr'><strong>boc</strong></span> <span class='ocrx_word' id='word_1_614' title='bbox 744 4405 796 4463; x_wconf 89' lang='lat' dir='ltr'><strong>sibi</strong></span> <span class='ocrx_word' id='word_1_615' title='bbox 816 4421 831 4461; x_wconf 93' lang='lat' dir='ltr'><strong>a</strong></span> <span class='ocrx_word' id='word_1_616' title='bbox 856 4406 957 4464; x_wconf 87' lang='lat' dir='ltr'><strong>nestris</strong></span> <span class='ocrx_word' id='word_1_617' title='bbox 984 4406 1012 4463; x_wconf 91' lang='lat' dir='ltr'><strong>in</strong></span> <span class='ocrx_word' id='word_1_618' title='bbox 1066 4408 1120 4475; x_wconf 81' lang='lat' dir='ltr'><strong>vit;</strong></span> <span class='ocrx_word' id='word_1_619' title='bbox 1135 4415 1177 4464; x_wconf 89' lang='lat' dir='ltr'><strong>set</strong></span> <span class='ocrx_word' id='word_1_620' title='bbox 1190 4416 1282 4464; x_wconf 86' lang='lat' dir='ltr'><strong>sancto</strong></span> <span class='ocrx_word' id='word_1_621' title='bbox 1296 4410 1376 4463; x_wconf 86' lang='lat' dir='ltr'><strong>Petro</strong></span> <span class='ocrx_word' id='word_1_622' title='bbox 1395 4420 1460 4462; x_wconf 89' lang='lat' dir='ltr'><strong>suos</strong></span> <span class='ocrx_word' id='word_1_623' title='bbox 1478 4404 1575 4462; x_wconf 77' lang='lat' dir='ltr'><strong>fideles</strong></span> <span class='ocrx_word' id='word_1_624' title='bbox 1596 4416 1781 4483; x_wconf 78' lang='lat' dir='ltr'><strong>protegente,</strong></span> <span class='ocrx_word' id='word_1_625' title='bbox 1794 4408 1868 4482; x_wconf 84' lang='lat' dir='ltr'><strong>inglo</strong></span> 
     </span>
     <span class='ocr_line' id='line_1_46' title="bbox 214 4497 1873 4598; baseline -0.001 -39"><span class='ocrx_word' id='word_1_626' title='bbox 214 4500 315 4561; x_wconf 86' lang='lat' dir='ltr'><strong>faciem</strong></span> <span class='ocrx_word' id='word_1_627' title='bbox 330 4501 464 4557; x_wconf 90' lang='lat' dir='ltr'><strong>instanter</strong></span> <span class='ocrx_word' id='word_1_628' title='bbox 472 4499 644 4571; x_wconf 88' lang='lat' dir='ltr'><strong>probaretur.</strong></span> <span class='ocrx_word' id='word_1_629' title='bbox 659 4497 742 4556; x_wconf 90' lang='lat' dir='ltr'><strong>Unde</strong></span> <span class='ocrx_word' id='word_1_630' title='bbox 753 4507 781 4555; x_wconf 92' lang='lat' dir='ltr'><strong>et</strong></span> <span class='ocrx_word' id='word_1_631' title='bbox 804 4500 893 4555; x_wconf 92' lang='lat' dir='ltr'><strong>nostrl</strong></span> <span class='ocrx_word' id='word_1_632' title='bbox 907 4499 1010 4556; x_wconf 92' lang='lat' dir='ltr'><strong>nullam</strong></span> <span class='ocrx_word' id='word_1_633' title='bbox 1026 4498 1123 4598; x_wconf 70' lang='lat' dir='ltr'><strong>Drios</strong></span> <span class='ocrx_word' id='word_1_634' title='bbox 1138 4500 1201 4558; x_wconf 91' lang='lat' dir='ltr'><strong>inde</strong></span> <span class='ocrx_word' id='word_1_635' title='bbox 1212 4500 1297 4557; x_wconf 92' lang='lat' dir='ltr'><strong>nimis</strong></span> <span class='ocrx_word' id='word_1_636' title='bbox 1310 4497 1458 4557; x_wconf 87' lang='lat' dir='ltr'><strong>accelerate</strong></span> <span class='ocrx_word' id='word_1_637' title='bbox 1468 4497 1559 4556; x_wconf 89' lang='lat' dir='ltr'><strong>rediit.</strong></span> <span class='ocrx_word' id='word_1_638' title='bbox 1586 4502 1668 4560; x_wconf 80' lang='lat' dir='ltr'><strong>Nam</strong></span> <span class='ocrx_word' id='word_1_639' title='bbox 1683 4505 1873 4561; x_wconf 82' lang='lat' dir='ltr'><strong>Heremsnnus</strong></span> 
     </span>
     <span class='ocr_line' id='line_1_47' title="bbox 214 4590 1873 4666; baseline 0.003 -16"><span class='ocrx_word' id='word_1_640' title='bbox 214 4609 310 4666; x_wconf 87' lang='lat' dir='ltr'><strong>pacem</strong></span> <span class='ocrx_word' id='word_1_641' title='bbox 330 4593 371 4650; x_wconf 91' lang='lat' dir='ltr'><strong>vel</strong></span> <span class='ocrx_word' id='word_1_642' title='bbox 396 4591 573 4650; x_wconf 89' lang='lat' dir='ltr'><strong>concordiam</strong></span> <span class='ocrx_word' id='word_1_643' title='bbox 596 4607 660 4649; x_wconf 91' lang='lat' dir='ltr'><strong>cum</strong></span> <span class='ocrx_word' id='word_1_644' title='bbox 683 4607 716 4649; x_wconf 91' lang='lat' dir='ltr'><strong>ec</strong></span> <span class='ocrx_word' id='word_1_645' title='bbox 741 4592 780 4637; x_wconf 76' lang='lat'><strong>⁴⁶¹</strong></span> <span class='ocrx_word' id='word_1_646' title='bbox 796 4593 896 4650; x_wconf 91' lang='lat' dir='ltr'><strong>habere</strong></span> <span class='ocrx_word' id='word_1_647' title='bbox 909 4601 1010 4651; x_wconf 86' lang='lat' dir='ltr'><strong>statue·</strong></span> <span class='ocrx_word' id='word_1_648' title='bbox 1063 4611 1113 4653; x_wconf 88' lang='lat' dir='ltr'><strong>rex</strong></span> <span class='ocrx_word' id='word_1_649' title='bbox 1133 4594 1246 4653; x_wconf 78' lang='lat' dir='ltr'><strong>eum⁴⁶⁹</strong></span> <span class='ocrx_word' id='word_1_650' title='bbox 1259 4610 1324 4650; x_wconf 93' lang='lat' dir='ltr'><strong>oum</strong></span> <span class='ocrx_word' id='word_1_651' title='bbox 1337 4601 1412 4650; x_wconf 88' lang='lat' dir='ltr'><strong>tanta</strong></span> <span class='ocrx_word' id='word_1_652' title='bbox 1433 4590 1619 4651; x_wconf 88' lang='lat' dir='ltr'><strong>multitudine</strong></span> <span class='ocrx_word' id='word_1_653' title='bbox 1640 4596 1794 4655; x_wconf 87' lang='lat' dir='ltr'><strong>Saxonum</strong></span> <span class='ocrx_word' id='word_1_654' title='bbox 1812 4600 1873 4654; x_wconf 74' lang='lat' dir='ltr'><strong>ime</strong></span> 
     </span>
     <span class='ocr_line' id='line_1_48' title="bbox 211 4685 1875 4759; baseline 0.002 -15"><span class='ocrx_word' id='word_1_655' title='bbox 211 4695 287 4744; x_wconf 91' lang='lat' dir='ltr'><strong>runt.</strong></span> <span class='ocrx_word' id='word_1_656' title='bbox 315 4686 489 4759; x_wconf 82' lang='lat' dir='ltr'><strong>Quapropter</strong></span> <span class='ocrx_word' id='word_1_657' title='bbox 508 4685 706 4758; x_wconf 81' lang='lat' dir='ltr'><strong>expeditionem</strong></span> <span class='ocrx_word' id='word_1_658' title='bbox 733 4703 812 4744; x_wconf 89' lang='lat' dir='ltr'><strong>suam</strong></span> <span class='ocrx_word' id='word_1_659' title='bbox 833 4702 914 4759; x_wconf 90' lang='lat' dir='ltr'><strong>super</strong></span> <span class='ocrx_word' id='word_1_660' title='bbox 938 4687 1011 4759; x_wconf 88' lang='lat' dir='ltr'><strong>ipsos</strong></span> <span class='ocrx_word' id='word_1_661' title='bbox 1064 4696 1144 4747; x_wconf 90' lang='lat' dir='ltr'><strong>cutus</strong></span> <span class='ocrx_word' id='word_1_662' title='bbox 1156 4696 1207 4757; x_wconf 90' lang='lat' dir='ltr'><strong>est,</strong></span> <span class='ocrx_word' id='word_1_663' title='bbox 1222 4686 1393 4745; x_wconf 88' lang='lat' dir='ltr'><strong>utfacillime</strong></span> <span class='ocrx_word' id='word_1_664' title='bbox 1405 4687 1495 4758; x_wconf 91' lang='lat' dir='ltr'><strong>ipsum</strong></span> <span class='ocrx_word' id='word_1_665' title='bbox 1508 4701 1577 4742; x_wconf 85' lang='lat' dir='ltr'><strong>eum</strong></span> <span class='ocrx_word' id='word_1_666' title='bbox 1593 4690 1741 4748; x_wconf 90' lang='lat' dir='ltr'><strong>omnibus</strong></span> <span class='ocrx_word' id='word_1_667' title='bbox 1761 4692 1817 4749; x_wconf 90' lang='lat' dir='ltr'><strong>suis</strong></span> <span class='ocrx_word' id='word_1_668' title='bbox 1832 4691 1875 4748; x_wconf 93' lang='lat' dir='ltr'><strong>ob-</strong></span> 
     </span>
     <span class='ocr_line' id='line_1_49' title="bbox 210 4778 1875 4854; baseline 0.002 -14"><span class='ocrx_word' id='word_1_669' title='bbox 210 4783 374 4840; x_wconf 84' lang='lat' dir='ltr'><strong>lncctavam</strong></span> <span class='ocrx_word' id='word_1_670' title='bbox 381 4787 504 4836; x_wconf 87' lang='lat' dir='ltr'><strong>sanctam</strong></span> <span class='ocrx_word' id='word_1_671' title='bbox 516 4779 678 4841; x_wconf 85' lang='lat' dir='ltr'><strong>bliebabelis</strong></span> <span class='ocrx_word' id='word_1_672' title='bbox 687 4781 1010 4852; x_wconf 84' lang='lat' dir='ltr'><strong>proximarenturamin·</strong></span> <span class='ocrx_word' id='word_1_673' title='bbox 1063 4784 1174 4850; x_wconf 88' lang='lat' dir='ltr'><strong>tineret,</strong></span> <span class='ocrx_word' id='word_1_674' title='bbox 1189 4781 1212 4838; x_wconf 91' lang='lat' dir='ltr'><strong>si</strong></span> <span class='ocrx_word' id='word_1_675' title='bbox 1222 4798 1278 4839; x_wconf 95' lang='lat' dir='ltr'><strong>non</strong></span> <span class='ocrx_word' id='word_1_676' title='bbox 1291 4781 1355 4838; x_wconf 94' lang='lat' dir='ltr'><strong>dolo</strong></span> <span class='ocrx_word' id='word_1_677' title='bbox 1369 4778 1506 4854; x_wconf 81' lang='lat' dir='ltr'><strong>Eggiherti</strong></span> <span class='ocrx_word' id='word_1_678' title='bbox 1519 4780 1640 4840; x_wconf 86' lang='lat' dir='ltr'><strong>comitis</strong></span> <span class='ocrx_word' id='word_1_679' title='bbox 1657 4789 1774 4853; x_wconf 77' lang='lat'>(1359)</span> <span class='ocrx_word' id='word_1_680' title='bbox 1787 4787 1875 4843; x_wconf 74' lang='lat' dir='ltr'><strong>stass·</strong></span> 
     </span>
     <span class='ocr_line' id='line_1_50' title="bbox 212 4873 1877 4949; baseline 0.004 -19"><span class='ocrx_word' id='word_1_681' title='bbox 212 4873 287 4931; x_wconf 81' lang='lat' dir='ltr'><strong>dixit</strong></span> <span class='ocrx_word' id='word_1_682' title='bbox 308 4873 403 4930; x_wconf 87' lang='lat' dir='ltr'><strong>Nostri</strong></span> <span class='ocrx_word' id='word_1_683' title='bbox 425 4880 517 4929; x_wconf 88' lang='lat' dir='ltr'><strong>autem</strong></span> <span class='ocrx_word' id='word_1_684' title='bbox 540 4889 569 4929; x_wconf 93' lang='lat' dir='ltr'><strong>se</strong></span> <span class='ocrx_word' id='word_1_685' title='bbox 584 4875 702 4932; x_wconf 89' lang='lat' dir='ltr'><strong>eandem</strong></span> <span class='ocrx_word' id='word_1_686' title='bbox 723 4875 924 4947; x_wconf 87' lang='lat' dir='ltr'><strong>expeditionem</strong></span> <span class='ocrx_word' id='word_1_687' title='bbox 948 4885 1010 4933; x_wconf 90' lang='lat' dir='ltr'><strong>octo</strong></span> <span class='ocrx_word' id='word_1_688' title='bbox 1065 4885 1114 4934; x_wconf 91' lang='lat' dir='ltr'><strong>set.</strong></span> <span class='ocrx_word' id='word_1_689' title='bbox 1129 4877 1183 4934; x_wconf 85' lang='lat' dir='ltr'><strong>liic</strong></span> <span class='ocrx_word' id='word_1_690' title='bbox 1194 4891 1292 4949; x_wconf 89' lang='lat' dir='ltr'><strong>nempe</strong></span> <span class='ocrx_word' id='word_1_691' title='bbox 1306 4889 1399 4932; x_wconf 92' lang='lat' dir='ltr'><strong>comes</strong></span> <span class='ocrx_word' id='word_1_692' title='bbox 1410 4877 1459 4941; x_wconf 74' lang='lat'><strong>⁴⁷⁰,</strong></span> <span class='ocrx_word' id='word_1_693' title='bbox 1472 4873 1570 4946; x_wconf 84' lang='lat' dir='ltr'><strong>gloriae</strong></span> <span class='ocrx_word' id='word_1_694' title='bbox 1584 4874 1705 4935; x_wconf 91' lang='lat' dir='ltr'><strong>domini</strong></span> <span class='ocrx_word' id='word_1_695' title='bbox 1722 4883 1764 4930; x_wconf 76' lang='lat'><strong>⁴7¹</strong></span> <span class='ocrx_word' id='word_1_696' title='bbox 1781 4881 1877 4938; x_wconf 74' lang='lat' dir='ltr'><strong>suilla</strong></span> 
     </span>
     <span class='ocr_line' id='line_1_51' title="bbox 212 4965 1877 5044; baseline 0.006 -20"><span class='ocrx_word' id='word_1_697' title='bbox 212 4966 310 5031; x_wconf 88' lang='lat' dir='ltr'><strong>diebus</strong></span> <span class='ocrx_word' id='word_1_698' title='bbox 333 4973 532 5039; x_wconf 81' lang='lat' dir='ltr'><strong>praetenturas,</strong></span> <span class='ocrx_word' id='word_1_699' title='bbox 550 4982 631 5040; x_wconf 89' lang='lat' dir='ltr'><strong>seque</strong></span> <span class='ocrx_word' id='word_1_700' title='bbox 644 4970 670 5025; x_wconf 93' lang='lat' dir='ltr'><strong>ei</strong></span> <span class='ocrx_word' id='word_1_701' title='bbox 693 4969 721 5025; x_wconf 90' lang='lat' dir='ltr'><strong>iu</strong></span> <span class='ocrx_word' id='word_1_702' title='bbox 735 4968 795 5026; x_wconf 90' lang='lat' dir='ltr'><strong>icco</strong></span> <span class='ocrx_word' id='word_1_703' title='bbox 817 4971 1011 5043; x_wconf 84' lang='lat' dir='ltr'><strong>congregatio·</strong></span> <span class='ocrx_word' id='word_1_704' title='bbox 1065 4970 1189 5028; x_wconf 89' lang='lat' dir='ltr'><strong>remanui</strong></span> <span class='ocrx_word' id='word_1_705' title='bbox 1204 4971 1277 5044; x_wconf 86' lang='lat' dir='ltr'><strong>regis</strong></span> <span class='ocrx_word' id='word_1_706' title='bbox 1288 4971 1327 5022; x_wconf 75' lang='lat' dir='ltr'><strong>lt·</strong></span> <span class='ocrx_word' id='word_1_707' title='bbox 1341 4968 1462 5026; x_wconf 93' lang='lat' dir='ltr'><strong>multum</strong></span> <span class='ocrx_word' id='word_1_708' title='bbox 1474 4965 1617 5042; x_wconf 85' lang='lat' dir='ltr'><strong>invidens,</strong></span> <span class='ocrx_word' id='word_1_709' title='bbox 1633 4970 1777 5032; x_wconf 90' lang='lat' dir='ltr'><strong>inimicos</strong></span> <span class='ocrx_word' id='word_1_710' title='bbox 1787 4983 1877 5033; x_wconf 66' lang='lat' dir='ltr'><strong>macte</strong></span> 
     </span>
    </p>
   </div>
   <div class='ocr_carea' id='block_1_3' title="bbox 851 5096 1205 5155">
    <p class='ocr_par' dir='ltr' id='par_1_4' title="bbox 851 5096 1205 5155">
     <span class='ocr_line' id='line_1_52' title="bbox 851 5096 1205 5155; baseline -0.003 -2"><span class='ocrx_word' id='word_1_711' title='bbox 851 5097 976 5153; x_wconf 77' lang='lat' dir='ltr'><strong>VARIAE</strong></span> <span class='ocrx_word' id='word_1_712' title='bbox 995 5096 1205 5155; x_wconf 70' lang='lat' dir='ltr'><strong>ascalonus.</strong></span> 
     </span>
    </p>
   </div>
   <div class='ocr_carea' id='block_1_4' title="bbox 209 5213 1878 5435">
    <p class='ocr_par' dir='ltr' id='par_1_5' title="bbox 209 5213 1878 5435">
     <span class='ocr_line' id='line_1_53' title="bbox 247 5213 1878 5302; baseline 0.006 -31"><span class='ocrx_word' id='word_1_713' title='bbox 247 5217 286 5262; x_wconf 84' lang='grc' dir='ltr'><strong>44ο</strong></span> <span class='ocrx_word' id='word_1_714' title='bbox 302 5233 328 5289; x_wconf 87' lang='lat' dir='ltr'><strong>q.</strong></span> <span class='ocrx_word' id='word_1_715' title='bbox 347 5233 372 5274; x_wconf 89' lang='lat' dir='ltr'><strong>v.</strong></span> <span class='ocrx_word' id='word_1_716' title='bbox 391 5232 420 5273; x_wconf 90' lang='lat' dir='ltr'><strong>n.</strong></span> <span class='ocrx_word' id='word_1_717' title='bbox 436 5231 464 5288; x_wconf 88' lang='lat' dir='ltr'><strong>p.</strong></span> <span class='ocrx_word' id='word_1_718' title='bbox 488 5213 629 5301; x_wconf 72' lang='lat' dir='ltr'><strong>decanta.</strong></span> <span class='ocrx_word' id='word_1_719' title='bbox 667 5219 703 5302; x_wconf 73' lang='grc'><strong>44·</strong></span> <span class='ocrx_word' id='word_1_720' title='bbox 725 5221 779 5274; x_wconf 83' lang='lat' dir='ltr'><strong>aiio</strong></span> <span class='ocrx_word' id='word_1_721' title='bbox 803 5224 1020 5292; x_wconf 80' lang='lat' dir='ltr'><strong>temporeperpit</strong></span> <span class='ocrx_word' id='word_1_722' title='bbox 1044 5225 1067 5278; x_wconf 90' lang='lat' dir='ltr'><strong>l.</strong></span> <span class='ocrx_word' id='word_1_723' title='bbox 1104 5220 1141 5266; x_wconf 78' lang='lat'><strong>⁴⁸¹</strong></span> <span class='ocrx_word' id='word_1_724' title='bbox 1169 5237 1194 5277; x_wconf 89' lang='lat' dir='ltr'><strong>c.</strong></span> <span class='ocrx_word' id='word_1_725' title='bbox 1217 5234 1241 5277; x_wconf 90' lang='lat' dir='ltr'><strong>e.</strong></span> <span class='ocrx_word' id='word_1_726' title='bbox 1263 5221 1361 5276; x_wconf 86' lang='lat' dir='ltr'><strong>desunt</strong></span> <span class='ocrx_word' id='word_1_727' title='bbox 1378 5225 1403 5275; x_wconf 80' lang='lat' dir='ltr'><strong>t.</strong></span> <span class='ocrx_word' id='word_1_728' title='bbox 1445 5216 1481 5264; x_wconf 79' lang='lat' dir='ltr'><strong>t⁶¹</strong></span> <span class='ocrx_word' id='word_1_729' title='bbox 1504 5233 1531 5299; x_wconf 85' lang='lat' dir='ltr'><strong>p.</strong></span> <span class='ocrx_word' id='word_1_730' title='bbox 1555 5232 1597 5276; x_wconf 91' lang='lat' dir='ltr'><strong>m.</strong></span> <span class='ocrx_word' id='word_1_731' title='bbox 1619 5222 1660 5281; x_wconf 88' lang='lat' dir='ltr'><strong>G.</strong></span> <span class='ocrx_word' id='word_1_732' title='bbox 1683 5240 1715 5296; x_wconf 93' lang='lat' dir='ltr'><strong>p.</strong></span> <span class='ocrx_word' id='word_1_733' title='bbox 1743 5227 1878 5284; x_wconf 59' lang='lat' dir='ltr'><strong>donata</strong></span> 
     </span>
     <span class='ocr_line' id='line_1_54' title="bbox 210 5288 1874 5362; baseline 0.004 -17"><span class='ocrx_word' id='word_1_734' title='bbox 210 5289 437 5346; x_wconf 63' lang='lat' dir='ltr'><strong>“abiecerunt</strong></span> <span class='ocrx_word' id='word_1_735' title='bbox 451 5293 476 5344; x_wconf 80' lang='grc'><strong>2.</strong></span> <span class='ocrx_word' id='word_1_736' title='bbox 514 5288 929 5362; x_wconf 78' lang='lat' dir='ltr'><strong>⁴⁶⁵htacaitotemporeperqit</strong></span> <span class='ocrx_word' id='word_1_737' title='bbox 945 5300 968 5348; x_wconf 89' lang='lat'><strong>1.</strong></span> <span class='ocrx_word' id='word_1_738' title='bbox 987 5356 990 5361; x_wconf 50' lang='grc'><strong>,</strong></span> <span class='ocrx_word' id='word_1_739' title='bbox 1008 5291 1049 5337; x_wconf 74' lang='grc'><strong>444</strong></span> <span class='ocrx_word' id='word_1_740' title='bbox 1065 5309 1088 5350; x_wconf 91' lang='lat' dir='ltr'><strong>s.</strong></span> <span class='ocrx_word' id='word_1_741' title='bbox 1106 5300 1130 5348; x_wconf 92' lang='lat' dir='ltr'><strong>l.</strong></span> <span class='ocrx_word' id='word_1_742' title='bbox 1170 5293 1207 5344; x_wconf 76' lang='lat'><strong>⁴⁶7</strong></span> <span class='ocrx_word' id='word_1_743' title='bbox 1220 5291 1352 5348; x_wconf 80' lang='lat' dir='ltr'><strong>dhccssit.</strong></span> <span class='ocrx_word' id='word_1_744' title='bbox 1366 5292 1466 5346; x_wconf 83' lang='lat' dir='ltr'><strong>Romae</strong></span> <span class='ocrx_word' id='word_1_745' title='bbox 1480 5291 1582 5347; x_wconf 80' lang='lat' dir='ltr'><strong>vator</strong></span> <span class='ocrx_word' id='word_1_746' title='bbox 1591 5296 1620 5350; x_wconf 73' lang='lat'><strong>2.</strong></span> <span class='ocrx_word' id='word_1_747' title='bbox 1662 5299 1768 5354; x_wconf 79' lang='lat' dir='ltr'><strong>media</strong></span> <span class='ocrx_word' id='word_1_748' title='bbox 1779 5301 1874 5357; x_wconf 65' lang='lat' dir='ltr'><strong>curu.</strong></span> 
     </span>
     <span class='ocr_line' id='line_1_55' title="bbox 209 5358 1487 5435; baseline -0.001 -19"><span class='ocrx_word' id='word_1_749' title='bbox 209 5361 541 5435; x_wconf 76' lang='lat' dir='ltr'><strong>⁴⁶⁰cic&#39;ctempcreperpit</strong></span> <span class='ocrx_word' id='word_1_750' title='bbox 556 5364 581 5416; x_wconf 92' lang='lat' dir='ltr'><strong>l.</strong></span> <span class='ocrx_word' id='word_1_751' title='bbox 621 5358 778 5420; x_wconf 68' lang='lat' dir='ltr'><strong>caucasea.</strong></span> <span class='ocrx_word' id='word_1_752' title='bbox 817 5363 980 5420; x_wconf 72' lang='lat' dir='ltr'><strong>tadeeua.</strong></span> <span class='ocrx_word' id='word_1_753' title='bbox 1020 5367 1058 5416; x_wconf 78' lang='lat'><strong>⁴⁷¹</strong></span> <span class='ocrx_word' id='word_1_754' title='bbox 1073 5365 1135 5422; x_wconf 85' lang='lat' dir='ltr'><strong>ds.</strong></span> <span class='ocrx_word' id='word_1_755' title='bbox 1151 5365 1287 5421; x_wconf 68' lang='lat' dir='ltr'><strong>descath.</strong></span> <span class='ocrx_word' id='word_1_756' title='bbox 1325 5361 1487 5418; x_wconf 78' lang='lat' dir='ltr'><strong>n¹coeeta</strong></span> 
     </span>
    </p>
   </div>
   <div class='ocr_carea' id='block_1_5' title="bbox 975 5491 1092 5550">
    <p class='ocr_par' dir='ltr' id='par_1_6' title="bbox 975 5491 1092 5550">
     <span class='ocr_line' id='line_1_56' title="bbox 975 5491 1092 5550; baseline 0.017 -4"><span class='ocrx_word' id='word_1_757' title='bbox 975 5491 1092 5550; x_wconf 79' lang='lat' dir='ltr'><strong>NOTAE.</strong></span> 
     </span>
    </p>
   </div>
   <div class='ocr_carea' id='block_1_6' title="bbox 116 5597 1925 5887">
    <p class='ocr_par' dir='ltr' id='par_1_7' title="bbox 116 5597 1925 5887">
     <span class='ocr_line' id='line_1_57' title="bbox 244 5597 1875 5690; baseline -0.001 -30"><span class='ocrx_word' id='word_1_758' title='bbox 244 5605 423 5690; x_wconf 57' lang='grc' dir='ltr'><strong>(ιθξτμιρᾳ</strong></span> <span class='ocrx_word' id='word_1_759' title='bbox 441 5603 574 5661; x_wconf 70' lang='lat' dir='ltr'><strong>omentis</strong></span> <span class='ocrx_word' id='word_1_760' title='bbox 596 5603 701 5687; x_wconf 66' lang='lat' dir='ltr'><strong>chron.</strong></span> <span class='ocrx_word' id='word_1_761' title='bbox 723 5602 864 5673; x_wconf 78' lang='lat' dir='ltr'><strong>casalli,</strong></span> <span class='ocrx_word' id='word_1_762' title='bbox 878 5620 903 5660; x_wconf 93' lang='lat' dir='ltr'><strong>e.</strong></span> <span class='ocrx_word' id='word_1_763' title='bbox 924 5603 1006 5690; x_wconf 58' lang='grc' dir='ltr'><strong>ως·</strong></span> <span class='ocrx_word' id='word_1_764' title='bbox 1059 5615 1113 5674; x_wconf 88' lang='lat' dir='ltr'><strong>ter,</strong></span> <span class='ocrx_word' id='word_1_765' title='bbox 1143 5605 1171 5660; x_wconf 94' lang='lat' dir='ltr'><strong>in</strong></span> <span class='ocrx_word' id='word_1_766' title='bbox 1203 5601 1367 5685; x_wconf 83' lang='lat' dir='ltr'><strong>Mcguntiao</strong></span> <span class='ocrx_word' id='word_1_767' title='bbox 1399 5597 1635 5688; x_wconf 72' lang='lat' dir='ltr'><strong>coneiliahuioa.</strong></span> <span class='ocrx_word' id='word_1_768' title='bbox 1675 5611 1768 5678; x_wconf 77' lang='lat'><strong>¹⁰8⁵,</strong></span> <span class='ocrx_word' id='word_1_769' title='bbox 1792 5616 1875 5667; x_wconf 70' lang='lat' dir='ltr'><strong>eomer</strong></span> 
     </span>
     <span class='ocr_line' id='line_1_58' title="bbox 116 5669 1925 5812; baseline -0.002 -79"><span class='ocrx_word' id='word_1_770' title='bbox 116 5726 137 5784; x_wconf 49' lang='grc' dir='ltr'>ι</span> <span class='ocrx_word' id='word_1_771' title='bbox 207 5683 286 5802; x_wconf 47' lang='lat' dir='ltr'><strong>ciffi</strong></span> <span class='ocrx_word' id='word_1_772' title='bbox 295 5674 573 5803; x_wconf 56' lang='lat' dir='ltr'><strong>{dsgcrsbrtvnldus</strong></span> <span class='ocrx_word' id='word_1_773' title='bbox 587 5677 1005 5748; x_wconf 77' lang='lat' dir='ltr'><strong>m11,quaetumerat1&gt;0m1·</strong></span> <span class='ocrx_word' id='word_1_774' title='bbox 1062 5679 1253 5807; x_wconf 45' lang='lat' dir='ltr'><strong>mmlx]</strong></span> <span class='ocrx_word' id='word_1_775' title='bbox 1255 5680 1407 5801; x_wconf 40' lang='grc' dir='ltr'><strong>1ιιιιιιῑηιιιρεέιῑεθη</strong></span> <span class='ocrx_word' id='word_1_776' title='bbox 1407 5669 1488 5812; x_wconf 48' lang='lat' dir='ltr'><strong>gage</strong></span> <span class='ocrx_word' id='word_1_777' title='bbox 1484 5670 1577 5798; x_wconf 45' lang='lat' dir='ltr'><strong>tw</strong></span> <span class='ocrx_word' id='word_1_778' title='bbox 1606 5690 1668 5804; x_wconf 56' lang='lat' dir='ltr'><strong>:m</strong></span> <span class='ocrx_word' id='word_1_779' title='bbox 1690 5679 1873 5739; x_wconf 64' lang='lat' dir='ltr'><strong>dudumque</strong></span> <span class='ocrx_word' id='word_1_780' title='bbox 1923 5764 1925 5769; x_wconf 21' lang='grc' dir='ltr'>Ι</span> 
     </span>
     <span class='ocr_line' id='line_1_59' title="bbox 208 5762 1648 5887; baseline -0.004 -15"><span class='ocrx_word' id='word_1_781' title='bbox 208 5762 253 5883; x_wconf 76' lang='lat' dir='ltr'><strong>nl</strong></span> <span class='ocrx_word' id='word_1_782' title='bbox 260 5821 344 5887; x_wconf 77' lang='lat'><em>1³58)</em></span> <span class='ocrx_word' id='word_1_783' title='bbox 357 5821 544 5886; x_wconf 77' lang='lat' dir='ltr'><strong>dermannus,</strong></span> <span class='ocrx_word' id='word_1_784' title='bbox 563 5817 683 5875; x_wconf 86' lang='lat' dir='ltr'><strong>Luitoldi</strong></span> <span class='ocrx_word' id='word_1_785' title='bbox 698 5820 844 5878; x_wconf 62' lang='lat' dir='ltr'><strong>&amp;techni</strong></span> <span class='ocrx_word' id='word_1_786' title='bbox 856 5818 935 5881; x_wconf 89' lang='lat' dir='ltr'><strong>ducis</strong></span> <span class='ocrx_word' id='word_1_787' title='bbox 956 5819 1009 5876; x_wconf 89' lang='lat' dir='ltr'><strong>fra·</strong></span> <span class='ocrx_word' id='word_1_788' title='bbox 1096 5822 1199 5884; x_wconf 75' lang='lat'>(1359)</span> <span class='ocrx_word' id='word_1_789' title='bbox 1218 5816 1325 5874; x_wconf 81' lang='lat' dir='ltr'><strong>blisniac</strong></span> <span class='ocrx_word' id='word_1_790' title='bbox 1338 5812 1459 5872; x_wconf 88' lang='lat' dir='ltr'><strong>marchio</strong></span> <span class='ocrx_word' id='word_1_791' title='bbox 1471 5814 1537 5870; x_wconf 88' lang='lat' dir='ltr'><strong>Uss.</strong></span> <span class='ocrx_word' id='word_1_792' title='bbox 1639 5790 1648 5804; x_wconf 62' lang='lat'>⁸</span> 
     </span>
    </p>
   </div>
   <div class='ocr_carea' id='block_1_7' title="bbox 0 0 1948 6164">
    <p class='ocr_par' dir='ltr' id='par_1_8' title="bbox 0 0 1948 6164">
     <span class='ocr_line' id='line_1_60' title="bbox 0 0 1948 6164; baseline 0 0"><span class='ocrx_word' id='word_1_793' title='bbox 0 0 1948 6164; x_wconf 95' lang='lat' dir='ltr'><strong> </strong></span> 
     </span>
    </p>
   </div>
  </div>
 </body>
</html>
