3884 6158
223 224 286 289 :rm
712 288 716 295 ,
787 228 800 245 2
847 213 877 272 a.
896 210 1088 273 aanmams
1105 212 1152 271 vn
1169 212 1269 273 euax.
1303 236 1306 241 ·
1821 214 1881 271 aas

236 340 343 425 absque
365 348 553 408 Ecclesiastico
576 342 781 413 communione,
803 341 887 400 uitam
908 341 991 400 simol
1005 348 1032 398 ct
1044 346 1072 411 Α
1085 341 1173 400 voluit
1186 341 1253 400 fieri.
1270 340 1410 400 chrioos
1428 348 1536 411 sutem,
1547 347 1701 412 armumque
1715 335 1816 412 potuit,
1829 338 1885 397 im-

237 445 444 519 Episcopctum.
467 443 536 500 heut
558 437 748 496 miserabiliter
761 436 898 505 deposuit,
913 452 967 510 quo
986 435 1031 493 illc
1085 436 1176 512 pedire
1189 454 1247 495 noo
1261 437 1385 494 emacuit.
1400 439 1473 493 Nem
1490 444 1588 493 eontra
1602 433 1790 507 Apostolicum
1808 447 1883 506 pras·

238 542 342 615 Papam
355 537 456 596 nefaria
479 533 693 608 presumptione
702 529 796 588 statuit
809 531 956 605 deponere.
970 533 1030 587 Non
1084 541 1206 606 ceptum,
1216 532 1336 589 maxima
1348 530 1525 588 multitudine
1539 528 1739 604 flagitiosorum
1751 527 1881 597 adunato,

234 636 322 692 molto
335 640 397 706 post
411 629 551 687 interitum
565 628 648 695 (122⁸)
664 624 812 684 Praefectus
830 629 963 683 Romanae
980 627 1032 683 Ur·
1084 628 1256 701 procinctum
1281 628 1310 683 in
1328 626 1476 683 saxoniam
1492 626 1616 698 paravit:
1631 624 1676 680 coi
1694 627 1752 681 Rex
1775 622 1882 679 Rudol-

235 728 288 796 bis,
304 724 458 782 indefessos
473 722 553 779 miles
572 724 601 779 S.
619 721 691 779 Petri
706 729 803 777 contra
828 718 1029 787 schismaticos,
1085 721 1155 794 pbus
1178 720 1250 794 apud
1265 722 1391 777 struvam
1425 736 1488 777 cum
1504 719 1623 776 exercitu
1649 717 1778 787 obviavit,
1793 726 1821 774 et
1833 717 1881 776 illc

235 818 381 894 aquodam
405 817 511 875 fautore
527 816 636 873 chrici
657 816 803 873 crudeliter
822 814 953 871 occiditur
973 812 1031 870 :ad
1086 813 1177 885 fugato
1197 816 1254 887 ipse
1268 831 1396 888 campum
1413 814 1535 870 victoriae
1554 813 1672 870 obtinuit
1692 819 1718 868 t.
1738 812 1805 869 Idus
1823 817 1881 868 Au·

236 914 314 987 cujus
339 928 438 986 corpus
463 912 490 967 io
517 927 599 983 parvo
620 919 746 984 tempore
774 910 918 983 piusquam
938 907 1030 980 viginti
1085 911 1167 984 gusti.
1180 910 1316 968 Occubuit
1340 918 1434 966 umen
1460 909 1495 964 ibi
1521 917 1640 980 exparte
1654 907 1794 980 Rudolpbi
1809 912 1881 975 (111)

233 1006 365 1065 miracula
379 1007 564 1080 contigerunt,
578 1014 608 1062 ut
628 1005 748 1062 fidelium
765 1004 885 1060 virorum
899 1001 1031 1058 relatione
1085 1007 1179 1060 Wecel
1207 1004 1364 1061 uenerabilis
1394 1002 1637 1076 magdeburgensis
1670 1002 1830 1074 Episcopus,
1856 1009 1884 1057 et

236 1100 391 1159 didicimus.
414 1100 532 1157 imbrico
556 1100 629 1173 (123)
658 1100 840 1172 Augustcnsis
867 1097 1030 1169 Episcopus,
1086 1099 1297 1156 wormatiensis
1326 1099 1474 1171 Episcopus
1488 1098 1575 1169 (121)
1592 1106 1686 1168 captus
1706 1103 1757 1153 est.
1773 1094 1882 1152 infinita

234 1197 280 1269 qui
304 1196 332 1251 iu
344 1195 484 1267 praeterito
496 1193 598 1250 Pascha
616 1193 766 1267 liudolpho
788 1192 857 1264 Regi
873 1191 1030 1247 fidelitatem
1085 1202 1176 1250 autem
1199 1193 1348 1250 multitudo
1369 1195 1506 1265 utrimque
1527 1190 1663 1261 occubuit,
1682 1191 1880 1263 plurcstameu

231 1289 344 1363 juravit,
366 1289 402 1347 nil
420 1290 452 1347 de
466 1289 584 1362 perjurio
598 1303 709 1356 curans,
735 1286 854 1344 Heririeo
877 1283 1032 1342 aduenienti
1086 1296 1113 1344 et
1127 1288 1333 1344 excellentiores
1346 1303 1377 1344 ex
1393 1298 1468 1358 parte
1489 1286 1607 1342 Henriei.
1624 1286 1808 1342 Factoautem
1827 1284 1882 1343 alio

232 1382 348 1441 adhaesit
362 1401 369 1440 :
382 1392 410 1439 ct
422 1384 496 1456 apud
510 1384 584 1439 illam
599 1385 719 1456 quadam
734 1382 778 1439 die
791 1381 904 1440 Missam
920 1379 1030 1446 iaciens,
1086 1383 1206 1439 Concilio
1221 1385 1319 1439 Romae
1342 1389 1373 1438 10
1386 1381 1525 1438 Kalendas
1540 1379 1712 1447 Decembris,
1739 1378 1881 1452 utriusque

233 1477 304 1534 hanc
315 1477 365 1535 sibi
379 1478 563 1535 conditionem
574 1477 659 1534 miser
669 1476 811 1549 imposuit,
821 1487 940 1532 utsucrae
952 1473 1030 1531 ubtu-
1086 1477 1170 1548 Regis
1190 1478 1295 1550 Legati,
1311 1478 1374 1533 licet
1392 1493 1448 1532 noo
1474 1477 1571 1532 eadem
1593 1475 1716 1546 ueritate,
1730 1475 1760 1530 in
1772 1473 1882 1547 syuodo

126 1582 134 1595 “
233 1573 318 1629 tionis
329 1574 469 1653 perceptio
485 1573 514 1628 iu
524 1571 657 1646 judicium
676 1571 700 1628 ei
716 1569 883 1644 proveniret,
899 1570 921 1626 si
933 1568 1030 1625 Doroi·
1082 1572 1209 1644 juravere
1249 1572 1324 1643 quod
1362 1571 1475 1626 Domini
1501 1586 1599 1627 eorum
1630 1586 1686 1626 ooo
1720 1567 1884 1640 impedirent

231 1683 284 1725 uus
308 1667 523 1745 ejusblicnricus
537 1670 667 1740 Regnum
682 1666 732 1722 sibi
752 1665 852 1739 injuste
874 1672 1027 1734 usurparet.
1085 1665 1254 1738 colloquium
1270 1681 1319 1737 pro
1339 1681 1421 1721 causa
1438 1665 1527 1738 Regni
1550 1664 1739 1720 emerendum.
1755 1662 1839 1734 Unde
1856 1671 1884 1720 et

232 1766 300 1837 qut
319 1760 391 1818 hauc
410 1762 584 1819 temerariam
611 1761 827 1833 perceptionem,
846 1774 929 1830 parvo
957 1757 1030 1831 qood
1048 1725 1071 1788 Β
1086 1764 1157 1832 Papa
1173 1760 1277 1817 carice
1288 1759 1359 1816 iuter
1372 1776 1418 1816 eos
1438 1759 1563 1830 judicare
1574 1774 1631 1815 non
1643 1757 1742 1831 potuit,
1759 1759 1882 1829 quamuis

231 1852 521 1929 adprevixittempore
539 1872 626 1928 usque
649 1855 683 1911 nd
698 1865 987 1925 mortem,nunquam
1003 1867 1032 1908 se
1087 1856 1156 1911 berre
1182 1856 1264 1911 sciret
1288 1853 1330 1910 cui
1363 1855 1431 1925 parti
1459 1853 1544 1927 magis
1567 1852 1674 1926 justitia
1710 1852 1821 1909 inseret.
1851 1854 1883 1909 in

231 1966 332 2008 sanum
347 1950 383 2007 de
398 1951 468 2008 lecto
482 1949 586 2006 levavit
608 1953 680 2005 Nam
705 1948 777 2006 circa
800 1947 942 2004 Kalendas
955 1945 1031 2012 lolii,
1086 1948 1198 2022 synodo
1217 1950 1269 2005 isto
1294 1948 1472 2021 berengarius
1492 1946 1693 2019 studegavensis
1718 1945 1882 2013 ementem,

231 2045 334 2117 absque
358 2043 549 2101 Ecclesiastico
582 2043 778 2101 commuuione
801 2042 946 2098 defunctus
980 2048 1029 2098 cst.
1087 2053 1118 2102 ot
1137 2042 1172 2099 ab
1189 2043 1285 2099 haeresi
1310 2059 1359 2100 sua
1373 2042 1553 2113 resipisceret,
1568 2040 1743 2114 synodaliter,
1757 2040 1884 2097 coutem-

233 2141 303 2196 ltem
325 2136 490 2210 sigehardus
504 2137 603 2211 (its),
628 2135 809 2211 Aquileiensis
824 2134 993 2204 Patriacum,
1005 2135 1032 2189 in
1087 2147 1141 2207 tur,
1153 2138 1232 2212 eique
1245 2135 1462 2211 indoctamque
1475 2136 1511 2193 ad
1523 2135 1647 2209 proxime
1659 2135 1781 2193 futuram
1795 2137 1883 2208 Syno-

221 2233 368 2291 .nuxilium
380 2233 501 2290 Henrico
513 2240 607 2289 contra
624 2232 749 2289 bannum
762 2229 913 2303 Apostotiei
928 2236 1032 2286 armata
1086 2231 1271 2290 tundamur.

234 2343 320 2386 mauu
335 2326 443 2385 veniens
457 2327 487 2385 iu
501 2327 652 2384 amentiam
675 2327 791 2382 vertitur
809 2323 882 2396 apud
898 2323 1033 2397 Ratispo-
1124 2334 1167 2383 tt.
1183 2334 1261 2384 Anno
1278 2332 1357 2384 1070.
1378 2325 1528 2397 Gregorius
1543 2328 1614 2398 Papa
1629 2323 1772 2398 synodum
1783 2327 1884 2382 Romae

235 2437 312 2488 nam,
323 2430 352 2479 et
365 2437 398 2479 ex
413 2421 472 2494 ipsu
485 2422 581 2479 itinere
593 2421 734 2494 repentina
743 2428 833 2476 morte
845 2417 1031 2490 intercipitur:
1087 2436 1181 2477 uaeose
1195 2420 1345 2491 Februario
1358 2421 1465 2494 collegit
1481 2439 1488 2478 z
1504 2420 1531 2476 iu
1550 2436 1603 2492 qua
1617 2417 1807 2492 Bercngarios,
1822 2420 1883 2492 jam

232 2516 325 2588 sicque
338 2516 465 2585 domum,
490 2532 548 2574 nou
566 2516 670 2588 absque
697 2514 832 2587 aliquibus
855 2511 1008 2570 scotomi
1025 2542 1034 2552 ·
1087 2517 1167 2572 tertio
1187 2518 1337 2584 convictus,
1366 2515 1493 2572 laaeresim
1512 2529 1591 2572 suam
1604 2514 1740 2587 abjuravit
1765 2522 1793 2570 et
1815 2530 1881 2571 ana·

232 2611 357 2680 neribus,
381 2610 409 2668 in
430 2626 545 2685 corpore
573 2618 602 2667 et
637 2609 731 2669 anima
773 2616 913 2679 mortuns,
945 2623 1033 2679 repor·
1086 2609 1285 2667 theoretizavit.
1300 2610 1440 2666 loendem
1460 2607 1885 2683 Syncdcflenricusdquileicu·

230 2704 350 2763 obomo
831 2724 834 2729 ·
1086 2706 1125 2763 sis
1140 2705 1295 2763 Patnarcba
1309 2706 1390 2776 Paper
1402 2705 1505 2777 juravit
1525 2705 1595 2761 nulli
1608 2719 1638 2761 se
1660 2701 1789 2774 deinceps
1802 2718 1884 2760 com-

267 2805 295 2856 9.
310 2801 383 2872 Papa
397 2799 507 2873 utrique
519 2800 588 2872 Regi
603 2813 636 2855 ex
651 2807 729 2871 parte
743 2800 771 2856 S.
797 2798 870 2854 Petri
888 2797 1029 2870 precepit,
1087 2800 1292 2858 medicatorum
1312 2816 1397 2874 quern
1419 2800 1503 2856 sciret
1524 2815 1540 2856 a
1566 2802 1638 2870 Papa
1660 2797 1881 2855 excummunica-

232 2902 265 2951 ut
275 2901 384 2968 treugas
399 2893 433 2951 ad
450 2893 566 2951 invicem
591 2891 723 2961 iacerent,
743 2891 779 2949 ad
802 2891 951 2948 adventum
975 2891 1033 2964 ejus
1087 2904 1158 2953 tum.
1185 2900 1217 2951 lu
1233 2894 1285 2952 bac
1298 2893 1409 2968 synodo
1424 2897 1495 2967 Papa
1507 2893 1693 2966 Presbyteros,
1711 2892 1838 2964 deinceps
1853 2892 1883 2950 iu

232 2986 268 3048 sd
284 2987 448 3045 Teutonicas
468 2983 784 3060 partesprodirimenda
798 2983 843 3041 lite
863 3001 921 3041 non
944 2985 1032 3056 impe·
1087 2989 1296 3046 t'ornicationcm
1321 2989 1422 3060 lapsos,
1458 2988 1560 3062 absque
1593 3003 1641 3060 spe
1670 2986 1884 3059 recuperationis

234 3081 333 3171 digent,
355 3082 403 3139 scd
418 3080 542 3137 debitum
568 3079 714 3136 consilium
729 3088 757 3135 et
768 3078 905 3134 auxilium
929 3078 964 3134 ad
979 3077 1032 3135 boc
1049 3098 1071 3162 C
1087 3082 1232 3155 deposuit.
1256 3123 1265 3139 .
1290 3124 1297 3137 .
1319 3082 1434 3156 ‚Legati
1446 3083 1530 3155 Regis
1551 3081 1882 3154 Rudolphisoperilenri-

188 3196 197 3222 ι
234 3176 287 3232 iter
298 3176 324 3231 ei
337 3175 501 3247 preberent.
513 3173 727 3246 Legatisautcm
742 3172 810 3241 suis,
832 3171 878 3244 qui
897 3170 988 3228 aditus
1005 3172 1032 3227 in
1086 3194 1151 3235 cum
1169 3177 1416 3249 proclamaverunt,
1435 3193 1468 3234 eo
1482 3177 1557 3249 quod
1573 3184 1662 3234 totum
1673 3179 1800 3251 Regnum
1810 3191 1880 3235 con·

233 3267 393 3325 Teutonicis
416 3267 539 3340 partibus
569 3267 763 3336 morabantur,
790 3265 932 3339 pracepit,
957 3274 1031 3322 utex
1088 3270 1211 3339 iundcrc,
1233 3279 1395 3328 etsanetam
1408 3272 1562 3329 Ecclesiam
1575 3272 1807 3337 conculcareoon
1826 3285 1881 3327 ecs

233 3361 341 3420 duobos
359 3361 481 3435 Regibus
504 3361 582 3420 illum
601 3361 886 3430 excommunicarent,
901 3361 946 3434 qui
965 3376 1032 3434 prm
1086 3375 1169 3423 seret.
1196 3369 1301 3423 lterum
1315 3381 1380 3439 ergo
1404 3370 1477 3440 Papa
1490 3369 1610 3439 Legatos
1628 3381 1705 3436 suos,
1733 3379 1784 3436 pro
1800 3380 1884 3423 caum

232 3456 314 3515 diciae
327 3457 456 3530 legationi
479 3473 534 3516 11011
558 3456 694 3528 obedireti3
717 3455 890 3514 obedientem
916 3472 979 3512 vero
1000 3471 1033 3511 ex
1087 3461 1175 3534 Regni
1200 3460 1418 3528 determinanda,
1437 3444 1471 3518 ad
1485 3460 1650 3518 Teutonicas
1663 3469 1756 3534 partes
1766 3458 1883 3517 destina·

234 3560 311 3624 parte
331 3553 360 3609 S.
382 3552 456 3609 Petri
468 3552 601 3624 iuRegno
614 3551 810 3608 confirmarent
833 3550 929 3622 :quod
940 3558 968 3608 et
977 3566 1033 3608 nun
1086 3555 1134 3622 vit,
1149 3555 1272 3613 videlieet
1291 3555 1471 3612 uenerabilem
1487 3558 1598 3612 Petrum
1612 3555 1796 3613 bibonensem
1816 3554 1901 3626 apt.

231 3646 323 3703 multo
337 3653 399 3717 post
413 3645 516 3702 iactum
536 3654 588 3713 cst,
603 3645 708 3702 scilicet
722 3645 750 3701 in
770 3644 815 3702 die
834 3645 958 3718 sequenti
972 3653 1034 3718 pest
1086 3667 1200 3722 scopum
1223 3691 1231 3708 .
1252 3693 1261 3709 .
1283 3695 1289 3708 .
1313 3695 1320 3707 .
1339 3667 1402 3708 eum
1418 3665 1473 3723 quo
1489 3650 1633 3707 Udalricus
1647 3651 1795 3707 Padoauus
1809 3650 1884 3722 Epis·

233 3737 410 3795 festivitatem
424 3740 453 3794 S.
470 3738 583 3808 hiemini
595 3737 720 3807 Gosinre,
736 3738 857 3796 Heorico
873 3754 923 3813 pro
939 3739 1032 3796 inohe·
1087 3759 1171 3816 copus
1180 3744 1207 3801 in
1222 3744 1385 3818 legationem
1398 3743 1560 3801 destinator.
1573 3746 1691 3818 Legatos
1699 3754 1793 3802 autem
1806 3746 1881 3801 iten-

233 3830 337 3889 dientia
352 3831 453 3888 iterum
469 3833 722 3900 excommunicato,
744 3832 891 3905 liudolpho
904 3850 952 3904 pro
965 3833 1031 3891 obc-
1087 3840 1136 3896 rici
1160 3842 1276 3912 Legatos
1299 3842 1390 3910 Papo,
1406 3839 1567 3912 priusquam
1589 3838 1707 3905 abirent,
1737 3839 1766 3896 in
1786 3838 1882 3897 eadem

232 3923 334 3983 dieutia
355 3925 384 3983 io
400 3929 532 3999 Regnum
546 3927 703 3984 sublimato.
726 3929 796 3983 Naro
811 3927 947 3984 Henricus
967 3940 1033 3999 prae·
1085 3933 1197 4007 synodo
1227 3934 1405 4007 iureiurando
1437 3950 1550 3991 sectatos
1583 3932 1647 3990 [ecit
1671 3934 1707 3990 dc
1744 3933 1881 3990 conducto

128 4088 133 4097 ¹
232 4019 339 4079 dictam
357 4018 521 4093 legationem
535 4023 616 4093 Papae
625 4036 677 4078 uec
688 4021 823 4093 suscipere
835 4021 962 4094 dignatus
979 4031 1031 4093 cst,
1086 4036 1116 4085 et
1138 4028 1293 4089 obedientia
1311 4028 1424 4086 Domini
1443 4027 1585 4086 cubitem
1606 4030 1727 4101 Legatos
1745 4026 1883 4099 Rudolphi

124 4121 130 4133 ·
232 4114 886 4188 ueceoimomadtreugaecompositionem,sed
899 4116 1032 4190 adtyrau·
1086 4123 1121 4180 do
1144 4122 1299 4181 obedientia
1323 4122 1435 4180 Domini
1461 4122 1503 4180 sui
1527 4120 1882 4196 juraritinsyuodo.1e·

231 4207 307 4265 nidis
324 4206 516 4266 crudelitatem
533 4208 660 4268 intendit.
1086 4217 1142 4291 gati
1158 4233 1223 4290 ergo
1247 4216 1323 4274 sedis
1343 4217 1511 4290 Apostolicae
1535 4217 1562 4272 in
1577 4217 1755 4274 Teutonicam
1777 4224 1882 4275 terram

268 4308 313 4360 td.
328 4304 408 4360 huno
421 4308 502 4361 1018.
519 4302 653 4361 chucos
668 4303 771 4363 iterum
787 4303 953 4378 spostolicae
967 4305 1031 4365 sedi
1086 4312 1295 4383 pervenientes,
1330 4309 1514 4369 obedientiam
1551 4309 1689 4383 Rndclpbi
1726 4318 1753 4367 ct
1788 4310 1883 4369 tuobe

230 4395 267 4457 de
289 4413 351 4467 sue,
376 4398 453 4472 quasi
486 4398 598 4473 injusta,
623 4398 800 4457 damnatione
823 4402 1027 4475 conqueritur:
1084 4403 1216 4463 dientiam
1230 4404 1345 4463 Henrici
1365 4405 1555 4464 indubitanter
1574 4406 1757 4480 probaverunt
1777 4403 1883 4477 equod

230 4493 304 4552 nude
322 4492 472 4566 Gregorius
486 4496 571 4566 Papa,
585 4491 660 4550 iacto
675 4495 799 4553 Concilio
814 4511 908 4553 meuse
930 4497 1031 4554 Martio
1045 4488 1071 4550 D
1084 4509 1113 4556 et
1127 4507 1233 4572 postea,
1248 4516 1313 4558 eum
1332 4500 1464 4565 redirent,
1483 4503 1563 4573 Papae
1581 4500 1640 4558 viva
1653 4515 1720 4559 voco
1740 4497 1882 4573 protestati

232 4586 270 4659 (io
284 4602 339 4659 quo
352 4586 474 4645 Concilio
489 4586 562 4645 iacta
575 4595 617 4645 est
628 4589 750 4660 exceptio
772 4589 956 4662 quarumdem
970 4607 1031 4663 per·
1085 4602 1157 4651 sunt.

229 4695 360 4737 sonarum
375 4680 409 4737 dc
426 4682 590 4739 Rauriciana
613 4683 910 4752 excommunicatione,
925 4693 954 4742 et
977 4686 1030 4741 hoc
1122 4694 1165 4745 12.
1178 4691 1260 4745 Anno
1277 4695 1354 4758 1080,
1372 4689 1522 4764 Gregorius
1537 4692 1607 4762 Papa
1622 4688 1764 4762 synodum
1782 4690 1882 4745 Romae

229 4773 324 4847 utiquc
335 4773 371 4831 ad
392 4784 519 4847 tempos3
539 4777 568 4833 id
585 4785 637 4845 est,
653 4794 782 4849 uxorum,
795 4779 924 4850 liliorum,
935 4796 1028 4837 serso·
1084 4799 1179 4841 mense
1195 4785 1294 4842 Martio
1308 4786 1428 4858 collegit,
1441 4783 1477 4842 ad
1490 4801 1574 4857 quam
1588 4766 1747 4842 Teutonicis
1757 4782 1883 4854 partibus

229 4869 583 4942 mm,etreliquorum,qni
605 4875 902 4943 nanscienter,saltem
923 4891 979 4932 oon
995 4875 1028 4930 li·
1084 4878 1224 4950 praedictae
1249 4879 1326 4937 Sedis
1350 4879 1516 4952 Apostolicae
1540 4878 1636 4951 Legati
1675 4877 1825 4943 redieruut,
1854 4884 1883 4933 et

229 4961 329 5027 bento
342 4963 591 5021 excommunicatis
605 4966 767 5039 sociantur),
779 4967 892 5025 idoneos
912 4971 1029 5040 Legatos
1084 4971 1275 5028 onmimodam
1307 4973 1443 5044 Rudolphi
1462 4972 1646 5029 obedientiam
1663 4980 1692 5028 et
1714 4969 1829 5029 hienrici
1848 4971 1885 5027 in-

229 5055 647 5131 iteromdestinaait,qoi,iacto
660 5061 779 5134 generali
792 5063 946 5134 colloquio,
960 5078 1023 5119 cao·
1083 5066 1270 5123 obedientiam
1303 5067 1422 5123 Dounion
1454 5067 1609 5138 Apostolico
1632 5065 1881 5124 renuntiaverunt:

229 5164 289 5207 sam
307 5151 398 5224 Regni
409 5152 484 5226 juste
501 5154 711 5212 determinarent
729 5172 737 5211 r
753 5163 780 5212 et
793 5170 889 5219 omncs
903 5156 1026 5227 synodali
1083 5159 1155 5217 unde
1170 5159 1229 5233 ipse
1240 5160 1269 5216 in
1281 5160 1338 5216 iioc
1348 5159 1452 5233 synodi
1465 5158 1763 5232 Henricomdeposoit,
1777 5159 1881 5231 ipsum·

118 5284 133 5295 ..
228 5247 365 5302 sententia
395 5246 546 5317 damnarit,
584 5248 753 5322 quicumque
792 5249 958 5324 impedirent
992 5267 1027 5308 ne
1081 5268 1215 5326 quocum
1234 5254 1365 5311 omnibus
1385 5255 1443 5312 suis
1461 5252 1879 5320 fautoribnseuatbcmatiaasit,

228 5339 405 5413 colloquium
428 5340 516 5401 floret.
548 5342 629 5414 Quod
658 5342 823 5415 Rudolphos
848 5344 1027 5403 libentissime
1082 5354 1111 5403 et
1144 5347 1325 5421 Rudolphom
1353 5349 1511 5422 Apostolicn
1551 5348 1715 5406 auctoritate
1743 5347 1772 5405 in
1805 5347 1882 5420 regia

254 5523 351 5610 ,imi
362 5526 448 5587 Paulo
462 5542 572 5584 numer.
596 5529 765 5595 radiosus,
782 5529 866 5585 Petro
883 5530 1024 5599 Damiani,
1117 5533 1205 5599 (tas)
1219 5534 1394 5603 saleardus,
1404 5532 1521 5608 Ughello
1530 5532 1675 5603 Sipiorolos
1682 5547 1731 5591 eeu
1743 5532 1880 5603 scaptiae·

227 5597 362 5655 Gtotluus.
705 5671 711 5682 .
778 5671 784 5683 1
1081 5603 1142 5671 dus,
1158 5605 1316 5669 Gomara,
1339 5603 1575 5679 praeioitabauno
1591 5604 1707 5661 rossad
1723 5610 1803 5661 1071.

206 5720 211 5731 .
263 5674 336 5752 (itti
362 5671 478 5733 imbrico
505 5674 638 5743 Augusto
678 5669 883 5730 Vrodehcorom
917 5683 1025 5731 creatus
1112 5678 1188 5744 (124)
1218 5679 1321 5746 wecel,
1348 5678 1376 5734 in
1396 5677 1559 5751 ptiorcvitn
1583 5677 1771 5735 werinharius
1795 5674 1875 5747 capit

224 5738 378 5815 Episcopus
403 5742 438 5799 ab
461 5743 582 5801 ilenrico
597 5745 647 5813 tv,
668 5759 741 5800 anno
757 5748 838 5813 1064,
863 5752 1024 5803 mortuuss
1080 5753 1195 5817 1²,not
1213 5753 1245 5804 st
1900 5762 1903 5767 ·

225 5815 345 5905 Augusti
360 5829 433 5874 auno
454 5820 521 5874 11177
532 5831 548 5875 e
559 5814 694 5875 Broschio
708 5815 776 5875 satis
796 5815 932 5877 laudatus.
1114 5820 1202 5891 (124⁸)
1217 5818 1432 5914 xaedelberhtus
1443 5832 1497 5895 quo
1511 5820 1615 5883 ibium
1627 5829 1735 5882 amona.
1753 5832 1776 5881 Ψ
