3870 6164
136 280 189 333 aar
492 269 522 325 s.
541 228 703 326 casuum
721 267 768 325 ιιι
785 265 860 324 oea.
881 266 967 325 euos
985 266 1030 324 tu.
1050 264 1262 323 -ooucuu
1279 264 1434 323 aouaua
1737 268 1783 323 res

136 408 219 475 gatair
235 394 420 455 continentia?
444 396 550 467 ltempe
572 395 596 451 si
616 393 765 467 Apostolus
779 391 823 449 bis
844 392 928 449 etiam
944 391 1152 461 Afemiuarum
1165 390 1303 447 consortis
1318 390 1423 447 licere:
1447 397 1476 446 et
1490 388 1545 447 hoc
1564 387 1632 447 ideo
1645 396 1712 446 uta
1730 402 1781 447 nis

137 492 324 553 sacerdotibus
336 490 474 547 carnalem
484 489 612 562 copulam
622 486 799 556 concederet,
811 486 933 560 prolecto
982 485 1091 560 juribus
1094 526 1148 542 .....
1164 486 1229 557 quia
1242 484 1378 556 scriptum
1392 492 1435 540 est
1448 504 1457 541 z
1469 488 1507 543 st
1519 486 1603 541 erum
1624 484 1687 539 illle
1704 486 1782 541 osus

136 587 289 647 contrarius
301 584 353 643 sihi
365 594 447 653 esset,
462 583 509 657 qui
519 583 556 640 ad
568 584 664 640 Titum
678 582 801 639 scribens
812 580 934 654 precipit
987 581 1223 645 commuuiohlct.
1240 579 1287 651 ιι),
1301 579 1450 652 interquae
1469 578 1608 636 Nicolaus
1630 578 1781 635 numanus

138 691 169 739 ut
187 679 346 738 sacerdotes
365 678 465 747 sobril,
486 677 741 750 justisimisque
760 677 935 733 continentes
989 682 1016 730 et
1031 672 1170 746 coniugia.
1188 673 1265 729 Sicut
1280 687 1347 745 ergo
1362 672 1407 729 ille
1427 672 1616 746 apostolicum
1634 670 1779 743 cample·

138 778 204 849 (Tit.
216 775 271 847 vr).
285 775 322 831 ltt
338 787 396 829 non
414 771 458 829 hic
476 769 675 839 sacerdotibus,
690 770 738 827 sed
750 770 838 837 laicis,
851 777 879 825 et
890 769 935 826 his
987 768 1072 825 nimis
1093 766 1255 841 generaliter
1268 773 1295 823 et
1309 781 1437 838 perverse
1456 774 1604 837 acceptum
1616 764 1649 821 iu
1663 762 1777 821 husun

135 884 194 926 non
206 867 330 925 solidum
342 866 437 924 cibum
456 864 506 923 sed
521 866 638 922 lacteum
660 873 757 937 potum
779 863 931 932 ministrat,
988 869 1110 917 mumma
1131 859 1258 927 refertur,
1279 860 1359 917 sicet
1378 860 1423 916 isti
1444 859 1513 918 illud
1526 858 1686 931 Apostoli:
1707 860 1777 917 um

137 970 235 1035 utputa
255 959 411 1033 neophytis,
432 960 480 1032 qui
501 958 626 1015 nondum
648 957 711 1024 sibi,
732 956 851 1015 necdum
873 956 935 1014 aliis
989 958 1101 1026 quisque
1113 970 1226 1010 umorem
1242 970 1322 1010 suom
1335 954 1466 1026 babeat(l
1479 954 1538 1010 Gor.
1552 958 1626 1020 ιιι),
1646 950 1776 1025 nimisge·

137 1055 309 1114 sufficienter
321 1061 402 1112 erant
413 1052 585 1109 instructi...
599 1052 672 1109 idem
685 1052 833 1124 Apostolus
843 1066 935 1108 saeer-
989 1048 1119 1105 neraliter
1137 1057 1166 1104 et
1184 1048 1389 1120 perversissime
1406 1047 1640 1119 interpretantes,
1664 1044 1694 1101 in
1714 1060 1775 1103 erre

138 1149 230 1207 dotale
238 1148 361 1205 officium
373 1148 484 1220 penitus
493 1145 661 1203 intercludit.
677 1145 782 1204 Eadem
796 1147 882 1202 eham
893 1161 936 1201 ra·
989 1156 1049 1198 rem
1062 1142 1177 1199 uertisse
1191 1150 1333 1211 notantur,
1349 1142 1396 1214 qui
1410 1140 1462 1197 sub
1472 1139 1572 1197 eodem
1587 1139 1775 1210 exemplocue

138 1244 213 1300 hone
230 1242 364 1315 probatur
381 1240 417 1299 ad
430 1240 524 1309 laicos,
544 1257 600 1296 non
622 1237 788 1307 sacerdotes,
811 1247 935 1311 spectare
988 1243 1031 1291 tra
1046 1236 1175 1293 eumdem
1187 1235 1352 1308 Apostolum
1363 1233 1552 1292 sacerdotibus
1563 1233 1775 1309 conjugaleopus

133 1334 274 1409 'quidquid
288 1335 362 1392 idem
375 1335 525 1407 Apostolus
539 1333 632 1391 scribit
642 1333 676 1390 de
688 1333 838 1390 exercendo
851 1348 935 1405 opere
988 1346 1150 1386 concessum
1165 1330 1256 1386 fallaci
1276 1328 1425 1402 pertinacia
1443 1328 1630 1386 contendunt.
1656 1328 1775 1398 Quantis

138 1429 284 1502 conjugali,
299 1438 330 1485 ut
348 1428 415 1485 illud
438 1446 445 1484 :
468 1428 544 1496 Quod
561 1430 627 1484 sisa
647 1444 700 1484 noa
720 1432 862 1491 mathomi,
883 1443 937 1482 uu·
989 1423 1114 1479 enimin
1144 1424 1228 1481 sacris
1255 1423 1398 1480 ordinibus
1430 1423 1593 1495 promiscua
1620 1420 1774 1479 feminamn

140 1522 323 1581 bachumius
334 1527 373 1578 est
385 1523 484 1578 nubae
495 1525 635 1593 puomuri
645 1523 740 1590 (icor.
754 1526 809 1587 uu)
825 1539 831 1574 :
845 1520 935 1588 idest,
989 1517 1124 1574 consortia
1145 1518 1234 1589 magis
1253 1516 1412 1574 detestanda
1435 1517 1491 1573 sim
1515 1531 1603 1588 quana
1623 1515 1773 1589 singularia,

138 1617 235 1674 melius
252 1623 294 1672 est
310 1616 433 1689 legitimo
452 1616 554 1673 marito
567 1616 674 1672 misceri
692 1631 774 1689 quam
798 1614 933 1672 fornicari.
989 1610 1165 1683 depravatori
1181 1619 1273 1668 mmen
1285 1611 1444 1683 apostoliae
1458 1610 1646 1667 institutionis
1666 1610 1718 1683 ipsi
1729 1608 1776 1666 bn-

137 1712 174 1767 Et
185 1709 253 1766 illud
267 1708 394 1768 :Solutus
404 1711 477 1766 esub
494 1714 598 1766 umore?
611 1710 799 1780 aoiiouoerere
809 1724 935 1775 uaorem;
989 1705 1133 1762 resiarohae
1155 1705 1269 1762 Nicolao
1290 1705 1381 1763 minus
1394 1702 1558 1777 imputanda
1575 1703 1692 1761 ridetur
1706 1718 1777 1777 quan

138 1806 593 1875 sioutemooceperisucosetmuoa
607 1805 733 1875 pecccata
743 1808 769 1858 et
778 1805 804 1859 si
809 1804 934 1873 nupserit
950 1781 974 1844 Β
988 1800 1057 1856 istis.
1074 1798 1123 1855 llle
1133 1801 1209 1856 enim
1223 1814 1255 1855 eo
1270 1798 1386 1871 quidem
1398 1806 1523 1871 ternpore
1534 1796 1723 1869 apostolicam
1736 1796 1778 1853 do·

137 1900 226 1967 uiroc,
239 1913 294 1953 aaa
310 1902 401 1968 pacat
414 1896 523 1965 (laid).
542 1896 705 1970 llooitaque
720 1896 796 1952 nullo
810 1894 937 1953 modode
988 1894 1105 1950 utrinam
1127 1893 1200 1949 male
1220 1893 1414 1965 interpretatus
1429 1900 1481 1960 est,
1505 1906 1572 1947 cum
1585 1890 1629 1947 six
1646 1891 1676 1947 in
1694 1890 1777 1963 primis

138 1990 328 2048 sacerdotibus
341 1989 384 2047 vel
399 1989 433 2047 de
448 1990 511 2047 aliis
525 1989 701 2047 continentiae
714 1988 846 2047 dedicatis
865 1988 936 2045 dioi-
990 2002 1092 2042 nomen
1107 1985 1321 2043 Christianitatis
1335 1985 1500 2057 incoepisset,
1512 2000 1579 2041 cum
1592 1984 1745 2058 euangelias
1754 1992 1778 2040 et

138 2092 193 2153 tur,
212 2082 261 2140 sed
274 2082 310 2139 de
322 2082 375 2140 illis
386 2091 495 2140 tantum
513 2084 560 2156 qui
575 2082 700 2156 legitime
718 2082 857 2155 conjugari
873 2098 936 2153 pos·
989 2080 1138 2152 apostolica
1155 2079 1282 2137 doctrina
1295 2078 1422 2137 nondum
1440 2085 1513 2136 esset
1526 2093 1577 2151 per
1596 2085 1692 2134 totum
1709 2092 1778 2134 mun·

137 2184 211 2233 sunt.
226 2176 310 2234 Unde
322 2175 420 2233 beatus
431 2176 620 2249 Hieronymus
632 2176 661 2231 in
673 2175 742 2232 libro
755 2174 914 2245 supradicto
928 2192 935 2228 :
988 2174 1056 2231 dunt
1065 2173 1194 2243 dilatata,
1210 2173 1335 2230 nondum
1349 2180 1392 2229 tot
1405 2173 1566 2238 virtutibus,
1584 2180 1629 2229 tot
1639 2172 1733 2245 signis,
1743 2178 1780 2227 tot

138 2270 180 2339 Sl,
197 2269 298 2342 inquit,
317 2270 438 2342 nupserit
459 2269 548 2341 uirgo,
572 2284 627 2325 non
652 2270 790 2347 peccabit,
812 2284 869 2325 non
890 2268 935 2325 illa
989 2269 1180 2326 sacratissimis
1192 2275 1353 2324 sanctorum
1364 2274 1517 2339 martyrum
1533 2265 1687 2339 triumphis
1699 2278 1783 2338 appro

138 2363 215 2436 uirgo
233 2378 295 2435 quae
312 2363 398 2419 semel
409 2363 461 2419 Dei
475 2361 558 2418 cultui
581 2360 707 2419 dedicata
723 2380 731 2417 ι
746 2362 846 2419 harum
861 2363 936 2419 enim
990 2360 1070 2431 hata;
1092 2363 1138 2419 isti
1162 2370 1253 2419 autem
1277 2360 1405 2418 eamdem
1435 2357 1592 2416 domanam
1607 2360 1669 2433 jam
1691 2359 1782 2432 ubique

138 2457 161 2513 si
173 2472 229 2530 qua
237 2457 373 2529 nupserit,
384 2455 591 2513 damnationem
602 2455 726 2527 habehit,
740 2458 805 2529 quia
819 2457 936 2529 primam
990 2462 1121 2533 ignotam,
1134 2472 1185 2513 nec
1199 2456 1310 2513 rusticis
1320 2453 1484 2528 jamdudum
1497 2457 1606 2523 [notam
1618 2469 1670 2511 nec
1683 2451 1783 2511 nauticis

47 2600 52 2615 ,
139 2550 245 2607 irritam
264 2549 328 2607 feolt
340 2549 432 2607 fidem.
455 2549 484 2606 si
501 2558 595 2606 autem
610 2549 664 2607 hoc
677 2549 713 2606 de
726 2550 814 2607 uiduis
831 2551 936 2608 dictum
986 2552 1150 2628 jamdudum
1169 2552 1314 2623 ignotam],
1329 2550 1388 2605 imo
1399 2547 1460 2619 jam
1476 2548 1642 2621 abantiquo
1658 2547 1781 2621 sanguine

139 2643 279 2716 objecerit,
300 2653 402 2717 quanto
427 2643 518 2715 magis
540 2641 574 2699 de
594 2643 744 2715 uirginibus
771 2643 936 2716 praevalebit,
990 2656 1150 2704 sanctorum
1169 2648 1284 2701 Patrum
1305 2651 1496 2700 consecratam
1511 2648 1540 2698 et
1560 2640 1781 2715 irrefragabiliter

140 2753 206 2795 cum
229 2739 312 2794 etiam
338 2736 381 2793 his
395 2752 452 2794 non
467 2734 659 2809 liceatqulbus
673 2737 820 2809 aliquando
832 2738 935 2794 licuit:
989 2741 1206 2802 corroboratam,
1231 2736 1449 2794 obstinatissima
1479 2735 1639 2792 temeritate
1666 2736 1784 2792 nimnhn

139 2830 257 2903 uirgines
274 2830 349 2887 enim
370 2846 432 2902 quas
453 2837 516 2902 post
532 2828 769 2887 consecrationem
794 2830 937 2902 nupserint
990 2836 1149 2907 depravare.
1164 2831 1248 2889 Unde
1258 2840 1286 2887 et
1299 2830 1373 2888 illam
1392 2829 1577 2902 perditionem
1596 2828 1781 2901 subterfugere

138 2939 196 2979 uon
216 2930 274 2980 tam
286 2922 420 2981 adulterae
434 2931 499 2979 sunt
511 2937 594 2995 quam
604 2924 725 2980 incestae.
743 2923 770 2980 Si
787 2940 853 2996 ergo
867 2940 936 2995 prac-
990 2929 1143 3000 nequibunt
1153 2941 1236 3000 quam
1246 2925 1304 2996 ipse
1315 2924 1443 2996 princepe
1456 2923 1649 2995 apostolorum
1658 2922 1783 2995 &prese

138 3016 219 3077 cteta
244 3016 361 3090 apostoli
383 3017 529 3074 sententiae
552 3017 713 3089 hujusmodi
734 3017 938 3074 continentibus
990 3023 1097 3079 toribus
1110 3022 1316 3092 seripturarum
1330 3019 1461 3091 assignat,
1475 3017 1523 3089 qui
1537 3017 1681 3089 Epistolas
1693 3030 1787 3089 coapo-

138 3112 275 3168 oamalem
299 3111 428 3184 copulam
451 3126 507 3167 non
534 3110 700 3180 concedunt,
721 3117 826 3182 quanto
845 3111 939 3166 miuus
956 3116 1057 3214 cstoli
1066 3116 1125 3188 ojus
1139 3114 1213 3171 Pauli
1225 3116 1262 3169 iso
1274 3113 1355 3169 nohis
1366 3110 1546 3168 oomoooodoo
1561 3129 1569 3168 ς
1584 3110 1786 3183 poqoooofflo.

137 3204 341 3274 sacerdotibus3
351 3205 470 3261 maxime
482 3220 548 3261 cum
566 3204 619 3261 illae
629 3204 790 3276 simpliciter
799 3202 835 3260 ad
848 3204 939 3260 conti·
993 3211 1063 3283 quit,
1078 3209 1209 3280 Epistolis
1221 3212 1285 3263 suat
1296 3207 1421 3277 puoedom
1430 3205 1559 3275 dispolio
1567 3204 1720 3276 intellectu,
1730 3220 1786 3276 pse

24 3314 27 3321 ·
138 3299 260 3355 nentiam
280 3298 334 3354 sint
346 3306 523 3366 consecratae,
539 3297 578 3353 illi
597 3306 693 3355 autern
714 3298 782 3369 ipsis
796 3298 939 3353 continen-
989 3304 1093 3359 todeca
1107 3308 1132 3358 et
1149 3302 1288 3357 instabiles
1301 3302 1461 3371 depruucm,
1476 3303 1548 3355 sicut
1561 3304 1588 3355 et
1598 3304 1712 3355 ooetuus
1723 3300 1787 3357 Soti·

139 3392 216 3448 tibus
227 3393 283 3448 sint
296 3391 410 3463 prolati,
425 3400 452 3448 et
472 3407 521 3464 per
541 3390 726 3448 venerandam
740 3406 837 3448 manus
849 3391 938 3462 inspo-
987 3404 1097 3468 ptores,
1117 3397 1155 3452 ud
1169 3412 1246 3451 suum
1264 3396 1388 3465 ipsorum
1404 3394 1582 3465 puditiomm
1601 3396 1627 3460 (l
1640 3396 1718 3450 Patr.
1731 3394 1786 3462 ru).

139 3486 279 3554 altionem,
293 3494 322 3543 et
341 3500 391 3558 per
404 3485 572 3543 sacrosancti
591 3485 750 3542 chrismatis
768 3486 936 3542 unctionem.
989 3493 1046 3547 Vos
1055 3506 1131 3561 ergo,
1145 3488 1254 3555 fratres,
1266 3488 1444 3559 praescientes
1456 3486 1594 3542 custodite
1609 3500 1647 3543 ne
1661 3484 1788 3558 insipien·

139 3580 279 3636 Praeterea
305 3578 382 3635 idem
404 3578 555 3650 Apostolus
581 3578 647 3650 ipsis
669 3578 770 3650 quibus
796 3577 939 3651 coujugale
990 3586 1061 3641 tium
1082 3598 1176 3640 errore
1191 3581 1311 3639 traducti
1325 3580 1492 3637 excidatisa
1517 3580 1633 3652 propria
1649 3579 1787 3636 firmitate

141 3686 211 3743 09¹1!
229 3686 354 3728 θχθῐθθῐθ
365 3671 503 3739 wnoedfh
519 3670 626 3727 eisdem
643 3671 726 3727 etiam
741 3670 874 3728 mundas
888 3688 939 3729 111¹·
993 3680 1031 3736 Ut
1050 3687 1144 3734 autem
1163 3676 1266 3733 clarius
1288 3674 1394 3731 eniteat
1407 3673 1572 3746 Apostolum
1585 3674 1619 3729 in
1639 3672 1788 3747 ιιιριιιὶοιί-

141 3762 214 3836 ptias
227 3763 298 3818 inire
311 3763 423 3819 licenter
443 3764 588 3834 permittit.
609 3763 704 3819 Soluto
718 3765 792 3821 enim
805 3763 839 3821 ab
853 3780 938 3822 uxore
990 3771 1044 3827 bus
1055 3770 1197 3827 sententiis
1211 3784 1267 3825 non
1280 3768 1483 3835 sacerdotibus,
1504 3765 1555 3824 sed
1574 3766 1664 3835 lalcis,
1684 3766 1789 3825 carnale

141 3854 224 3913 aliam
239 3855 340 3913 duem
353 3855 528 3924 ⁰⁰¹100dih⁰¹
544 3854 635 3911 'illim
653 3856 775 3913 nubtndf
798 3858 938 3914 liutulfum
990 3865 1188 3921 commercium
1202 3861 1360 3930 indulsisse,
1372 3861 1521 3933 diligenter
1531 3860 1716 3932 inspiciamus
1727 3858 1788 3933 quid

141 3948 277 4006 attribuit.
288 3948 450 4006 llullatenus
459 3963 524 4021 ergo
533 3947 691 4005 sacerdotes
700 3949 752 4005 sub
762 3949 938 4021 permissoria
990 3958 1062 4014 idem
1079 3956 1231 4030 Apostolus
1254 3954 1397 4012 ministros
1410 3963 1568 4012 sanctorum
1581 3954 1731 4012 obsolute
1742 3952 1789 4011 fb·

141 4043 257 4099 earnalis
270 4043 376 4117 copulae
388 4041 540 4099 sententia·
554 4041 770 4113 comprehendit,
789 4042 889 4115 quibus
907 4045 937 4100 in
991 4059 1097 4119 comas,
1107 4060 1136 4108 oa
1148 4050 1249 4123 quihus
1261 4048 1472 4106 morooordioos
1482 4046 1596 4105 ooooodi
1607 4050 1651 4106 ool
1663 4046 1786 4121 denegari

142 4136 258 4209 epistola
271 4134 307 4194 ad
319 4133 498 4194 Timotheum
515 4143 543 4191 et
555 4134 648 4192 Titum
663 4135 813 4209 bigamiam
827 4138 939 4210 penitus
990 4146 1150 4201 ooostituat.
1166 4146 1238 4200 ham
1252 4144 1281 4198 in
1293 4142 1389 4199 eadem
1409 4142 1559 4215 apostoliea
1573 4142 1746 4199 institutione
1757 4148 1787 4197 et

18 4223 23 4237 “
142 4229 292 4302 prohibuit,
307 4246 371 4286 cum
392 4229 488 4302 jubeat
503 4237 613 4287 tantum
631 4230 714 4286 unius
736 4230 829 4288 ureris
850 4231 937 4289 uirum
990 4237 1185 4295 defensoribus
1207 4236 1384 4293 sacerdotalis
1403 4234 1613 4292 incontinentiae
1626 4242 1787 4308 perpetrm

142 4322 206 4395 eligi
216 4322 540 4381 adsaoerdotiumznam
548 4325 678 4396 necapud
686 4324 937 4398 ethnicosbigamia
990 4331 1130 4388 silentium
1154 4330 1294 4387 evidenter
1320 4329 1483 4403 imponitur,
1509 4336 1538 4384 et
1565 4327 1681 4400 praefata
1701 4327 1789 4385 nomm

140 4417 939 4491 licebatsecerdotibusboatollieronymossserentecontra
990 4425 1133 4497 apostolici
1163 4432 1263 4480 statuta
1302 4420 1524 4495 irrefragabiliter
1554 4422 1787 4489 corroboranturs

141 4513 330 4570 latinianum.
353 4514 471 4586 legant,
492 4511 596 4586 iuquit,
615 4522 764 4581 nostrates,
785 4523 936 4586 antequam
952 4519 1092 4595 pquippe
1106 4534 1169 4590 quae
1190 4517 1257 4573 nulli
1271 4531 1381 4573 morum
1402 4514 1526 4573 officium
1540 4514 1726 4583 interdicant,
1738 4514 1789 4573 nii

142 4606 238 4678 religio
249 4614 343 4664 nostra
359 4604 477 4679 fulgeret
493 4605 520 4662 in
533 4605 661 4675 mumdo‚
681 4607 814 4665 unicubas
829 4624 937 4681 semper
992 4628 1074 4685 quem
1095 4621 1123 4669 et
1133 4611 1283 4684 apostolica
1297 4617 1435 4683 praeopta
1448 4609 1558 4681 penitus
1571 4608 1609 4666 ab
1627 4609 1690 4683 ipso
1710 4622 1787 4667 sacro

142 4698 270 4755 habuisse
289 4699 362 4755 inter
375 4708 516 4757 matronas
538 4700 633 4771 decue,
653 4717 701 4774 per
724 4701 784 4760 illas
807 4704 938 4759 Fortunae
991 4706 1088 4763 orditm
1106 4704 1262 4762 secludunt.

142 4791 271 4850 muliebri
284 4808 362 4850 sacra
374 4794 432 4850 lieri
443 4795 538 4860 solita,
552 4794 659 4852 nullum
674 4795 853 4854 sacerdotum
865 4796 939 4869 biga·
1026 4802 1101 4857 xlv.
1127 4802 1230 4857 Beatus
1248 4813 1313 4871 ergo
1336 4797 1436 4853 Paulam
1460 4796 1602 4870 apostolus
1615 4796 1742 4856 scribens
1754 4794 1788 4855 sd

142 4886 937 4963 mummullumflaminembimaritumllierophantasquo·
990 4893 1168 4951 Timotheum
1183 4892 1217 4949 de
1230 4891 1315 4949 sacris
1341 4890 1487 4948 ordinibus
1500 4890 1537 4947 ita
1553 4897 1695 4948 testatur:
1714 4892 1827 4951 pauo.-

142 4996 195 5055 que
221 4979 432 5038 Atheniensium
460 4996 548 5055 usque
572 4981 655 5040 hodie
670 4984 767 5041 cicutas
786 4984 937 5043 sorbitione
991 4989 1035 5052 lis,
1048 4988 1148 5061 inquit,
1160 5002 1248 5043 samo
1260 5004 1269 5041 ε
1279 4987 1376 5057 Siquis
1388 4987 1572 5055 episcopatum
1580 4984 1786 5053 desiderauit·

141 5074 268 5143 cestram,
284 5082 313 5131 et
321 5080 470 5146 postqmm
483 5074 512 5131 in
527 5075 720 5147 pontillcatum
732 5078 813 5134 electi
823 5076 937 5148 fuerint,
990 5098 1055 5138 oum
1068 5096 1136 5153 opus
1149 5080 1296 5137 duidmot.
1313 5080 1425 5150 oportet
1437 5093 1499 5148 erpo
1512 5080 1827 5153 episcopums'reepre-

140 5166 281 5225 rirosesse
294 5165 435 5237 desinere;
447 5168 603 5243 quicunque
612 5177 706 5226 autem
718 5169 845 5243 praedicti
859 5175 937 5244 Apo-
989 5172 1149 5231 hmsibr'lem
1162 5188 1227 5241 esse,
1239 5174 1322 5227 caius
1342 5172 1554 5235 commatrum,
1573 5169 1709 5237 summm
1724 5184 1827 5245 peu-

142 5260 206 5317 stoli
223 5260 306 5319 rerba
326 5260 468 5318 intantum
481 5260 639 5320 adulterant
650 5263 745 5320 utsub
764 5278 862 5321 eorum
875 5281 936 5338 per·
989 5269 1106 5336 dautem
1123 5266 1263 5337 pudicum,
1292 5269 1430 5336 ornatum,
1453 5264 1623 5337 hospitalem
1640 5264 1783 5333 morus,
1818 5300 1827 5307 ·

141 5368 219 5412 versa
240 5354 478 5427 interpretatione,
504 5355 587 5413 etiam
608 5357 799 5415 sacerdotibus
820 5358 939 5416 inconti—
988 5377 1045 5417 uota
1063 5360 1241 5423 sisebutum,
1264 5374 1318 5414 aaa
1334 5372 1528 5430 patratorem,
1552 5357 1600 5414 sed
1621 5358 1827 5427 medecina

139 5449 265 5505 nenthm
283 5448 369 5505 licere
387 5450 561 5523 consignent,
574 5450 675 5525 procul
687 5450 773 5510 dubio
785 5461 938 5524 sequuntur
989 5470 1042 5511 aaa
1062 5454 1221 5523 litigiosum,
1241 5468 1296 5508 nou
1314 5452 1453 5523 cuspidatus,
1467 5452 1516 5508 ssd
1531 5466 1589 5508 stac
1609 5452 1707 5510 domui
1727 5452 1827 5511 Μ

139 5539 281 5598 Nicolaum
295 5540 516 5611 haeresiarchen,
530 5559 615 5618 quem
627 5545 756 5603 Clemens
770 5545 935 5604 Alexandri·
987 5550 1180 5619 propositum
1194 5548 1263 5618 alios
1283 5546 1423 5603 habeatem
1443 5546 1566 5603 subditos
1583 5560 1647 5603 cam
1659 5548 1784 5605 mos·

138 5649 194 5692 nus
205 5633 236 5691 in
248 5633 338 5692 tertio
350 5632 421 5691 libro
435 5637 612 5696 stromatum
628 5638 715 5696 refert
730 5656 844 5698 uxorem
856 5656 937 5698 suam
988 5644 1094 5699 stitute.
1106 5642 1138 5699 Si
1150 5643 1210 5712 pras
1219 5645 1310 5697 uutau
1321 5642 1483 5697 domuisuoe
1489 5644 1710 5713 maxumis,
1722 5654 1785 5713 pes·

137 5727 248 5786 cuilibet
264 5728 358 5786 αἰιιιι
375 5730 478 5788 solenti
492 5733 674 5806 prostituisse,
692 5742 721 5791 st
738 5733 792 5791 hoe
807 5736 934 5808 exemplo
987 5736 1065 5793 modo
1079 5736 1201 5794 Ecclesia
1214 5734 1442 5805 buddioemmm
1453 5733 1586 5790 bombis?
1600 5736 1663 5795 Noas
1672 5734 1786 5807 amplo

132 5833 187 5879 tvo
209 5820 346 5883 dosuim
367 5825 475 5885 tundis
498 5827 653 5901 promiscua
674 5835 756 5901 atque
774 5829 935 5887 communia
990 5834 1059 5895 aaa,
1072 5829 1308 5901 missaperbiom
1322 5829 1411 5886 elatrat
1424 5824 1783 5898 miudic'smt‘soidotdio·
