3870 6164
116 387 137 436 a
644 386 741 443 trusa
760 385 932 445 supernus.
952 416 986 427 —
1004 384 1110 441 sersr.
1130 384 1183 439 xv.
1684 372 1735 442 aas

116 504 284 578 unipotentis
297 508 349 563 Dei
359 523 407 580 per
418 509 609 567 auctoritatem
619 510 691 568 beati
701 512 774 570 Petri
790 529 884 570 mone-
898 517 925 579 Α
939 512 1016 567 niam
1034 509 1204 581 pollicemur.
1218 507 1353 564 Nolumus
1366 508 1452 565 etiam
1465 506 1642 579 prudentiam
1657 516 1737 565 tuam
1765 506 1767 511 ’

116 615 156 668 us,
173 608 214 670 ut,
236 601 259 656 si
280 608 309 656 te
333 601 361 656 in
385 601 435 657 bac
453 618 534 659 causa
552 605 715 677 culpabilem
733 607 884 679 cognoscis,
939 606 1065 676 ignorare
1073 619 1123 658 nos
1132 617 1206 673 saepe
1214 601 1522 673 dictumcoepiscopum
1531 601 1645 658 abillius
1656 601 1736 659 mali·

117 693 176 750 tius
190 708 273 765 quam
292 694 387 766 aliquo
398 697 522 753 saeculari
534 697 641 771 ingenio
657 708 685 756 te
697 700 885 757 excusandum
939 698 1009 753 tiose
1022 697 1110 753 coacti
1130 694 1283 767 jumnrcnti
1304 694 1465 751 conditione
1482 694 1644 764 absolvisse,
1671 711 1736 752 san·

116 785 233 856 istimes,
247 787 358 845 studeas
378 789 502 848 animam
514 799 592 848 tuam
613 809 664 865 per
676 792 774 867 dignos
794 794 885 867 poeni·
939 801 1045 863 ctaeque
1060 789 1190 846 Ecclesiae
1208 789 1404 845 coutumeliam
1418 788 1576 846 vindicandi
1596 788 1737 847 licentiam

116 880 180 938 ntiae
196 879 300 937 fruetus
312 882 435 941 liberare.
940 884 993 957 ipsi
1000 884 1122 952 dedisse;
1138 898 1222 954 quem
1239 891 1270 938 ut
1284 882 1313 938 in
1327 882 1457 938 omnibus
1468 898 1517 954 pro
1529 896 1610 954 posse
1623 879 1737 941 studeas

116 976 193 1032 Data
204 977 300 1033 itomae
313 977 393 1033 tertio
411 979 505 1036 Nonas
516 981 653 1052 Ianuarii,
666 980 817 1039 indictione
833 998 883 1040 ιιι.
938 977 1067 1051 adiuvare
1091 978 1192 1034 iterum
1207 975 1364 1049 iterumque
1386 991 1534 1033 monemus
1556 984 1638 1049 atque
1658 990 1737 1049 roga·

347 1080 518 1137 EPISTOLA
545 1082 624 1138 XIII.

137 1195 182 1238 an
203 1195 392 1246 nnsonosuaa
413 1196 631 1243 vranunsnssrt
651 1199 830 1243 serscoeunr.

383 1279 491 1344 (Anno=
504 1282 593 1346 1080.)

116 1380 125 1432 t
138 1377 313 1447 almrtlpltum
327 1381 457 1447 comitem,
478 1384 529 1451 pari
540 1382 692 1452 episcopum
706 1383 885 1437 Leodicensem

124 1448 162 1504 od
170 1449 441 1519 sedeturvpostolicum
450 1454 599 1507 uenientem
613 1453 785 1522 demoedutus
796 1457 844 1517 est,
861 1458 886 1509 et

125 1520 221 1589 furore
237 1522 365 1590 compulit
384 1537 412 1576 se
424 1538 465 1577 res
482 1524 587 1577 oblutus
600 1540 740 1593 reunqucm
753 1527 885 1595 repetitu·

125 1607 198 1658 rum,
212 1598 339 1647 conuuttu
359 1594 450 1649 bobilo
473 1595 510 1649 ud
526 1598 712 1665 poenitentum
731 1601 756 1650 et
769 1598 884 1664 satissa-

124 1666 236 1719 utonem
247 1669 323 1732 coqct
344 1683 354 1716 .·
366 1667 497 1735 alioquin,
513 1667 625 1722 ecelesiae
636 1669 777 1722 irtlroitum
788 1673 813 1721 et
825 1683 884 1723 cor·

124 1736 200 1804 potis
221 1752 253 1788 oe
266 1738 406 1803 surripuistis
422 1739 550 1792 Deretinicl
568 1743 749 1792 conmunione
774 1740 886 1794 litteruli-

128 1810 185 1869 cau
210 1811 235 1859 et
256 1809 310 1860 atsi
326 1810 398 1861 intre
418 1809 570 1877 quindecim
585 1809 644 1864 dies
659 1811 800 1879 respuerit,
816 1826 884 1864 onu-

128 1877 253 1932 tbsmntt's
263 1878 357 1947 qlurlr'o
365 1894 420 1933 uno
428 1883 552 1934 cutrtsnr's
560 1882 714 1947 fautoribus
722 1896 781 1934 eum
789 1881 883 1947 [er-lert.

128 1949 263 2005 littoribus
276 1952 394 2020 cpismm
418 1951 584 2020 irq'uviurum
601 1958 770 2022 peccatorum
782 1955 886 2007 ouium

120 2020 271 2090 pollicetur,
296 2023 446 2091 episcopum
471 2028 591 2078 ucoeclo
615 2023 773 2092 juramento
796 2023 886 2078 absol·

127 2106 199 2147 ecus.

127 2194 713 2267 Greconrusepiscopus,servasservomm
722 2195 887 2263 Dei,Tnso·

116 2289 387 2357 011c0,Virdunensi
397 2289 535 2362 episcopo,
546 2290 663 2346 salutem
673 2297 700 2346 et
708 2291 887 2363 apostolicam

116 2380 318 2439 medictionem.

125 2475 296 2533 pervenitad
308 2491 362 2534 nos
377 2475 467 2534 fratris
482 2487 508 2534 et
515 2478 666 2550 coepiscopi
679 2478 765 2534 nostri
773 2478 887 2535 Henrici

116 2568 272 2627 eodioensis
284 2569 454 2639 [Leodiensis
471 2577 499 2627 ct
516 2574 555 2626 sic
572 2576 684 2644 scalper]
708 2562 795 2645 gravis
815 2571 889 2629 cala-

116 2665 184 2731 ritas,
199 2665 331 2737 quemad
350 2664 539 2736 apostolorum
553 2665 648 2722 limina
666 2666 822 2722 venientem
835 2670 887 2721 Ar·

116 2756 214 2829 alphus
227 2772 321 2813 comes
335 2758 417 2813 rebus
430 2759 486 2814 suis
503 2758 644 2828 omnibus,
661 2774 730 2831 quas
744 2773 838 2814 secum
852 2756 888 2814 fe·

116 2850 179 2919 ubst,
207 2851 403 2923 exspoliatum,
422 2851 456 2909 ad
469 2861 647 2925 augmentum
672 2851 811 2923 nequitiae,
828 2858 891 2924 post

116 2960 208 3004 rorum
231 2945 412 3015 ereptionem,
434 2946 568 3018 compulit
581 2946 686 3018 'gladiis
700 2946 794 3018 jurare
815 2942 889 3017 quod

116 3038 181 3096 slata
202 3053 345 3110 nrrnquam
372 3046 516 3110 repeteret,
538 3049 566 3095 ct
589 3038 664 3112 quod
685 3038 795 3095 anobis
809 3053 891 3110 super

118 3133 139 3189 li
150 3140 287 3202 tantoque
303 3130 423 3188 facinore
438 3133 489 3189 sibi
505 3132 612 3189 veniam
627 3133 794 3205 impetraret.
809 3130 891 3204 Quod

116 3241 219 3284 amane
239 3224 375 3298 flagitium
397 3236 429 3282 ut
450 3227 642 3299 cognovimus,
663 3225 787 3299 profecto
809 3224 891 3281 veho·

117 3328 201 3378 enter
221 3318 372 3387 doluimus,
397 3334 461 3375 enm
485 3329 598 3393 propter
618 3319 781 3392 impeditam
799 3315 929 3379 fraulsC

116 3414 182 3472 istri
205 3411 393 3478 devotionem,
409 3421 469 3469 tum
482 3423 594 3486 propter
614 3414 687 3470 illius
699 3412 890 3470 detestabilem

116 3506 255 3573 idaciann
270 3521 330 3578 quae
344 3506 398 3562 nisi
409 3506 491 3580 digna
506 3506 741 3564 animadversione
754 3506 892 3562 vindicata

116 3600 189 3668 erit,
200 3607 288 3656 restat
299 3609 331 3656 ut
341 3599 365 3656 ei
376 3600 486 3672 suisque
496 3601 644 3669 similibus,
660 3601 683 3656 si
690 3616 744 3673 qua
755 3599 891 3657 deteriora

116 3703 156 3751 vnt
180 3700 209 3749 et
234 3700 357 3764 possunt,
383 3695 557 3766 perpetrandi
579 3693 748 3751 concedatur
762 3692 890 3749 occasio:

116 3794 303 3856 cunctamen,
316 3803 351 3843 ne
367 3787 441 3843 forle
453 3788 609 3860 judicemur
623 3788 715 3860 potius
731 3789 780 3844 irae
792 3802 892 3843 consu·

116 3896 249 3954 requam
266 3896 362 3951 parere
373 3881 499 3954 justitiae,
512 3882 640 3938 volumus
653 3891 733 3954 atque
745 3880 893 3953 apostoliea

116 3975 262 4034 ctoritate
280 3975 457 4045 praecipimus
471 3983 502 4031 ut
516 3974 674 4031 fraternitas
695 3983 742 4031 tua
755 3988 893 4047 quoscun-

116 4084 146 4126 re
159 4076 254 4142 potest
264 4068 417 4140 episcopos,
434 4068 557 4136 abbates,
569 4068 723 4125 sacerdotes
735 4076 761 4123 et
769 4067 894 4134 clericos,

116 4161 209 4219 ndeat
232 4160 361 4231 adumm,
383 4169 411 4218 et
424 4169 564 4218 conventu
578 4161 671 4219 habito
690 4176 771 4231 super
792 4160 845 4216 bae
864 4174 896 4215 rc

116 4254 177 4313 lum
202 4255 364 4327 improbum
378 4255 413 4313 ad
434 4257 625 4327 poenitentiam
639 4264 667 4312 et
680 4253 895 4312 satisfactionem

116 4348 223 4406 tritara.
248 4349 363 4419 Quodsi
381 4351 409 4405 in
423 4350 528 4405 malitia
542 4365 590 4405 sua
608 4348 759 4420 perdurans
779 4354 828 4403 aut
841 4361 898 4418 pm

116 4442 247 4499 itentiam
268 4459 360 4516 agere,
375 4451 423 4500 ant
443 4443 533 4500 ablata
553 4442 673 4499 noluerit
685 4442 766 4515 digna
778 4456 843 4498 eum
855 4454 897 4496 sa-

119 4532 258 4592 isfactlone
267 4538 421 4604 restituere,
436 4537 559 4594 ecclesiae
572 4537 720 4593 introitum
733 4544 761 4592 et
775 4535 899 4607 corporis

116 4634 136 4682 et
151 4629 290 4703 sanguinis
309 4630 448 4687 Dominici
468 4630 706 4703 participationem
722 4639 768 4685 tua
793 4629 818 4684 ei
841 4626 898 4684 fra-

116 4721 215 4781 anns
230 4724 391 4794 interdicat;
403 4724 528 4796 datisque
547 4725 599 4780 sibi
618 4722 775 4797 quindecim
788 4720 898 4778 dierum
911 4714 936 4775 D

117 4812 233 4887 mucis,
255 4819 279 4874 si
305 4817 378 4875 infra
398 4818 465 4876 illud
478 4820 600 4891 spatium
615 4834 671 4874 uon
686 4816 854 4890 poenituerit,
870 4823 898 4872 et

116 4904 148 4962 td
158 4910 377 4969 emendationem
391 4911 501 4969 sceleris
517 4912 560 4969 sui
575 4927 633 4968 non
650 4912 767 4979 venerit,
788 4909 898 4967 anathe-

116 5002 186 5061 natis
195 5020 260 5063 eum
271 5005 364 5079 gladio
373 5004 438 5062 fulta
454 5013 591 5078 praecepto
606 5005 775 5062 auctoritatis
790 5011 899 5076 aposto·

939 1087 1015 1128 murs.

972 1169 1044 1223 Data
1058 1169 1158 1223 Romae
1167 1163 1399 1223 tertio‘lialendas
1415 1163 1568 1236 Februarii,
1579 1160 1737 1236 ¹indictione

938 1260 1029 1317 tertia.

1196 1364 1374 1419 EPISTOLA
1394 1363 1474 1419 xiv.

1010 1482 1053 1523 stt
1071 1478 1237 1522 HRNBICUM
1255 1478 1464 1522 ssoblcttn'stttt
1482 1475 1664 1523 sciscoelltt.

1232 1562 1322 1625 (anno
1343 1559 1438 1627 roso.)

939 1663 1015 1719 Dolet
1032 1663 1065 1717 de
1077 1660 1237 1715 contremelio
1255 1661 1301 1714 illi
1313 1659 1348 1713 ab
1357 1660 1500 1730 dvnrtlpbo
1511 1659 1601 1728 idota,
1612 1660 1738 1717 absoluit·

973 1748 1025 1803 que
1039 1748 1097 1787 eum
1108 1749 1125 1786 u
1134 1733 1289 1801 juramento
1299 1730 1430 1785 uiolenter
1436 1734 1572 1802 praestito,
1581 1747 1612 1786 uc
1625 1732 1738 1787 maudut

972 1808 1003 1859 ut
1015 1808 1109 1860 contro
1119 1803 1290 1872 Arnulpbum
1300 1804 1442 1871 insurgeres
1456 1802 1513 1871 ejrss
1523 1803 1628 1859 sceleris
1636 1818 1732 1873 poertas

977 1881 1077 1931 sumat.
1103 1875 1244 1944 mortificet
1262 1888 1290 1927 se
1311 1873 1477 1930 Virdunensi
1495 1875 1617 1946 epoeopo
1632 1889 1738 1946 prece-

972 1948 1046 2018 pisse
1057 1951 1088 2001 ut
1098 1946 1178 2001 illum
1188 1947 1217 1999 r'n
1225 1960 1256 1999 ee
1269 1960 1300 1999 re
1313 1944 1434 2013 adjuvet.

975 2047 1311 2119 Gnsoonrusepiscopus,
1325 2062 1422 2104 servus
1433 2062 1576 2105 servorum
1590 2048 1649 2117 ilci,
1659 2051 1739 2105 Harr-

940 2158 1011 2202 srco
1033 2141 1197 2199 Leodicensi
1217 2141 1347 2214 episcopo
1369 2141 1533 2199 salutemet
1557 2141 1739 2214 apostolicam

941 2237 1173 2295 benedictionem.

976 2332 1093 2404 Cognita
1106 2338 1162 2387 tuae
1173 2328 1353 2386 fraternitatis
1361 2327 1527 2387 adversitate
1533 2335 1561 2386 et
1567 2329 1738 2388 contumelia

941 2425 1002 2494 tibi,
1022 2426 1080 2481 imo
1104 2424 1184 2481 beato
1209 2427 1300 2492 Petro,
1321 2424 1415 2492 illata,
1438 2423 1572 2481 nimirum
1599 2424 1740 2495 [nimium]

942 2517 1020 2575 valde
1030 2517 1121 2575 dolere
1135 2532 1232 2574 sunrus
1246 2517 1343 2573 eoacti.
1359 2518 1401 2572 De
1415 2516 1566 2589 juramenti
1581 2533 1649 2575 vero
1667 2517 1740 2592 inju-

941 2611 1063 2668 stissima
1079 2610 1243 2683 obligatione
1253 2608 1394 2667 dilectioni
1407 2614 1463 2667 tuae
1477 2610 1516 2667 sic
1527 2608 1740 2682 respondemus,

943 2707 998 2762 non
1011 2704 1111 2762 debere
1132 2704 1282 2760 existimari
1298 2720 1360 2760 eam
1382 2703 1446 2759 ullis
1459 2703 1609 2776 Juramenti
1625 2704 1740 2763 vinculis

943 2814 1024 2871 posse
1041 2797 1140 2866 teneri,
1160 2812 1222 2870 quae
1234 2805 1293 2853 tam
1310 2794 1505 2854 nefandissime
1522 2805 1617 2853 coacta
1626 2797 1741 2870 jurave·

943 2893 987 2950 rit.
1004 2891 1087 2951 Unde
1099 2899 1128 2947 et
1140 2889 1288 2962 apostolica
1302 2898 1329 2945 te
1342 2888 1504 2946 auctoritate
1518 2889 1698 2960 absolvimus,
1710 2898 1743 2947 ut

944 3002 1001 3044 non
1014 2993 1069 3051 tuae
1093 2985 1134 3041 vel
1157 2983 1271 3056 alicujus
1291 2982 1466 3040 eonscientiae
1485 2982 1523 3039 ob
1547 2981 1601 3040 boc
1624 2982 1742 3042 videaris

944 3078 1061 3135 innexus
1076 3085 1125 3134 aut
1140 3077 1249 3134 debitor
1260 3091 1330 3133 esse.
1346 3078 1459 3148 insuper
1473 3075 1556 3132 eliam
1569 3075 1669 3133 eadem
1680 3075 1741 3133 freti

944 3180 1079 3245 potestate
1092 3169 1254 3228 fraternitati
1266 3179 1320 3227 tuae
1333 3170 1472 3227 licentiam
1486 3168 1595 3238 damus,
1609 3168 1667 3225 imo
1679 3168 1743 3226 bor·
1836 3186 1844 3193 ·

944 3274 1047 3333 tamur,
1070 3273 1101 3321 ut
1118 3273 1213 3322 contra
1226 3263 1339 3336 injurias
1358 3262 1439 3320 beato
1460 3263 1542 3319 Petro
1560 3261 1670 3332 illatas,
1690 3260 1744 3318 nisi

945 3367 1128 3431 praesumptor
1147 3358 1193 3414 illc
1214 3355 1382 3429 poenituerit,
1409 3353 1546 3428 digneque
1569 3353 1743 3422 satisfecerit,

946 3453 1045 3525 quibus
1064 3451 1167 3508 viribus
1186 3458 1285 3522 potest,
1299 3449 1435 3521 insurgat,
1457 3456 1540 3520 atque
1562 3447 1641 3505 illum
1653 3448 1744 3506 omni·

947 3546 998 3603 bus
1015 3545 1107 3602 modis
1126 3542 1249 3612 infestet,
1273 3550 1302 3600 ot
1318 3539 1355 3599 de
1367 3556 1401 3598 eo
1420 3540 1490 3597 tanti
1509 3540 1620 3598 sceleris
1638 3555 1744 3614 poencs,

946 3643 1006 3696 Deo
1021 3638 1185 3711 opitulante,
1200 3644 1276 3708 petat
1298 3644 1326 3693 ct
1338 3642 1438 3693 sumat.
1454 3633 1604 3707 indignum
1623 3649 1746 3707 namquo

947 3733 1028 3790 nobis
1050 3732 1168 3799 videtur,
1182 3729 1395 3802 exemplumque
1415 3718 1525 3785 caeteris
1546 3727 1683 3800 improbis
1695 3742 1746 3786 au·

947 3825 1030 3883 dendi
1044 3825 1135 3898 pejora
1149 3822 1287 3892 futurum,
1306 3822 1330 3879 si
1348 3822 1402 3878 hoc
1413 3820 1550 3894 flagitium
1565 3821 1617 3879 isto
1631 3821 1745 3892 impuno

948 3920 1110 3991 susceperit.
1122 3918 1206 3976 Unde
1218 3918 1299 3975 etiam
1312 3912 1406 3972 fratris
1417 3915 1505 3971 nostri
1512 3914 1677 3973 Virdunensi
1689 3914 1747 3987 epi·

949 4030 1045 4086 scopo,
1068 4013 1183 4085 aliisquo
1201 4010 1274 4068 beati
1299 4010 1376 4067 Petri
1398 4006 1536 4077 fidelibus,
1568 4022 1746 4079 summopere

950 4107 1125 4180 praecipimus
1138 4113 1181 4176 ut,
1193 4103 1371 4163 dilectionem
1383 4112 1460 4160 tuam
1482 4101 1653 4159 unanimiter
1666 4101 1746 4175 adju-

951 4210 1058 4270 vantes,
1070 4216 1134 4257 eum
1150 4208 1301 4273 tyrannum
1313 4205 1341 4253 et
1354 4196 1516 4254 Christiana
1527 4194 1668 4269 religionis
1677 4210 1746 4252 oon·

951 4294 1117 4351 culcatorem
1140 4293 1315 4365 impugnent,
1343 4298 1372 4346 et
1396 4288 1479 4346 armis
1507 4297 1568 4346 tam
1592 4287 1747 4345 carnalibus

952 4402 1034 4461 quam
1062 4385 1248 4460 spiritualibus
1266 4381 1389 4456 undique
1416 4390 1443 4439 et
1474 4381 1585 4455 ubique,
1611 4388 1747 4453 quantum
1848 4460 1851 4464 .

952 4488 1077 4554 possunt,
1090 4481 1264 4551 insequentes
1274 4483 1422 4534 monetent.

988 4579 1058 4633 Data
1072 4578 1171 4632 Romae
1184 4572 1268 4631 tertio
1281 4570 1422 4629 Kalendas
1435 4567 1588 4640 Februarii,
1598 4566 1750 4628 indictione

952 4671 1043 4730 tertia.

1212 4770 1392 4827 epistota
1419 4771 1484 4827 XV.

1090 4890 1132 4933 ΔΙ)
1150 4886 1325 4932 attributos
1344 4886 1381 4929 BT
1400 4884 1605 4952 TURQNRRSES·
1673 4928 1685 4949 ,

1248 4970 1340 5034 (anno
1363 4966 1455 5035 roso.)

953 5076 1161 5132 Controversiam
1172 5075 1244 5127 iuter
1253 5072 1398 5127 Ecclesiam
1414 5074 1591 5127 tuamensem
1605 5070 1632 5124 et
1651 5062 1749 5125 Dolen-

116 5102 168 5235 ξω
177 5096 255 5205 resia
271 5118 278 5157 ³
295 5099 371 5173 quod
389 5107 463 5156 cem
477 5116 529 5157 ¹¹⁰⁵
543 5098 644 5206 “hyle
663 5099 792 5156 mnibus
807 5098 899 5155 mom
987 5162 1101 5216 semper
1114 5147 1214 5213 leqcvtos
1227 5144 1378 5213 apostolice
1390 5143 1471 5208 sudu,
1488 5143 1592 5200 cuditis
1605 5142 1751 5210 utriusque

138 5192 287 5249 beabimus.
302 5198 344 5250 Ac
357 5193 533 5266 postmodum
553 5194 665 5267 quidem
681 5194 807 5250 volumus
818 5200 899 5264 atque
984 5222 1074 5289 partis
1084 5217 1205 5288 juribus,
1219 5216 1279 5270 ,up
1290 5215 1407 5287 degum

119 5276 229 5389 'Qu'
240 5295 274 5344 ut
285 5286 314 5343 in
330 5287 408 5344 mum
419 5287 528 5344 dss⁸⁰¹i⁰
545 5296 593 5344 ¹¹¹³
609 5288 711 5360 ΨΜ
724 5286 826 5344 valebit
839 5302 899 5344 ¹¹¹⁰·
951 5319 1067 5371 Definitio
1090 5317 1215 5381 synodalis
1230 5316 1294 5367 inter
1308 5315 1522 5380 archiepiscopum
1531 5316 1710 5390 'turonensem
1727 5314 1753 5365 et

116 5360 295 5456 [musurgam.
317 5380 480 5455 Quicunque
496 5382 571 5437 enim
591 5382 666 5438 illius
680 5378 808 5439 nefandae
825 5398 899 5455 pree·
1138 5379 1425 5443 episcopumuolensem
1438 5377 1566 5441 depulso.

116 5467 253 5543 'mptum
276 5474 407 5532 auxilium
427 5482 475 5532 aut
488 5490 629 5533 assensum
651 5475 766 5541 dederit,
782 5476 851 5532 sciat
870 5491 900 5533 se
988 5473 1329 5545 Gnsconrusepiscopus,
1340 5487 1435 5529 servus
1453 5485 1599 5527 servorum
1611 5462 1678 5542 Dei,
1690 5481 1756 5525 cm·

116 5562 220 5625 satam
233 5568 286 5625 Dei
301 5576 330 5625 et
342 5568 416 5626 beati
428 5570 500 5627 Petri
515 5570 609 5642 procul
624 5568 708 5627 dubio
719 5569 896 5626 amissurum.
952 5569 1035 5627 nibus
1046 5568 1182 5641 episcopis
1196 5567 1358 5636 Britanniae,
1369 5565 1442 5621 clero
1453 5570 1482 5619 et
1495 5562 1598 5639 populo
1621 5565 1653 5626 in
1665 5565 1758 5624 Turo-

116 5640 340 5735 Qltunquerero
349 5661 474 5735 praedicti
487 5662 634 5721 confratris
646 5664 745 5733 nostri,
755 5663 811 5720 imo
827 5663 898 5721 beati
953 5661 1033 5720 nansi
1046 5662 1185 5733 provincia
1199 5660 1365 5719 constitutis.

116 5732 316 5830 1³tlu',iujurias
325 5771 376 5829 pro
384 5755 488 5814 viribus
501 5760 662 5819 soisulcisci
675 5756 860 5826 contenderit,
875 5757 899 5814 ei
988 5758 1092 5813 llotum
1111 5772 1170 5816 esse
1194 5757 1320 5814 volumus
1333 5748 1554 5810 controversiam
1575 5741 1772 5814 internecta-

116 5838 348 5921 *capmtotieam
363 5850 579 5915 beuedictionem
590 5854 751 5922 tribuimus,
765 5860 794 5908 et
808 5850 842 5907 dc
855 5850 900 5908 di·
953 5852 1022 5909 siam
1035 5859 1155 5911 vestram
1173 5858 1203 5907 et
1224 5851 1370 5908 Dolensem
1384 5835 1622 5915 pernici-florum
1648 5838 1785 5909 mullum

119 5932 718 6029 'mucurismunerceoutsipeecarornm
729 5959 899 6003 morumve·
953 5945 1033 6003 nobis
1053 5942 1080 6000 in
1111 5951 1242 6007 Romana
1261 5937 1364 6015 synodo
1381 5928 1521 5992 laborm
1542 5930 1711 6011 bassatus,
1729 5937 1797 6005 sqq
