3870 6164
158 314 225 367 11117
654 310 699 362 AD
718 308 831 364 OPERA
850 307 877 362 S.
899 307 1061 363 Gnnnonn
1079 304 1298 361 APPENDlCES.

158 436 240 492 lentia
264 433 361 494 securi,
385 432 485 486 iterum
506 445 555 485 vos
579 431 730 502 iuquietare
750 431 952 502 presumimus,
969 426 1536 498 [1111111111.11111111111111111111,
1562 439 1616 495 pro
1628 430 1703 479 contr

156 530 256 584 iterum
279 533 373 581 vestrae
388 524 538 596 diligentiae
558 523 694 595 judicium
719 540 801 597 super
815 524 953 580 nonnullis
1006 526 1201 581 communione
1216 522 1407 594 suspendendi.
1428 522 1502 586 noc,
1525 518 1661 589 inquam,
1685 515 1703 571 il

156 621 281 677 obscuris
305 618 432 674 ardenter
454 627 653 688 exspectamus.
1007 618 1165 675 conceditur
1187 618 1232 688 qui
1266 617 1300 672 de
1325 614 1439 688 obJectis
1464 621 1512 669 aut
1545 609 1617 666 nibil
1660 625 1693 665 se

191 717 232 769 De
245 713 363 785 primatu
376 712 459 783 igitur
467 711 649 767 sanctissimae
660 711 897 782 sedisapostolicae
908 726 952 764 sa·
1009 713 1138 780 fatentur,
1154 720 1201 768 aut
1219 711 1281 781 boc,
1297 707 1371 782 quod
1395 707 1521 775 iecerint,
1542 705 1657 761 crimen
1672 719 1703 758 es

154 806 193 863 tis¹
202 808 340 878 eleganter
362 805 477 861 charitas
503 814 593 860 vestra
616 805 696 860 trobis
713 804 832 875 scripsit.
846 805 952 874 Quarti,
1007 815 1108 862 tentm.

153 900 216 957 licet
229 899 371 972 aliquando
384 900 417 953 ab
433 898 551 969 indignis
565 913 731 968 possessam,
743 913 852 968 semper
861 904 954 952 tamen
1043 904 1101 956 Nec
1116 900 1168 955 boc
1182 898 1268 956 etiam
1280 912 1411 969 negamus
1425 894 1494 967 quin
1507 901 1539 948 et
1560 889 1689 962 publicis

155 995 286 1050 omnibns
314 992 441 1049 Ecclesiis
470 1007 528 1047 csse
556 990 753 1063 praeferendam
780 1007 813 1047 ex
837 990 954 1046 decretis
1008 996 1060 1050 bus
1073 994 1183 1065 obligati
1206 993 1241 1049 ad
1263 990 1393 1064 synodale
1415 987 1559 1061 judicium
1583 1001 1637 1056 pro
1659 998 1703 1039 cor

154 1088 202 1143 SS.
218 1089 330 1143 Patrum
341 1083 541 1141 evidentissime
553 1070 686 1154 probavit.
701 1085 789 1155 liujus
802 1083 874 1139 enim
883 1082 956 1138 sedis
1007 1097 1149 1150 vocentur,
1165 1096 1196 1142 rrt
1216 1093 1292 1142 tanto
1306 1084 1421 1149 cantius,
1442 1089 1523 1136 tanto
1540 1076 1703 1149 irrefragab

154 1180 297 1252 pontifices
309 1194 358 1251 pro
368 1186 493 1249 tempore
506 1193 522 1233 a
536 1176 655 1233 subditis
672 1176 864 1233 admonendos
878 1175 955 1240 fore,
1007 1183 1121 1238 demum
1137 1180 1262 1236 Ecclesia
1283 1186 1360 1233 tanto
1381 1174 1555 1233 fructuosius
1578 1179 1693 1244 quanto

154 1290 212 1330 non
232 1283 326 1329 tamen
348 1283 450 1329 temere
479 1271 701 1344 proscribendos,
725 1269 954 1326 christianissima
1009 1273 1335 1346 busanditijudicentnr.
1352 1268 1405 1327 Sed
1423 1269 1494 1324 banc
1510 1265 1703 1340 synodicam<

156 1367 379 1439 pronuntiatione
397 1366 538 1433 (1001118118,
555 1364 680 1420 Videlicet
696 1372 726 1419 ut
745 1361 869 1435 ejusdem
882 1362 954 1417 sedis
1008 1385 1072 1425 nem
1087 1368 1243 1423 nullatenus
1257 1374 1314 1421 tam
1337 1361 1491 1436 generalem
1516 1375 1628 1431 ponere
1643 1356 1703 1414 aud.

156 1463 263 1534 primns
283 1475 454 1533 possessore
477 1459 635 1532 coapostolo
651 1458 711 1530 eJus
734 1458 817 1513 Patrio
835 1455 952 1512 charita·
1008 1461 1092 1534 ipsius
1105 1459 1263 1533 apostolicas
1281 1457 1353 1514 sedis
1368 1455 1556 1529 privilegium,
1573 1467 1636 1508 non
1657 1450 1693 1526 ab

156 1555 212 1611 tiva
227 1554 385 1610 liberalitate
403 1553 561 1608 admonitus
582 1560 633 1619 est,
657 1567 713 1606 non
737 1559 766 1605 ut
785 1552 813 1607 S.
832 1550 954 1608 Athana·
1007 1557 1052 1623 lis,
1078 1554 1124 1611 sed
1147 1554 1181 1609 ab
1203 1555 1264 1625 ipso
1290 1552 1409 1607 Domino
1432 1549 1456 1603 ei
1475 1561 1655 1603 concessum
1677 1546 1703 1600 in

158 1649 214 1704 sius
232 1647 435 1704 Alexandrinus
464 1645 616 1718 patriarcba
636 1645 670 1699 ab
695 1643 806 1699 Arianis
828 1643 953 1701 haeretica
1008 1657 1155 1704 tentemus.
1172 1650 1222 1702 Est
1236 1645 1308 1701 enim
1324 1643 1494 1715 privilegium
1510 1639 1590 1696 sedis
1615 1646 1703 1711 apost

158 1741 333 1814 usurpatione
349 1739 491 1812 depositus
506 1747 556 1795 est.
1010 1742 1084 1798 nulla
1097 1741 1271 1813 proveniente
1281 1737 1396 1811 synodo,
1406 1735 1548 1808 quoslibet
1562 1732 1703 1789 damnans

191 1839 351 1893 Tractatum
367 1843 486 1890 vostrum
505 1836 547 1889 De
562 1813 992 1904 11111111111111111111111-Β
1009 1836 1045 1892 sit
1057 1836 1201 1903 damnare,
1221 1842 1247 1889 et
1261 1829 1473 1888 reconciliandos
1498 1827 1703 1894 reconciliare,

156 1930 261 1985 tissime
274 1928 453 1999 suscepimus,
478 1942 560 1997 quem
582 1929 618 1982 ita
638 1942 809 1999 expressum,
830 1943 862 1982 ac
876 1927 953 1982 testi·
1011 1939 1055 1986 tus
1074 1929 1198 1986 Gelasins
1220 1928 1246 1982 in
1262 1925 1379 1981 decretis
1392 1923 1425 1979 ad
1447 1922 1607 1978 orientales
1623 1920 1703 1992 episc

157 2023 260 2079 moniis
273 2025 321 2078 SS.
338 2023 451 2076 Parrum
473 2021 510 2074 ita
526 2020 697 2085 roboratum,
713 2029 740 2075 et
762 2036 812 2076 nos
830 2028 955 2091 postmo·
1010 2024 1091 2079 rectis
1109 2021 1336 2091 ostendit(epist.
1356 2016 1411 2088 11),
1429 2017 1456 2071 11
1476 2014 1586 2088 quibus
1605 2014 1703 2071 Acasit

156 2115 224 2170 dum
238 2115 267 2168 in
279 2113 397 2184 quodam
416 2113 506 2168 libello
526 2113 686 2182 reperimus.
702 2116 779 2169 Duos
800 2114 901 2185 qnippe
912 2114 956 2185 ju·
1011 2115 1288 2187 stantinopolitanum
1300 2110 1483 2183 patriarcham
1498 2109 1613 2180 absque
1626 2110 1703 2164 omni

156 2207 285 2263 diciarios
299 2205 410 2261 ordines
424 2221 482 2261 esse
495 2205 640 2260 nobiscum
656 2206 762 2261 sentitis
777 2224 783 2258 z
803 2222 899 2273 unum,
922 2206 955 2261 dc
1010 2210 1140 2266 canonice
1153 2209 1186 2263 ab
1207 2207 1354 2278 apostolica
1377 2203 1440 2259 sede
1453 2202 1635 2258 damnatum
1650 2202 1703 2257 irre

157 2299 257 2363 dubiis,
274 2295 830 2354 111111111111111111115111111111111
847 2298 881 2356 de
900 2315 956 2354 ma·
1011 2305 1072 2359 liter
1087 2302 1221 2375 probavit.
1238 2300 1338 2356 Scribit
1358 2299 1431 2354 enim
1452 2297 1526 2352 inter
1546 2305 1659 2353 caetera
1677 2313 1703 2351 τι

160 2392 267 2449 nifestis
278 2393 306 2448 in
319 2392 389 2449 duas
402 2392 507 2464 species
520 2391 703 2449 subdividitis.
719 2395 811 2448 Unam
824 2393 953 2466 quidem,
1011 2412 1057 2470 per
1076 2395 1212 2451 mundum
1236 2393 1312 2448 novit
1333 2390 1451 2448 Ecclesia
1478 2389 1558 2460 quod
1575 2404 1703 2446 sacrosas

159 2501 224 2541 cum
239 2501 302 2542 reus
322 2494 350 2541 et
363 2485 469 2557 objecta
483 2501 512 2540 se
525 2483 632 2551 fecisse,
648 2493 675 2540 et
691 2483 817 2542 faciendo
831 2502 956 2558 peccasse
1009 2486 1372 2546 1111111111111111111111.
1387 2484 1510 2539 Faciesia
1525 2482 1573 2538 fas
1595 2483 1699 2538 babeat

158 2577 266 2636 fatetur.
292 2580 415 2634 Alteram
432 2593 508 2647 vcro,
530 2593 593 2634 cum
607 2594 670 2634 reus
684 2594 713 2633 se
728 2578 834 2650 objecta
850 2578 953 2645 fecisse,
1009 2582 1053 2649 di;
1071 2598 1160 2654 noque
1180 2581 1308 2650 arrianam
1331 2579 1366 2634 de
1379 2580 1438 2649 ejus
1460 2577 1543 2631 liceat.
1554 2575 1693 2648 Judicars

155 2672 203 2730 sed
225 2674 252 2729 in
276 2673 327 2728 boc
343 2688 399 2728 non
419 2687 544 2744 peccasse
560 2670 672 2728 fatetur.
688 2675 746 2728 Nos
768 2681 863 2730 tamen
884 2673 957 2729 banc
1009 2675 1145 2747 siquidem
1161 2673 1196 2730 ad
1212 2674 1286 2728 illam
1301 2672 1334 2727 de
1346 2671 1468 2741 qualibet
1483 2669 1590 2726 mnndi
1606 2679 1703 2740 partes

155 2765 336 2838 posteriorem
351 2774 449 2820 vestrae
471 2764 661 2820 subdivisionis
679 2765 798 2836 speciem
813 2766 839 2821 in
862 2776 954 2821 nostra
1009 2770 1136 2836 domest,
1147 2769 1181 2824 ab
1190 2769 1332 2823 illaautem
1343 2781 1424 2820 tremo
1437 2765 1635 2836 sitappellare
1647 2778 1703 2835 pen

155 2858 290 2916 divisione
310 2853 570 2929 comprehendimus
588 2857 658 2912 infra
679 2857 795 2914 modum
808 2857 843 2914 de
864 2858 955 2915 dubiis
1009 2862 1064 2919 Sed
1079 2879 1129 2918 nec
1144 2862 1187 2917 illa
1200 2860 1380 2933 praeterimus,
1405 2856 1482 2929 quod
1497 2858 1660 2927 apostolica
1673 2871 1703 2912 se

155 2952 327 3008 criminibus.
342 2952 469 3007 Dicimus
485 2951 571 3016 enim,
586 2967 619 3007 ex
631 2951 779 3023 judiciariis
794 2950 950 3020 ordinibus,
1006 2956 1062 3012 ulla
1084 2955 1189 3029 synodo
1204 2954 1382 3026 precedente,
1410 2949 1584 3007 exsolvendi
1608 2965 1679 3022 quos
1698 2965 1703 3003 1

151 3047 225 3101 bunc
239 3045 298 3101 lieri
317 3045 352 3100 de
374 3042 473 3110 dubiis,
496 3043 573 3099 illum
596 3059 660 3099 vero
684 3043 719 3100 de
732 3043 885 3101 manifestis
899 3046 950 3101 cri·
1005 3049 1096 3121 iniqrra
1120 3048 1310 3112 damnaverat,
1333 3053 1362 3099 et
1393 3042 1564 3108 damnandi,
1586 3044 1662 3099 nulla
1686 3057 1703 3097 e.

151 3139 283 3194 minibus.
299 3139 357 3194 Nec
380 3137 432 3192 boc
451 3151 496 3191 me
514 3136 629 3209 quilibet
648 3136 749 3193 dixisse
771 3147 858 3209 putet,
874 3139 951 3210 quasi
1004 3141 1122 3214 synodo,
1138 3156 1208 3213 quos
1220 3140 1351 3211 oportuit,
1365 3136 1494 3192 babuerit
1509 3136 1691 3193 facultatem.

153 3241 252 3289 vestrae
263 3230 388 3286 divisioni
405 3229 623 3301 praeiudicemus,
636 3229 685 3285 sed
697 3229 759 3286 ideo
775 3231 949 3306 potissinmm
1003 3235 1132 3290 nimirum
1151 3250 1200 3306 pro
1222 3250 1272 3289 suo
1296 3230 1466 3304 principatu,
1490 3246 1582 3301 quem
1609 3230 1703 3286 bmtus

155 3334 187 3380 ut
203 3334 385 3396 utrarumque
403 3323 568 3380 divisionum
590 3323 767 3379 concordiam
780 3324 814 3381 ad
835 3325 950 3381 invicem
1003 3328 1142 3400 apostolus
1156 3326 1271 3383 Domini
1293 3341 1357 3381 voce
1369 3325 1485 3393 [11111111.
1503 3325 1674 3392 1111111111.
1688 3334 1703 3376 s

150 3420 323 3477 denotemus.
339 3421 411 3475 iiam
427 3426 543 3490 utraque
556 3418 664 3487 divisio,
679 3424 710 3473 ut
732 3419 812 3474 nobis
826 3418 947 3486 ridetur,
1003 3422 1091 3477 tenuit
1102 3436 1221 3493 semper,
1234 3428 1262 3475 et
1274 3418 1407 3474 retinebit.

150 3523 221 3570 stare
242 3514 353 3586 poterit,
374 3513 396 3568 si
411 3522 498 3569 vestra
515 3511 657 3584 prudentia
681 3528 737 3567 non
758 3513 837 3569 aliter
850 3513 950 3585 judica·
1039 3515 1129 3586 nrrjus
1148 3530 1212 3587 ergo
1231 3511 1361 3584 privilegii
1376 3511 1549 3566 anctoritate
1569 3508 1703 3567 sanctissir

151 3607 228 3662 verit.
245 3607 292 3662 llla
310 3607 383 3662 enim
398 3615 495 3662 vcstrae
516 3604 655 3659 divisionis
670 3607 786 3677 species,
799 3606 827 3661 in
842 3621 894 3679 qua
912 3605 949 3661 fa·
1003 3624 1092 3665 111111
1110 3608 1183 3664 sedis
1201 3605 1320 3678 episcopi
1342 3605 1546 3676 absqueomni
1566 3601 1702 3677 synodod

155 3697 496 3767 ctumconceditur,culpa
509 3696 670 3768 denegatur,
684 3698 781 3769 partim
790 3696 948 3766 manifesta,
1001 3709 1203 3758 consueverunt
1223 3715 1341 3772 quorum
1365 3699 1592 3767 contumaciam,
1613 3714 1646 3754 ex
1668 3712 1703 3768 cu

152 3792 251 3862 partim
265 3791 346 3846 dubia
361 3791 502 3862 probatur.
526 3794 639 3847 Factum
658 3793 744 3862 enim,
764 3794 838 3864 qnod
852 3810 949 3851 conce-
1002 3794 1170 3852 indubitabili
1184 3794 1326 3859 relatione,
1340 3801 1545 3863 cognoverunt.
1565 3795 1629 3849 Hoc
1642 3791 1703 3863 utiqi

152 3882 235 3946 ditrrr,
250 3883 429 3939 manilestum
442 3891 497 3947 est;
510 3884 557 3938 sed
576 3883 651 3940 idem
673 3886 775 3957 ipsum,
790 3903 823 3941 an
835 3903 884 3958 pro
899 3889 948 3943 cri·
1002 3889 1143 3944 scientiam
1159 3903 1213 3943 non
1236 3885 1412 3957 subterfugit,
1436 3883 1606 3959 quicunque
1621 3889 1703 3956 neget

151 3977 228 4032 mine
238 3977 275 4032 sit
287 3975 455 4042 babendum,
465 3978 798 4049 summoperedubitatur.
811 3982 874 4035 Non
884 3997 948 4053 ergo
1002 3961 1128 4055 Gregorii
1151 3980 1299 4052 etreliqua
1326 3981 1373 4035 SS.
1397 3979 1519 4034 Patrum
1547 3980 1668 4044 decreta,
1689 3975 1703 4031 d

150 4071 254 4126 mirum
266 4067 392 4125 eamdem
407 4069 526 4140 speciem
539 4068 648 4126 diverso
664 4079 799 4142 respectu,
812 4088 883 4129 nunc
901 4074 948 4130 dn·
1002 4075 1218 4132 consideratione
1241 4072 1412 4144 percurrerit.
1438 4073 1497 4137 Sic,
1522 4072 1653 4145 inquam,
1673 4071 1703 4125 Ι.

149 4162 214 4231 biis,
235 4178 309 4218 nunc
325 4160 481 4218 manifestis
504 4162 619 4231 ascribi;
639 4162 687 4220 sed
708 4180 760 4221 nos
772 4166 859 4238 magis
872 4167 947 4222 illam
1001 4170 1176 4225 salonitanus
1191 4167 1356 4240 episcopatui
1370 4176 1605 4238 praesumptuose
1619 4164 1703 4223 1111111

148 4255 238 4312 dubiis
262 4256 490 4327 interposuimus,
515 4256 578 4328 quia
604 4256 764 4314 divisionem
778 4259 948 4330 judiciorum
1001 4277 1016 4316 1
1029 4264 1058 4316 Β.
1074 4262 1208 4334 Gregorio
1218 4262 1320 4332 absque
1330 4258 1403 4315 omni
1417 4259 1545 4330 synodo,
1558 4278 1612 4333 pro
1627 4261 1703 4328 bacpt

148 4365 204 4406 non
218 4349 380 4422 generaliter
400 4349 472 4404 inter
495 4347 580 4418 iacta,
595 4348 644 4406 sed
659 4351 730 4407 inter
752 4353 868 4409 crimina
884 4353 947 4409 feci·
1003 4355 1095 4425 ptione
1116 4355 1264 4411 missarum
1294 4352 1482 4409 celebratione
1507 4355 1645 4424 privatur.
1676 4352 1703 4422 Qt

148 4459 210 4498 murs
229 4442 438 4513 judiciariorum
468 4441 606 4498 ordinum.
635 4444 688 4499 atti
711 4445 779 4502 liunt
802 4445 836 4501 de
859 4446 949 4502 dubiis
1002 4447 1152 4518 Gregorius
1167 4449 1228 4518 (fib.
1247 4463 1273 4515 v,
1298 4450 1472 4517 11131125)
1499 4463 1562 4502 111
1582 4457 1702 4517 tampro

148 4536 319 4601 criminibus,
347 4535 410 4603 alii,
432 4534 466 4591 de
488 4534 650 4592 manifestis.
963 4539 1078 4626 Dicitis
1092 4557 1175 4612 qnam
1196 4557 1245 4611 pro
1266 4539 1358 4595 dubiis
1371 4539 1544 4596 criminibus
1561 4541 1597 4596 ad
1624 4556 1655 4595 se
1668 4553 1703 4592 ro

184 4627 268 4684 Unde
281 4628 410 4700 praedicta
431 4636 530 4684 vestrae
545 4628 687 4684 divisionis
701 4629 813 4701 species,
829 4632 859 4688 in
876 4651 945 4704 qua,
1002 4633 1138 4701 videlicet,
1153 4649 1234 4704 quern
1255 4632 1412 4689 simoniaco
1435 4630 1603 4700 scbismati,
1625 4633 1703 4688 siret

148 4735 279 4776 concesso
298 4719 381 4783 facto,
397 4737 431 4775 an
447 4722 552 4777 crimen
566 4721 600 4777 sit
615 4722 764 4792 dubitatur,
780 4741 837 4781 non
851 4725 945 4782 incon·
1001 4725 1052 4781 bers
1064 4728 1175 4782 mistum
1189 4725 1282 4793 fuisse,
1298 4741 1353 4780 non
1366 4740 1416 4795 pro
1432 4733 1515 4781 certo
1529 4727 1622 4791 novit,
1637 4723 1701 4782 sedi

147 4828 214 4885 grue
229 4813 256 4868 in
281 4821 375 4868 nostra
389 4813 522 4870 divisione
536 4813 626 4872 dubiis
641 4819 847 4874 annumeranda
871 4820 945 4875 vide·
1001 4826 1060 4875 tum
1073 4818 1187 4876 audivit.
1204 4821 1244 4873 De
1263 4818 1362 4890 quibus
1381 4818 1465 4872 etiam
1478 4819 1651 4875 criminibus
1665 4816 1703 4874 ide

147 4906 237 4962 batrtr.
254 4907 311 4961 Vos
322 4905 588 4976 autemjudiciarios
603 4908 717 4965 ordines
735 4926 790 4966 non
807 4911 879 4967 inter
893 4912 945 4968 cri·
1000 4912 1089 4968 ximus
1103 4914 1192 4985 (item,
1208 4912 1253 4967 lib.
1270 4928 1320 4976 rn,
1336 4910 1414 4983 epist.
1431 4915 1483 4977 83)
1498 4927 1531 4968 se
1547 4909 1703 4985 postmodut

147 4999 233 5066 mina,
249 4997 299 5055 sed
321 4999 444 5054 absolute
457 5000 528 5055 inter
543 5000 649 5056 occulta
663 5010 690 5057 et
709 5001 852 5059 manifesta
871 5004 944 5062 divi·
1000 5015 1094 5062 mento
1117 5006 1285 5077 expurgavit.
1311 5004 1337 5060 Si
1358 5003 1431 5059 enim
1447 5019 1517 5060 eum
1541 5015 1604 5062 tarn
1621 5003 1701 5061 indub

146 5093 232 5160 sistis;
256 5089 341 5160 unde,
362 5099 390 5147 et
410 5093 570 5163 praedictam
591 5094 721 5166 speciem,
739 5095 839 5168 inqua
860 5098 944 5154 dene·
997 5101 1185 5156 simoniacum
1199 5101 1253 5154 sive
1267 5097 1459 5164 fornicarium,
1478 5109 1512 5155 ut
1534 5106 1702 5172 praesumptu

145 5195 208 5260 gata
227 5186 317 5257 culpa,
340 5182 445 5241 factum
464 5185 633 5256 conceditur,
648 5187 708 5243 sine
729 5190 944 5248 contradictione
998 5202 1100 5261 nosset,
1128 5194 1230 5265 alisque
1256 5193 1330 5248 omni
1354 5191 1516 5263 vocatione,
1540 5195 1600 5250 sive
1624 5193 1703 5249 disan

143 5278 299 5336 manifestis
319 5294 503 5335 annumerare
520 5280 658 5351 potuistis.
675 5280 747 5338 lllud
766 5283 850 5339 etiam
869 5285 943 5356 qnod
993 5286 1071 5358 juxta
1087 5286 1248 5359 praedictum
1262 5286 1420 5359 apostolica
1435 5286 1513 5344 sedis
1534 5285 1702 5360 privilegiu·

143 5373 311 5444 singularum
333 5371 498 5428 discussioni
520 5388 666 5429 causarum
687 5375 846 5448 synodicam
861 5392 941 5433 voea—
996 5381 1152 5436 nareillum
1172 5390 1272 5453 posset.

143 5465 249 5520 tionem
264 5465 410 5536 praerogari
425 5464 519 5531 vultis,
545 5474 574 5522 et
598 5482 648 5522 nos
668 5469 763 5541 utique
787 5468 939 5528 laudamus.
1031 5476 1161 5541 Praetera,
1182 5475 1204 5529 si
1228 5474 1344 5540 nullum,
1368 5471 1474 5527 licetin
1496 5474 1621 5533 crimine
1645 5470 1703 5543 vulg

142 5553 258 5613 namet
280 5555 389 5615 decreta
408 5566 567 5614 sanctorum
589 5562 704 5617 Patmm
725 5562 819 5622 itidem
843 5565 940 5635 praeci-
994 5581 1084 5633 mum,
1098 5568 1149 5624 nisi
1167 5576 1229 5640 post
1243 5566 1404 5639 synodicam
1419 5567 1605 5624 vocationem
1621 5564 1703 5641 jutia

142 5651 232 5722 piunt,
246 5648 348 5720 quippe
358 5658 389 5706 ut
400 5650 490 5708 dubiis
498 5652 579 5709 rebus
594 5651 720 5711 infamati
733 5656 938 5713 adconventum
994 5658 1053 5716 fore
1065 5677 1221 5731 censemus,
1237 5662 1353 5716 multum
1365 5659 1563 5720 ecclesiastice
1577 5658 1703 5718 1111111111

140 5741 342 5800 sacerdotalem
357 5752 500 5810 vocentur,
526 5760 573 5817 per
586 5747 733 5804 canonicas
747 5749 870 5806 inducias
891 5767 940 5807 es·
992 5769 1132 5827 rogamus,
1151 5755 1263 5811 nimiam
1277 5752 1486 5811 multitudinem
1506 5744 1703 5815 carrinamutl

133 5844 306 5912 spectentur,
327 5845 395 5898 tunc
412 5837 538 5909 demum,
554 5836 579 5896 si
592 5839 728 5911 venerint,
753 5841 781 5897 in
801 5853 937 5902 conventu
992 5847 1042 5919 lep.
1058 5845 1213 5921 causarum]
1223 5847 1259 5904 ad
1268 5845 1407 5921 synodum
1417 5845 1589 5907 differemus
1600 5867 1611 5904 ε
1622 5839 1703 5903 istob
