3870 6164
140 246 209 301 roso
589 250 734 308 anenno.
754 250 798 306 m.
817 212 1079 309 -'uonnnnurs
1097 253 1329 314 encaenium.
1715 262 1786 317 tooo

136 377 166 424 et
193 368 365 441 reliquorum
397 372 556 446 huiusmodi
587 377 698 432 Patrnm
720 374 867 443 denudavi,
890 375 935 449 qui
949 379 974 444 Α
990 388 1133 450 peccatum
1146 381 1333 451 nominantes,
1350 392 1439 442 eteos
1452 398 1515 440 vere
1537 398 1631 441 sartos
1647 397 1710 442 esse
1718 399 1784 458 psc-

123 476 236 549 ¹omncs
248 465 415 522 unanimiter
434 477 632 525 consenserunt
644 469 873 526 anathematizato
885 470 934 526 So·
989 474 1043 530 cati
1067 486 1262 547 monstrantes,
1284 493 1328 535 me
1352 479 1430 550 quasi
1458 477 1602 536 dominum
1625 480 1785 537 eorumdem

136 557 251 612 zomeni
261 557 391 630 capitulo.
402 560 508 634 Quippe
519 561 658 631 llicolaus,
667 562 697 619 in
707 562 872 636 Apocalypsi
882 562 938 621 hee·
990 567 1090 625 habere
1104 564 1214 626 vellent.
1231 575 1365 630 Praeterea
1379 580 1409 629 et
1426 588 1487 646 ego,
1509 572 1532 627 si
1555 588 1605 645 pro
1622 580 1669 628 tna
1691 573 1785 631 chari-

135 651 289 709 resiarches
301 653 459 722 denatotus,
471 657 528 715 suis
536 657 753 716 condiaconibus
764 659 847 715 etiam
857 675 936 718 com·
990 669 1049 719 tate
1063 679 1120 719 non
1133 664 1346 735 dissimularem,
1359 666 1464 724 veracia
1479 666 1564 723 etiam
1578 665 1690 723 nomina
1703 673 1787 739 caput

135 762 238 805 munes
263 751 399 807 concessit
425 752 636 826 uxores(Apoc.
664 756 719 820 rc).
745 754 846 811 Paulus
871 771 935 813 vero
990 756 1135 814 sozomeni
1154 758 1384 831 amplectentibus
1396 776 1453 818 non
1467 759 1529 817 dico
1544 759 1787 833 imponerem,ssd

135 842 333 900 samosatenus
347 860 381 901 ne
403 844 462 918 ipse
488 863 504 903 a
523 847 630 904 clericis
652 848 710 904 suls
724 845 935 906 deseminarum
989 851 1143 923 antiquitus
1162 851 1290 924 imposita
1313 852 1437 926 proferre
1463 869 1596 911 nossem:
1616 853 1645 910 in
1667 869 1786 927 quornm

135 934 327 994 familiaritate
346 950 529 1011 accusaretur,
544 941 649 1000 eisdem
670 940 837 999 seminamm
850 943 935 1001 coha·
990 945 1146 1019 prolatione
1159 962 1215 1003 non
1228 962 1289 1021 ego,
1306 957 1416 1020 propter
1426 948 1613 1017 mendacium,
1623 957 1651 1006 et
1664 949 1787 1007 animam

136 1029 300 1088 bitationem
315 1034 479 1091 concessisse
494 1034 521 1091 in
536 1035 715 1092 ecclesiastica
730 1035 855 1093 Historia
873 1054 934 1110 per·
990 1054 1083 1096 meam
1098 1038 1251 1097 occiderem
1273 1041 1405 1098 stlocum
1425 1040 1453 1097 in
1466 1049 1563 1114 stagno
1586 1040 1656 1113 ignis
1668 1041 1787 1098 ardentis

136 1123 609 1193 hibetur(dussellistoriceecoles.
624 1129 934 1203 lih.r11,c.25,intcrp.
991 1134 1212 1208 promeruissem,
1239 1133 1287 1191 sed
1307 1134 1381 1207 ipsos
1396 1150 1447 1208 pro
1468 1133 1571 1192 eisdem
1589 1134 1748 1192 nominibus
1761 1143 1789 1193 et

133 1222 273 1291 Rufino).
294 1221 376 1279 Unde
390 1231 418 1280 et
432 1223 482 1294 ipsi
496 1239 552 1295 prae
566 1224 625 1281 aliis
646 1225 703 1281 suis
714 1223 864 1284 haeresibus
885 1241 936 1299 pro
991 1244 1067 1286 nnnc
1080 1227 1339 1300 anathematizatos,
1354 1238 1382 1286 et
1402 1229 1581 1303 postmodnm
1595 1237 1698 1287 aeterno
1714 1229 1786 1302 igni,

135 1312 190 1371 hac
216 1315 276 1384 ipsa
294 1331 390 1372 eorum
413 1317 599 1391 usurpatione,
617 1318 669 1376 suh
687 1327 791 1376 ammo
813 1320 938 1377 damnati
991 1323 1048 1381 nisi
1061 1323 1262 1396 resipiscerent,
1276 1323 1381 1397 liquido
1394 1323 1539 1396 probarem
1552 1338 1610 1380 esse
1626 1322 1789 1394 mancipan-
1826 1300 1830 1317 ’

135 1415 204 1465 sunt
214 1409 400 1466 anathemate.
411 1413 532 1481 Homm,
543 1411 672 1485 inquam,
685 1412 822 1485 pudenda,
838 1420 867 1470 et
881 1431 897 1472 a
910 1421 938 1472 te
991 1418 1052 1475 dos.
1068 1420 1132 1474 Non
1149 1425 1240 1473 autem
1260 1417 1378 1473 ninnium
1402 1416 1507 1474 eisdem
1530 1416 1630 1473 litteris
1650 1414 1790 1495 indignari

135 1510 166 1559 et
173 1503 208 1559 ab
218 1503 446 1561 omnibuszelum
459 1506 509 1562 Dei
524 1505 688 1564 habentibus
696 1515 761 1565 sunt
771 1507 934 1582 detegenda,
993 1512 1067 1583 solo,
1082 1526 1162 1584 quas,
1176 1511 1205 1567 in
1220 1511 1418 1568 contumeliam
1441 1511 1533 1583 potius
1553 1525 1667 1579 suarum
1681 1513 1790 1579 [suam]

135 1614 172 1655 ne
184 1596 313 1657 fraternae
327 1599 428 1656 mortis
440 1601 547 1658 crimen
560 1601 718 1673 incurratis,
731 1601 754 1659 si
770 1601 863 1661 idiotae
875 1619 937 1677 per·
989 1621 1074 1679 quam
1089 1620 1195 1675 meam,
1205 1602 1275 1662 falso
1288 1620 1334 1663 me
1345 1610 1484 1678 peecatum
1493 1604 1653 1663 nominasse
1666 1618 1717 1677 pro
1731 1603 1790 1676 ipsa

134 1703 201 1753 eant
212 1693 333 1767 ipsomm
346 1695 575 1768 perniciosissima
588 1697 757 1771 deceptione,
772 1698 859 1772 quiet
869 1699 937 1756 alio·
990 1699 1112 1756 veritate
1126 1698 1258 1771 percipio,
1271 1699 1433 1772 quae,1'nxta
1447 1698 1622 1771 Apostolum,
1636 1696 1720 1755 etiam
1739 1712 1791 1770 pro

133 1792 202 1847 ru'm
211 1787 337 1861 pudenda
349 1806 399 1863 per
409 1790 576 1848 obstinatam
585 1791 937 1851 defensionemelleoemnt
952 1763 977 1826 B
991 1793 1083 1866 impiis
1095 1792 1169 1850 faeta
1182 1801 1224 1849 est
1245 1801 1386 1867 peccatum
1399 1793 1475 1860 (Get.
1489 1798 1556 1862 ιιι).
1574 1797 1635 1865 ipsa
1647 1791 1748 1865 quippo
1763 1791 1790 1847 in

133 1884 191 1942 sibi
206 1883 326 1957 propria.
988 1886 1137 1959 Evangelio
1151 1886 1231 1943 nobis
1245 1885 1337 1944 dicit:
1358 1889 1437 1944 Beati
1458 1889 1537 1952 estis,
1557 1903 1618 1942 acm
1640 1885 1792 1942 mobds'ae·
1858 1884 1861 1891 '

172 1977 280 2035 Deinde
294 1977 432 2051 praedictae
448 1980 546 2037 litterae
559 1979 723 2037 catholicam
736 1979 935 2039 veritatsmse·
989 1981 1132 2037 mateolis
1145 1981 1277 2050 homines,
1290 1986 1317 2037 et
1334 1983 1529 2054 persecutioos
1542 1981 1645 2048 faciut
1670 1984 1696 2034 et
1709 1979 1789 2034 dice·
1847 1992 1860 2006 ·

133 2081 213 2130 ctam
239 2072 410 2130 nominando
434 2073 633 2146 blasphemant,
660 2073 768 2147 filioque
797 2074 936 2148 baptizato
992 2077 1051 2130 rint
1073 2090 1149 2130 omne
1168 2075 1271 2130 metum
1290 2076 1418 2131 odessus
1440 2089 1487 2130 uos
1510 2077 1666 2131 mmtientes
1680 2079 1793 2145 propter

135 2167 223 2239 patris
250 2175 404 2237 peceatum,
435 2167 494 2239 jam
525 2167 631 2225 dudum
654 2176 682 2224 et
704 2168 734 2223 in
767 2168 828 2240 ipso
859 2176 938 2241 patre
992 2185 1045 2233 mc,
1059 2176 1112 2226 etc.
1127 2169 1292 2241 (Mettus).
1310 2172 1384 2240 Ergo
1398 2176 1554 2241 etegonec
1568 2164 1793 2224 vernmdieendo

134 2276 187 2333 per
201 2261 397 2331 poenitentiam
412 2261 608 2329 annihilatum,
622 2261 778 2335 Pelagianae
787 2261 885 2320 haeresi
898 2261 939 2319 la·
992 2261 1138 2334 praedictas
1152 2263 1268 2330 litteras,
1284 2270 1316 2319 ut
1328 2270 1501 2329 meruerunt,
1515 2260 1705 2334 blasphemare
1719 2260 1793 2317 solo.

136 2353 232 2457 regido
243 2355 390 2426 imputant.
407 2355 487 2425 Quod
500 2371 582 2427 quam
593 2354 721 2427 impium,
732 2372 815 2429 qnam
828 2355 937 2414 haereti·
993 2357 1063 2415 llovi
1076 2357 1151 2414 enim
1174 2372 1256 2430 quam
1271 2355 1430 2413 terribiliter
1443 2353 1533 2412 ludas
1551 2354 1693 2427 apostolus
1710 2354 1793 2411 silen-

136 2463 223 2516 cnm,
256 2464 341 2520 quam
365 2448 559 2505 detestandum
581 2457 654 2505 esset
683 2448 834 2518 aestimare,
860 2449 938 2507 iacile
992 2450 1063 2508 tium
1077 2450 1202 2524 imponat
1219 2449 1488 2522 blasphemantibus,
1510 2463 1636 2506 asserens
1647 2446 1722 2521 qnod
1744 2463 1796 2506 nec

135 2547 337 2612 monstrarem,
350 2542 373 2598 si
387 2559 446 2599 non
463 2558 511 2615 pro
525 2550 650 2615 respectu
664 2549 720 2600 tuae
734 2542 939 2600 charitatisdis·
992 2543 1109 2600 michael
1135 2543 1317 2615 archangelus
1339 2558 1433 2600 secum
1455 2541 1632 2599 altercantem
1653 2540 1796 2599 doliolum

138 2635 329 2693 simulandum
345 2635 438 2708 potius
451 2651 535 2709 qnam
548 2634 738 2693 ventilandum
753 2651 811 2692 esse
828 2636 938 2710 judica·
992 2635 1183 2709 blasphemare
1203 2634 1288 2692 luerit
1309 2650 1403 2692 ausus.
1427 2638 1520 2707 ipsum
1545 2650 1655 2707 quoqne
1671 2651 1719 2692 vas
1741 2634 1795 2691 ele·

136 2745 209 2786 rem.
233 2732 295 2801 lpse
316 2729 391 2786 enirn
423 2729 542 2802 Spiritus
565 2738 676 2786 sanctus
700 2745 749 2802 per
769 2729 938 2787 Ezechielem
992 2730 1093 2788 ctionis
1106 2712 1223 2786 testatur
1245 2731 1376 2800 qnoniam
1397 2728 1525 2784 maledici
1544 2731 1722 2799 repnumDei
1742 2743 1797 2785 aon

137 2822 305 2895 prophetam
319 2830 435 2880 testatur
449 2823 544 2879 dicens
560 2825 665 2879 :Filius
687 2824 872 2895 conportebit
884 2826 939 2879 iai-
989 2825 1207 2898 posthabitam
1222 2825 1280 2881 Gor.
1295 2827 1352 2887 vr).
1368 2821 1457 2878 David
1470 2823 1553 2879 etiam
1569 2822 1662 2878 intua
1677 2838 1795 2894 persona

137 2919 271 2988 quitatem
283 2918 610 2986 Petrisilizech.xvrtr),
625 2918 671 2990 qui
691 2917 782 2975 etsuh
795 2917 939 2975 tremenda
992 2920 1059 2976 satis
1081 2916 1230 2975 terribilem
1262 2915 1393 2973 omnibns
1423 2915 1556 2988 proponit
1583 2912 1796 2999 conditionemz

138 3009 327 3067 obtestatione
340 3010 468 3083 prohibet
490 3026 526 3068 ne
545 3011 607 3084 quis
625 3011 722 3068 dentes
736 3010 857 3068 illiorum
874 3027 937 3084 per·
993 3016 1025 3072 Si
1037 3012 1156 3075 reddidi,
1172 3010 1273 3084 inquit,
1298 3009 1504 3065 retribuentibus
1525 3010 1594 3065 milti
1616 3009 1701 3077 mola,
1723 3008 1795 3064 deei-

137 3103 239 3160 acerba
256 3118 307 3160 ura
320 3119 336 3158 a
351 3104 473 3176 patribus
487 3112 609 3161 comesta
625 3104 724 3176 (ibid.)
744 3104 937 3178 obstupescere
952 3114 975 3178 c
988 3112 1052 3168 mm
1062 3109 1157 3163 mento
1168 3105 1203 3161 eb
1217 3105 1334 3160 inimt'cis
1343 3103 1510 3159 menineris
1522 3103 1695 3171 (Panion),
1710 3110 1799 3158 stoa.

138 3197 318 3271 dogmatizet.
338 3199 401 3255 Non
422 3214 488 3269 ergo
505 3198 606 3271 quippe
619 3196 752 3272 dedignor
777 3213 842 3255 cum
864 3197 938 3271 ipso,
992 3215 1051 3263 tera
1072 3200 1242 3276 hujusmodi.
1263 3200 1292 3257 si
1306 3199 1389 3272 igitur
1407 3198 1470 3255 talis
1486 3212 1566 3271 poena
1581 3195 1699 3253 debetur
1712 3195 1798 3251 etiam
1838 3256 1843 3267 ¹

139 3306 227 3365 quem
239 3291 378 3349 Dominus
393 3290 706 3349 secundumcorsuum
720 3291 812 3365 elegit,
827 3291 937 3348 dicere:
993 3297 1033 3355 itii
1060 3296 1106 3369 qni
1127 3310 1177 3368 pro
1214 3293 1286 3350 bona
1313 3291 1419 3348 malum
1440 3288 1567 3348 reddenti
1588 3288 1692 3346 malum
1716 3287 1798 3345 retri-

139 3386 211 3441 Ecce
220 3387 291 3440 enim
305 3388 335 3440 in
355 3385 549 3455 iniquitatibus
563 3390 783 3456 conceptionum,
799 3390 825 3441 et
838 3388 942 3456 inpcc-
995 3390 1073 3460 buit,
1099 3386 1164 3462 quid
1194 3387 1229 3444 de
1254 3385 1300 3442 illo
1321 3383 1503 3459 Jndicabitur,
1536 3382 1583 3457 qni
1608 3383 1712 3439 malum
1740 3379 1799 3438 lra-

138 3483 211 3535 oetts
225 3481 341 3551 coacepit
353 3484 493 3535 memeter
507 3495 566 3535 mec
581 3480 668 3548 (Psoi.
683 3484 726 3548 a).
742 3482 890 3551 Nunquam
897 3487 942 3535 ta-
996 3484 1031 3541 tri
1045 3499 1097 3540 sno
1110 3482 1147 3538 nil
1171 3479 1224 3537 nisi
1241 3478 1350 3536 malum
1376 3476 1544 3550 promerenti
1563 3475 1717 3534 reddidisse
1729 3490 1798 3533 oon·

140 3588 212 3629 men
222 3571 291 3630 adeo
304 3589 350 3629 me
359 3573 461 3646 ipsum,
470 3576 530 3631 Deo
546 3574 708 3642 miserante,
719 3572 899 3645 impugnabo,
912 3580 944 3628 ut
995 3577 1133 3634 vincitur?

139 3665 177 3725 de
187 3667 266 3739 plena
280 3666 441 3723 remissione
457 3675 638 3740 peccatorum
651 3667 680 3723 in
694 3666 831 3738 baptismo
846 3675 943 3723 contra
1031 3676 1170 3728 ineassum
1184 3683 1249 3740 ergo
1262 3665 1474 3724 eaedemlitterae
1487 3663 1556 3721 mihi
1572 3670 1717 3737 opponunt
1732 3661 1799 3719 illud

142 3758 230 3817 fldem
249 3760 414 3818 catholicam
442 3777 507 3819 cum
527 3760 637 3835 Pelagio
656 3760 792 3819 dilidam.
817 3761 944 3818 Nimium
996 3763 1172 3823 salomonis:
1188 3764 1316 3817 iuuenem
1338 3761 1419 3815 simas
1442 3760 1504 3814 utta
1525 3761 1660 3829 petentem
1684 3770 1739 3813 esse
1756 3771 1799 3812 re·

142 3861 220 3911 certe
242 3854 327 3912 alium
350 3854 541 3927 blasphemare
570 3864 695 3924 conatur,
726 3856 774 3928 qui
794 3855 824 3911 in
846 3852 944 3912 eadem
997 3857 1175 3922 trahendum,
1188 3870 1253 3913 cunr
1266 3853 1319 3910 hoc
1338 3868 1397 3910 non
1414 3851 1494 3921 mihi,
1518 3850 1633 3909 sediliis
1650 3849 1800 3907 sitdieen·

141 3946 205 4020 ipsa
216 3946 386 4020 blasphemia
409 3948 571 4007 catholicam
593 3947 678 4006 fidem
702 3949 864 4022 impugnare
878 3963 945 4022 pro·
997 3951 1066 4009 dnm
1079 3951 1139 4023 qui,
1162 3946 1329 4007 conculcatis
1342 3947 1427 4020 ipsius
1446 3945 1535 4003 sancti
1554 3943 1671 4017 Spiritus
1697 3957 1798 4015 praes·

145 4040 238 4098 batur.
999 4045 1061 4118 ptis,
1076 4060 1106 4101 se
1126 4044 1198 4100 altos
1221 4042 1372 4109 resumant,
1397 4039 1537 4114 sequendo
1561 4039 1667 4107 inanes,
1686 4036 1742 4094 imo
1765 4034 1799 4092 n·

182 4134 286 4192 Parnm
299 4135 385 4192 etiam
399 4136 504 4194 eaedem
525 4135 621 4193 litterae
642 4142 721 4192 tuam
737 4144 846 4207 partem
863 4135 946 4208 juve·
998 4148 1058 4195 ctas
1072 4138 1219 4194 hominum
1241 4134 1415 4193 traditiones.
1434 4133 1532 4192 Videat
1545 4133 1630 4206 igitur
1643 4129 1800 4199 fraternitas

144 4236 223 4298 runt,
237 4244 302 4286 cnm
325 4237 422 4286 contra
439 4229 551 4286 Domini
567 4237 737 4301 preceptum
750 4244 797 4286 me
811 4244 860 4302 per
873 4229 945 4286 hlas-
999 4240 1046 4290 tna
1055 4246 1138 4303 qnam
1152 4245 1262 4303 parum,
1275 4230 1319 4286 vel
1334 4229 1524 4302 potiusquam
1543 4226 1609 4282 nibil
1624 4224 1673 4283 illa
1687 4212 1799 4296 epistota

144 4321 288 4396 phemiam
299 4329 442 4395 peccatum
456 4323 687 4392 nominaverunt;
697 4338 758 4396 quae
767 4339 824 4380 non
835 4322 896 4380 dico
906 4331 946 4394 te,
999 4335 1046 4383 tua
1060 4322 1207 4397 providerit
1221 4321 1331 4394 honori,
1345 4337 1407 4395 qnoe
1420 4331 1448 4378 et
1459 4330 1538 4379 tuam
1552 4329 1672 4393 partem,
1689 4325 1721 4374 ut
1732 4333 1800 4390 pro·

144 4415 196 4473 sed
208 4432 322 4473 omnem
341 4425 423 4489 caput
433 4416 578 4474 sozomeni
593 4416 798 4489 suscipientem,
812 4432 875 4473 rere
886 4432 945 4474 ser·
959 4434 989 4505 [p
1002 4419 1098 4475 batum
1110 4425 1160 4482 est,
1171 4415 1353 4490 impugnavit,
1367 4423 1404 4484 et,
1417 4413 1493 4487 quod
1507 4413 1583 4487 pejus
1596 4421 1648 4481 est,
1661 4420 1689 4468 te
1703 4420 1800 4470 conns

145 4524 216 4567 snm
229 4525 288 4568 esse
308 4511 423 4584 peccati,
437 4526 494 4567 non
508 4509 619 4584 quidem
636 4519 745 4584 sponte,
759 4511 808 4568 sed
820 4519 890 4567 nutu
902 4510 947 4568 di·
1002 4510 1167 4569 sacerdotale
1180 4509 1303 4568 officium
1317 4518 1381 4567 tuos
1392 4508 1497 4565 amieos
1516 4507 1585 4563 nihil
1599 4522 1615 4563 a
1628 4514 1657 4562 te
1671 4504 1727 4562 nisi
1739 4505 1799 4574 ,bo-

147 4603 212 4660 vino
229 4613 334 4662 coactas
357 4604 551 4677 probaverunt.
571 4606 655 4662 Juxta
669 4605 847 4680 Evangelium
860 4604 947 4674 enim,
1001 4622 1069 4663 num
1079 4604 1257 4678 promeritos,
1266 4602 1337 4660 falso
1347 4602 1552 4675 blasphemasse
1561 4598 1693 4657 indicavit
1705 4616 1713 4654 z
1724 4613 1800 4668 cum,

145 4696 308 4770 quicunqne
323 4705 425 4769 peccat,
436 4714 533 4754 servus
546 4698 650 4770 peccati
660 4707 748 4755 exstat
762 4701 805 4765 (ll
820 4703 893 4754 Patr.
905 4713 946 4766 υς
997 4700 1076 4773 juxta
1091 4699 1201 4756 Domini
1214 4705 1457 4771 praeceptnm,ncc
1468 4694 1579 4752 inimico
1591 4695 1627 4751 sit
1638 4690 1801 4750 maledican-

146 4790 550 4860 nom.o).1³raeutctaeautem
572 4790 673 4849 litterae
693 4807 766 4861 cum,
787 4798 948 4848 sanctorum
1001 4794 1068 4850 dnm
1088 4794 1201 4860 (Meni.
1224 4796 1268 4860 v).
1292 4792 1465 4864 Quapropter
1483 4788 1642 4846 charitative
1662 4785 1800 4845 admoneo

146 4886 264 4941 Patmm
276 4885 387 4943 statutis
407 4884 614 4953 consentiendo,
634 4901 683 4942 eos
705 4885 751 4957 qui
765 4894 849 4957 caput
861 4886 947 4942 Sozo-
1002 4896 1030 4944 te
1042 4902 1077 4943 ne
1097 4900 1222 4959 unquam
1239 4885 1268 4941 in
1290 4893 1346 4942 tuae
1371 4883 1511 4957 religionis
1524 4893 1553 4941 et
1573 4881 1733 4940 eruditionis
1750 4879 1799 4937 de·

145 4978 225 5034 meni
249 4978 388 5052 recipiunt
418 4978 670 5046 anathematizent,
693 4977 808 5036 eosdem
838 4978 948 5036 mortali
1001 4978 1173 5054 rogationem
1196 4978 1278 5037 alicui
1293 4988 1351 5035 tam
1375 4977 1547 5046 maledicam,
1572 4986 1633 5034 tam
1655 4976 1801 5032 illimatam

146 5077 261 5143 peccato
274 5071 411 5146 obligatos
430 5088 488 5130 esse
502 5072 625 5130 docent:
642 5088 708 5146 ergo
722 5079 750 5129 et
762 5070 873 5130 eosdem
887 5088 949 5131 rere
1002 5072 1175 5131 transmittas
1196 5072 1354 5147 epistolam,
1374 5086 1422 5140 ne,
1446 5070 1469 5128 si
1487 5070 1598 5144 aliquis,
1620 5068 1667 5142 qni
1685 5067 1801 5125 libenter

145 5178 245 5222 servm
258 5180 318 5222 esse
332 5165 436 5240 peccati
458 5165 633 5224 confirmant.
1004 5168 1070 5225 velit
1092 5166 1259 5224 contendere
1281 5175 1385 5239 tuoque
1408 5164 1506 5223 honori
1529 5179 1628 5238 parum
1641 5159 1801 5234 providere,

184 5261 305 5319 Vide-e
325 5262 409 5336 igitm
438 5278 522 5337 qnam
538 5279 637 5337 parum
652 5263 719 5336 ipsa
741 5261 886 5341 praedictos
909 5261 949 5318 vi·
1004 5261 1093 5334 ipsam
1107 5259 1263 5334 perspiciat,
1272 5275 1370 5319 omnes
1378 5259 1439 5333 ejus
1450 5253 1800 5331 blasphemiasinteipsum

79 5364 82 5369 '
145 5354 281 5430 deantur,-
299 5356 462 5433 honorasse,
492 5372 555 5414 cum
580 5355 686 5414 eedem
706 5372 762 5426 me,
785 5357 849 5414 licet
871 5353 950 5424 ialso,
1003 5363 1172 5428 retorqueat.

869 5571 1081 5589 ψ
