3870 6164
156 283 224 337 sose
657 271 702 325 ln
721 268 834 324 ovem
852 267 881 322 s.
901 261 1063 320 onscoan
1080 256 1297 316 arrsnnrcss.
1457 237 1463 245 '
1736 248 1801 303 roto

153 406 256 478 reginae
269 400 407 465 Ecclesiae,
430 407 459 454 ut
482 395 711 453 restaurationem
731 393 842 448 baberet
855 391 949 447 Canu-
963 394 990 456 Α
1005 387 1148 459 prietatem
1164 382 1255 439 Sancti
1267 381 1342 437 Petri
1356 395 1373 435 a
1385 376 1526 434 eomitissa
1543 378 1715 446 susceperat,
1730 370 1800 427 omni

154 500 213 555 sina
228 496 351 554 Ecclesia
374 492 408 550 de
423 498 550 547 mutuato
564 487 616 545 sibi
636 485 808 543 indumento.
827 488 949 541 Demnm
1003 494 1075 536 anno
1088 475 1354 535 reddendo'eensum
1368 487 1412 528 xx
1426 469 1593 536 solidorum,
1613 464 1656 524 sic
1677 481 1728 522 suo
1741 480 1799 537 ape

156 607 219 648 vero
233 596 296 661 post
308 584 486 643 concordiam
499 597 577 656 papae
590 579 731 638 Pascbalis
753 595 816 635 eum
831 577 950 649 impera·
1004 572 1122 630 stolicali
1135 569 1277 644 privilegio
1293 583 1354 624 eam
1367 564 1563 623 corroboraret
1577 570 1665 634 atque
1676 559 1798 615 muniet

153 691 225 752 tore,
240 691 267 738 et
280 688 343 753 post
352 689 473 735 mortem
487 676 635 734 comitissa
648 676 687 730 M.
703 670 842 729 mandavit
859 671 950 727 Canu·
1006 666 1087 736 Quod
1093 664 1192 722 etfacit
1200 662 1388 720 sanctissimus
1397 673 1477 731 papa,
1488 665 1625 730 perpetuo
1633 652 1800 710 anathemate

152 777 213 833 sina
228 774 349 832 Ecclesia
368 788 445 846 papae
469 785 584 827 censum
599 768 719 840 quinque
733 779 882 832 annorum,
904 777 951 834 pe·
1005 762 1136 828 subdens,
1147 768 1175 815 et
1186 758 1308 814 alienam
1326 770 1342 810 a
1365 766 1481 826 corpore
1498 758 1527 807 et
1547 747 1687 821 sanguine
1698 746 1797 813 (indm,

154 880 216 927 tens
229 869 389 924 firmitatem
401 864 586 922 Ecclesiarum
602 866 677 929 (950)
690 874 815 923 suarum,
832 856 951 914 stillam
1005 854 1161 926 quicunque
1174 851 1198 906 ri
1223 847 1288 907 illud
1302 849 1428 915 scienter,
1442 842 1517 917 quod
1531 842 1608 916 iuris
1623 843 1655 899 S.
1670 839 1797 913 Apollonii

153 961 311 1020 libertatem
322 975 406 1033 quam
420 974 436 1014 a
450 966 575 1028 tempore
585 954 666 1027 primi
676 951 789 1011 Ottonis
805 950 950 1021 imperato
1005 956 1058 1018 est,
1073 944 1230 1010 abstulerit,
1253 943 1294 999 vel
1310 941 1359 1015 qui
1370 936 1527 996 confractor
1538 935 1602 1009 ejus
1620 932 1754 1007 privilegii
1764 934 1798 988 in·

153 1056 191 1112 ris
205 1057 334 1111 Romana
349 1050 468 1108 Ecclesia
482 1049 534 1106 sibi
550 1046 758 1120 conscripserat,
773 1045 809 1101 ita
828 1042 954 1099 videlicet
1009 1048 1107 1096 ventus
1118 1038 1209 1094 fuerit.
1219 1036 1308 1109 HuJus
1317 1042 1412 1090 autem
1420 1032 1550 1088 reitestes
1559 1027 1679 1085 fuerunt
1691 1025 1800 1083 domnus

154 1158 185 1205 ut
195 1163 279 1205 nemo
301 1146 496 1218 episcoporum
511 1157 631 1214 unquam
646 1141 676 1195 in
689 1138 780 1210 aliquo
794 1136 843 1193 sibi
857 1134 951 1192 domi·
1007 1135 1116 1200 Petnrs,
1128 1129 1300 1195 Vincentius,
1312 1129 1390 1184 Part.
1415 1128 1538 1182 ioannes
1557 1126 1635 1190 (9⁵2)
1649 1131 1678 1178 et
1688 1123 1800 1178 Donabo

152 1249 274 1309 nasetur,
296 1248 324 1295 et
346 1247 378 1295 ut
398 1235 548 1310 Gregorius
569 1236 621 1291 Vll
648 1233 694 1305 qui
717 1241 774 1288 tam
795 1235 869 1298 (est)
888 1244 950 1302 pro·
1004 1227 1063 1299 eius
1076 1221 1346 1290 monasteriiclerici,
1359 1229 1410 1276 etc.

156 1396 1056 1436 μ

469 1569 638 1690 vina
679 1565 1065 1683 enutrisse
1107 1495 1486 1676 MaTflltnls

154 1780 294 1844 Oratione
304 1781 402 1843 soluto
417 1780 455 1841 cb
475 1785 597 1840 anctore
616 1795 766 1857 anonymo
789 1781 903 1856 scripto
926 1781 955 1835 et
968 1793 1006 1835 en
1024 1793 1079 1834 nas.
1102 1772 1244 1833 Froneici
1273 1771 1378 1831 Maria
1402 1765 1578 1829 Florentius
1601 1784 1622 1827 o
1645 1762 1793 1827 Guitielsn

691 1853 856 1935 Gudesrido
865 1855 1011 1916 leibnitio
1017 1860 1153 1935 primum
1165 1852 1258 1912 editu.

524 2176 697 2232 HISTORIA
709 2176 993 2231 lLLUSTRISSlMAE
1005 2173 1203 2232 COMlTlSSAE
1216 2172 1430 2238 mannlnnls,

853 2267 901 2320 ET
914 2265 964 2321 DE
978 2266 1101 2323 Gestis

550 2353 902 2410 POTENTISSIMORUM
926 2355 1222 2413 Pnoonnlronull
1241 2354 1411 2419 SUORUM‚

203 2447 315 2505 cuins
328 2444 468 2501 CORPUS
481 2444 697 2515 REQUlESCIT
707 2445 745 2499 ln
758 2444 974 2500 nfnnlsstllo
989 2445 1167 2502 nonnemo
1180 2445 1207 2500 S.
1224 2442 1418 2500 nannetem
1430 2441 1481 2496 DE
1494 2438 1717 2496 annotinos
1721 2439 1749 2505 E,

612 2534 796 2590 ntoncrffls
810 2534 857 2589 ET
871 2533 1087 2589 nrsrnlcrns
1100 2533 1306 2589 manantur.

252 2628 351 2685 OBIIT
364 2628 495 2684 AUTEM
510 2625 611 2682 ΑΝΝΟ
625 2624 844 2681 HUMANATAE
858 2623 1079 2678 nlvltllnams
1094 2620 1299 2678 mttnnsmto
1312 2619 1518 2676 canrnsmo
1543 2618 1701 2687 QUINTO,

670 2711 814 2769 nnclmo
824 2711 923 2768 NONO
936 2713 1098 2769 utnon
1112 2711 1284 2768 AUGUSTI.

181 2867 322 2927 Matbildis
335 2868 434 2941 inclyta
447 2866 599 2935 eomitissa,
615 2875 643 2921 et
655 2864 785 2923 militaris
794 2862 946 2924 admodum
960 2867 984 2930 Β
1002 2863 1113 2919 natione
1127 2863 1331 2936 burgundium.
1347 2864 1414 2919 Post
1425 2860 1504 2933 eujus
1517 2870 1645 2919 mortem
1660 2857 1789 2941 minuc

144 2963 254 3030 mulier,
278 2959 398 3017 Hannon
419 2961 457 3016 lV
478 2960 629 3031 imperante
649 2958 707 3015 suis
728 2957 945 3031 preclarissimis
1000 2957 1060 3028 ejus
1080 2957 1151 3014 filius
1172 2958 1213 3013 vir
1236 2957 1355 3031 prudens
1376 2956 1513 3028 regnavit,
1533 2954 1642 3012 babens
1662 2954 1788 3028 conjugem

52 3102 62 3117 ι
144 3056 250 3113 actibus
262 3056 292 3110 in
313 3053 440 3111 muliebri
463 3068 530 3110 sexu
545 3053 617 3107 inter
638 3052 711 3109 viros
729 3050 946 3125 praecellentibus
1001 3050 1162 3107 Adeleidam
1185 3051 1307 3120 nomine,
1332 3048 1505 3122 splendidam
1527 3049 1669 3121 reginam.
1693 3048 1733 3105 Ex
1751 3044 1790 3103 bac

99 3215 105 3224 Ι
145 3148 292 3205 virtualibus
324 3146 439 3204 babetur
466 3146 586 3217 insignis.
621 3144 711 3217 Huius
736 3144 861 3208 historia.
888 3153 946 3215 tam
1000 3144 1157 3200 subtractus
1192 3144 1253 3200 luce
1283 3142 1445 3210 Lotbarius‚
1485 3140 1599 3214 quidam
1627 3138 1790 3215 Berengariul

144 3242 353 3314 progenitorum
373 3239 461 3312 ipsius
479 3254 562 3312 quarn
577 3253 658 3294 suam
680 3237 818 3311 originem
836 3246 863 3294 et
886 3246 946 3295 aeta
1000 3236 1199 3309 Langobardos
1218 3237 1300 3309 bujus
1326 3237 1448 3293 nominis
1468 3244 1594 3309 quartus,
1610 3235 1717 3309 absque
1734 3240 1789 3290 nuta

145 3333 305 3392 summatim
319 3332 476 3399 continens,
497 3346 531 3387 ex
545 3330 658 3388 diversis
674 3330 785 3388 collecta
800 3329 946 3399 chronicis,
999 3329 1140 3388 Adeleidae
1155 3331 1257 3388 relictas
1282 3332 1397 3403 reginae,
1413 3345 1501 3404 eaque
1514 3329 1660 3386 renitente
1676 3344 1726 3404 pro
1737 3323 1788 3383 viri·

28 3488 37 3499 ,
144 3428 268 3500 sequitur
282 3425 393 3482 inbnnc
408 3422 532 3481 modurn.
1000 3422 1062 3491 bus,
1077 3439 1126 3480 rex
1148 3433 1260 3481 creatur
1283 3424 1377 3480 ltaliae.
1401 3424 1454 3497 Qui
1468 3431 1566 3479 contra
1589 3438 1656 3479 eam
1681 3422 1716 3479 ob
1731 3420 1789 3477 bant

392 3538 512 3595 CAPUT
537 3538 694 3593 psspplupq,
1000 3533 1114 3574 causam
1127 3517 1229 3574 saevitia
1252 3526 1280 3573 et
1294 3517 1332 3574 ira
1346 3517 1446 3588 pariter
1468 3515 1497 3571 in
1520 3524 1636 3572 tantum
1657 3511 1788 3577 incanduit.

145 3645 182 3696 lle
200 3641 336 3696 obsidione
361 3642 445 3695 nostri
465 3638 597 3705 Gunossoe,
621 3655 652 3692 nc
668 3638 825 3692 liberatione
844 3640 946 3706 recuro
1000 3620 1032 3666 ¹¹²
1046 3611 1135 3682 ipsam
1158 3626 1215 3668 ⁸¹¹ae
1233 3609 1438 3666 ⁶⁰b¹fm⁸ti⁰¹¹ff⁸
1463 3608 1701 3683 impussmffloem
1722 3619 1788 3678 W

179 3711 327 3773 adeleida,
351 3725 437 3781 quom
469 3710 644 3777 &ansanus
671 3724 721 3763 rec
758 3709 847 3764 ltalia
876 3709 945 3763 deli·
1000 3719 1092 3760 arcem
1106 3705 1227 3762 Gardam
1246 3711 1319 3760 reno
1332 3702 1433 3759 turrim
1446 3702 1550 3758 carceri
1570 3700 1725 3770 incluserit,
1743 3697 1788 3755 solt

179 3782 270 3838 nebai·
1000 3797 1052 3853 sibi
1073 3813 1203 3854 concessa
1217 3795 1355 3853 ancillula.
1374 3795 1493 3868 Regina,
1508 3809 1575 3851 oum
1595 3794 1648 3852 diu
1662 3793 1788 3851 mananti

179 3889 344 3964 sigifredus,
366 3889 492 3962 princeps
514 3887 628 3959 quidam
653 3888 767 3944 illustris
786 3889 821 3946 de
841 3889 947 3946 Tusciae
1001 3890 1116 3958 inclusa,
1142 3889 1275 3963 capellani
1298 3889 1341 3946 sui
1372 3886 1483 3945 tandem
1503 3887 1621 3945 solertia
1645 3886 1682 3945 de
1699 3896 1788 3945 sarm

144 3983 270 4055 partibus
292 3981 425 4038 comitatu
448 3980 564 4037 Lucensi
586 3988 674 4048 onus,
690 3981 804 4037 studens
828 3981 871 4037 sui
893 3997 946 4038 no·
1002 3983 1095 4040 evasit.
1120 3983 1174 4040 Hic
1200 3983 1274 4040 enim
1301 3981 1438 4038 Martinus
1450 3980 1564 4038 nomine
1592 3982 1637 4038 vir
1665 3978 1790 4038 fidelissi

143 4076 224 4133 minis
242 4075 360 4149 gloriam
382 4073 528 4146 ampliare,
543 4072 794 4146 Langobardorum
815 4073 886 4131 bnes
903 4074 946 4131 in·
1000 4091 1091 4149 sagax,
1107 4091 1219 4132 murum
1233 4075 1317 4132 turris
1336 4073 1471 4148 confregit
1485 4073 1604 4142 occulte,
1619 4083 1650 4132 et
1663 4072 1789 4132 dominam

143 4184 252 4243 gressm
263 4184 327 4225 cum
344 4166 408 4223 filiis
421 4167 480 4241 eJus
494 4164 641 4238 sigifredo,
658 4169 760 4222 altone
773 4176 801 4223 et
815 4165 947 4233 Gerardo,
999 4185 1064 4226 cum
1078 4169 1206 4226 ancillula
1228 4169 1298 4225 clam
1325 4167 1390 4224 inde
1412 4166 1526 4233 ducens,
1550 4166 1623 4223 datis
1649 4167 1699 4223 sibi
1721 4161 1787 4222 indu·

143 4262 244 4319 multas
257 4262 394 4330 civitates,
408 4267 537 4332 gentesst
549 4258 649 4330 oppida
664 4259 837 4333 conquisivit,
850 4269 878 4317 et
891 4261 943 4317 sibi
960 4238 983 4304 C
997 4261 1098 4318 mentis
1112 4261 1246 4329 virilibus,
1263 4276 1349 4334 usque
1363 4259 1399 4316 ad
1410 4263 1536 4316 Mantua
1552 4258 1649 4316 lacum
1664 4254 1787 4332 perant

142 4354 258 4429 subegit
281 4353 422 4410 Defuncto
444 4351 559 4409 andem
582 4367 626 4420 eo,
650 4351 715 4409 filiis
737 4353 797 4424 elus
819 4353 941 4426 praetads
995 4355 1042 4426 qui
1056 4355 1220 4427 piscatorem
1236 4369 1302 4411 cum
1316 4351 1441 4410 navicula
1461 4352 1644 4424 reperientes,
1661 4346 1785 4409 cannabi

142 4458 253 4522 paterna
274 4446 413 4505 condivisa
436 4445 615 4503 substantia:
640 4444 695 4502 duo
710 4460 743 4502 ex
764 4446 814 4514 eis,
836 4447 941 4504 scilieet
996 4446 1144 4520 petierunt.
1159 4450 1200 4505 Eo
1212 4462 1277 4504 vero
1287 4444 1471 4520 navigationis
1485 4445 1609 4516 pretium
1624 4450 1786 4519 exponente·

141 4540 290 4614 sigifredus
304 4549 332 4597 et
349 4539 489 4597 Gerardus
510 4539 687 4594 Parmensem
701 4538 838 4594 civitatem
860 4539 940 4596 inco·
994 4540 1083 4612 inquit
1104 4540 1139 4598 ad
1171 4557 1237 4599 sum
1261 4539 1419 4614 capellanus
1443 4538 1573 4611 reginae:
1595 4538 1626 4596 Si
1647 4539 1730 4596 scires
1745 4532 1785 4608 qui

142 4632 260 4688 luerunt.
276 4636 342 4689 Atto
356 4647 419 4688 vero
434 4630 482 4703 qui
495 4629 687 4702 longefratres
700 4629 804 4687 viribus
817 4637 845 4687 et
858 4631 940 4688 rebus
994 4649 1100 4703 sumus,
1126 4650 1177 4691 nos
1202 4636 1282 4692 laetus
1303 4642 1333 4692 'et
1359 4632 1463 4705 absque
1476 4632 1565 4705 pretio
1594 4633 1717 4690 veheres
1741 4626 1785 4702 (iti

141 4725 357 4792 transcenderat,
378 4727 530 4782 canossam
553 4733 675 4779 castrum
695 4723 747 4779 sibi
770 4722 940 4782 domicilium
993 4727 1160 4799 respondit:
1181 4730 1255 4801 Ergo
1281 4726 1350 4784 mibi
1365 4725 1469 4799 aperite
1495 4725 1544 4797 qui
1557 4725 1650 4783 estis?
1669 4728 1785 4795 Dumque

140 4819 252 4891 accepit,
267 4817 342 4890 quod
363 4816 488 4874 turribus
509 4817 626 4872 munivit
651 4824 681 4873 et
699 4817 838 4875 monibus
857 4818 939 4877 deco·
992 4828 1196 4877 sacramentum
1209 4821 1246 4878 ab
1259 4836 1293 4879 eo
1315 4827 1442 4893 peterent
1455 4817 1532 4891 quod
1543 4819 1653 4876 nemini
1664 4816 1785 4876 rerem

140 4911 222 4968 ravit.
238 4914 307 4967 Erat
320 4909 396 4966 enlm
415 4909 470 4966 loci
487 4917 587 4965 natura
609 4909 821 4984 circumquaque
843 4913 938 4968 muni-
993 4928 1135 4983 arcanum,
1150 4915 1220 4986 ipse,
1233 4914 1344 4971 duobus
1367 4912 1488 4984 acceptis
1501 4911 1614 4969 baculis
1636 4912 1667 4969 in
1679 4909 1785 4983 impu

140 5012 212 5072 tum,
240 5002 447 5076 inexpugnabile
479 5017 574 5059 revera
603 5003 772 5074 praesidium,
799 5005 885 5062 situm
909 5005 939 5062 in
993 5007 1083 5063 erucis
1096 5007 1126 5063 in
1141 5016 1244 5064 terram
1256 5006 1364 5080 positis,
1388 5021 1419 5063 se
1433 5019 1492 5062 rem
1505 5005 1664 5062 celaturum
1684 5000 1784 5079 iurarit

139 5097 253 5155 dioecesi
266 5094 428 5169 Reginensi.
447 5094 492 5152 Ad
503 5095 579 5167 cujus
592 5097 675 5152 castri
687 5096 859 5154 obsidionem
870 5098 938 5155 dum
991 5102 1071 5156 Tunc
1082 5101 1238 5172 capellanus
1254 5101 1279 5157 ei
1293 5100 1411 5172 aperuit,
1435 5097 1563 5155 indicans
1576 5112 1640 5156 esse
1660 5096 1784 5171 reginam

139 5189 259 5247 venisset
272 5188 448 5262 beringarius
462 5202 512 5244 rex
524 5188 619 5258 ltaliae,
635 5204 700 5247 cum
713 5189 771 5248 lilio
785 5198 813 5246 et
824 5193 937 5263 Longo·
993 5192 1115 5250 Piscator
1132 5194 1223 5266 itaque
1246 5194 1326 5251 laetus
1352 5191 1480 5260 effectus,
1506 5192 1616 5264 palmas
1632 5191 1669 5250 ad
1692 5191 1783 5248 eclam

139 5282 292 5340 bardorum
312 5281 441 5348 exercitu,
467 5289 499 5338 ut
519 5280 570 5338 sibi
599 5286 734 5339 attonem
758 5297 824 5339 cum
845 5290 937 5341 castre
993 5284 1117 5352 tendens,
1131 5286 1225 5342 satim
1237 5301 1284 5343 eos
1300 5287 1330 5343 in
1344 5285 1469 5342 navicula
1482 5291 1645 5357 assumptos
1663 5283 1784 5342 adalim

139 5375 298 5448 subjiceret,
317 5370 365 5432 ren
383 5386 412 5432 et
430 5374 503 5432 tilius
516 5381 584 5431 sunt
602 5375 738 5433 exstincti.
760 5376 937 5451 Langobardi
992 5379 1067 5436 lacus
1081 5378 1169 5452 ripam
1180 5378 1299 5448 devexit,
1313 5395 1398 5453 prope
1408 5379 1507 5436 silvam
1529 5392 1621 5451 usqua
1640 5377 1783 5437 barm·

138 5484 202 5527 sero
215 5469 346 5542 Ugcnem
358 5468 448 5527 sirum
460 5467 594 5542 inclytum
606 5476 764 5527 statuerunt
775 5471 829 5528 sibi
842 5486 936 5544 regem
992 5471 1104 5544 riguam.
1121 5472 1237 5546 Reginae
1260 5489 1370 5547 quoque
1384 5473 1488 5546 piscem
1509 5470 1616 5529 obtulit
1630 5485 1733 5546 rogans
1748 5475 1781 5535 U»

174 5633 248 5698 (050)
268 5630 346 5686 idem
371 5630 446 5702 cod,
464 5630 629 5700 firmitatem
653 5633 779 5687 omnium
801 5633 936 5690 &eteru-
1025 5636 1100 5698 (att)
1113 5631 1279 5703 ldemeod.,
1301 5635 1408 5702 Petrus,
1422 5634 1726 5702 intemetum
1739 5628 1782 5684 bs·

139 5718 210 5759 ram
224 5704 307 5763 Mun.
987 5718 1048 5772 pus,
1057 5711 1109 5760 etc.

172 5774 243 5847 latr)
258 5773 336 5831 ldem
349 5769 423 5838 eod,
433 5773 549 5843 quirem
560 5773 802 5843 inproprietotem.
817 5776 899 5832 Mon.
