3870 6164
548 280 557 287 ·
579 241 713 326 '‘uxene
733 269 865 328 ennius.
886 299 922 315 -
940 269 1046 329 entsn.
1064 269 1162 326 xxm.
1664 282 1716 338 310

293 393 470 451 netsuouu
487 394 580 451 XXV.
877 400 1015 467 Arestrae
1030 395 1246 468 interrogationi,
1261 395 1321 453 eliis
1335 397 1397 470 quia
1412 397 1508 458 intenti
1523 415 1631 470 sumus,
1651 419 1717 475 pau·
1834 470 1837 475 ¹
1884 400 1887 405 '

174 509 483 582 minmeunsnnnu
500 524 773 569 mmmmm,
922 490 961 548 cis
985 490 1150 563 respondere
1172 489 1350 563 disponimus.
1374 495 1416 549 Dc
1435 494 1517 551 sociis
1535 493 1626 568 itaque
1643 496 1717 554 illius

369 627 460 698 (Amo
476 627 568 699 107³.)
920 583 1162 652 excommunicati,
1184 585 1231 657 qui
1248 592 1359 656 accepta
1382 588 1496 658 pecunia
1510 587 1545 645 ad
1567 604 1615 645 vos
1628 589 1716 647 seqq,

375 744 382 756 ‚
444 744 449 755 ⁸
513 745 518 756 ⁸
921 677 1026 746 solunt,
1041 685 1069 734 et
1090 675 1126 733 dc
1145 677 1205 733 liliis
1223 692 1341 748 quorum
1355 688 1453 750 patres,
1473 689 1522 737 ant
1535 681 1569 739 de
1590 683 1716 753 patribus

56 742 865 886 Nffizmoezffiffiaffifflffffoeffi
924 785 1043 845 quorum
1061 770 1110 828 lilii
1133 771 1183 844 ipsi
1203 769 1352 828 Goteiredo
1375 773 1604 832 anathematizato
1622 775 1714 834 adhes-

97 887 180 953 Μ,
203 900 249 940 mc
269 899 296 940 ,0
311 884 345 939 d,
364 885 494 941 fleam,
511 889 536 940 θ,
555 885 615 955 ,jus
636 887 700 958 μὴ
722 887 865 943 Mummi,
922 872 985 920 rent
998 873 1079 937 atque
1099 863 1133 921 do
1150 864 1186 920 iis
1200 880 1321 936 quorum
1340 867 1538 924 correctionem
1556 869 1613 925 sine
1632 886 1714 943 pecu·

97 957 228 1025 religione
241 955 377 1011 dubdore.
393 958 528 1012 Hortatur
538 962 571 1012 ut
582 972 635 1028 pro
645 957 799 1026 defossione
809 961 864 1014 llo·
923 956 978 1015 niae
997 957 1175 1016 attributione
1189 957 1247 1014 lieri
1265 974 1321 1014 non
1344 958 1434 1029 vultis,
1449 977 1512 1033 erga
1535 978 1606 1035 quos
1620 972 1715 1021 tamen

97 1042 189 1084 ”W
198 1027 309 1083 mm
320 1027 438 1084 '’iilia‘'
448 1031 525 1098 ‘⁸⁹⁰‘-
921 1049 1069 1108 elementes
1082 1066 1130 1108 ros
1143 1051 1255 1108 existere
1271 1067 1427 1120 monemus,
1440 1053 1462 1110 si
1477 1054 1523 1126 qui
1537 1063 1632 1113 vestrae
1644 1058 1713 1129 parti

97 1142 442 1216 Gxenontnsepiseopus,
454 1158 701 1201 sersusserrorum
712 1144 863 1213 Deillsn·
919 1159 949 1200 se
971 1145 1105 1217 applicare
1124 1145 1247 1219 cupiunt,
1268 1153 1365 1202 vestrae
1385 1146 1549 1218 prudentie,
1566 1157 1597 1206 ut
1616 1151 1716 1206 melius

54 1250 223 1295 nussum
234 1236 429 1294 Mediolanensi
440 1235 518 1294 militi
530 1235 645 1294 sulutem
653 1243 681 1293 et
689 1237 865 1310 apostolicam
919 1236 993 1293 scitis
1017 1245 1045 1294 et
1067 1237 1170 1307 valetis,
1194 1237 1396 1310 disponendum
1418 1241 1627 1299 committimus.
1644 1244 1715 1313 Qui·
1798 1296 1811 1319 x
1927 1304 1930 1311 ,

54 1329 295 1389 benedictionem.
919 1346 1025 1404 cunque
1051 1339 1143 1387 eutem
1171 1331 1271 1388 borum
1298 1333 1398 1390 erroris
1421 1333 1461 1389 sni
1491 1335 1654 1407 prenitentes
1680 1339 1715 1397 ed

95 1425 175 1482 Sciet
191 1423 335 1496 prudentio
347 1430 394 1479 tue
408 1437 470 1492 nos,
489 1424 550 1480 Deo
572 1423 728 1494 miserante,
743 1439 824 1481 sanos
837 1434 866 1483 et
917 1439 969 1481 nos
982 1425 1074 1482 venire
1084 1422 1197 1482 remedii
1216 1424 1301 1498 gratia
1314 1424 1538 1496 desideraverint,
1556 1429 1669 1503 benigne
1685 1448 1715 1489 se

57 1520 160 1586 latos,
181 1532 238 1575 non
265 1516 324 1574 sine
347 1531 446 1590 magna
473 1525 574 1574 sancte
600 1517 727 1576 Ecclesiae
751 1517 864 1576 utilitate
917 1517 1015 1590 suscipi
1036 1525 1117 1591 etque
1135 1517 1344 1575 misericorditer
1364 1520 1474 1576 tractari
1495 1522 1630 1579 noverint.
1650 1526 1715 1598 Epi·

56 1610 141 1686 apud
159 1610 280 1684 Capuam
303 1608 451 1667 demorari.
477 1611 547 1666 Nam
573 1611 735 1680 Normanni,
758 1612 804 1685 qui
829 1610 864 1668 ad
917 1627 1015 1684 scopos
1028 1620 1160 1684 praeterea
1175 1611 1313 1669 inimicum
1335 1621 1456 1669 vestrum
1474 1613 1569 1670 fulcire
1584 1625 1714 1674 conantes

56 1703 257 1764 contusionem
279 1712 309 1760 et
341 1702 493 1776 pericnlum
519 1703 673 1776 reipublicae
705 1713 733 1761 et
763 1715 864 1763 sanctae
917 1720 973 1760 non
996 1704 1114 1761 multum
1136 1704 1278 1773 metuatis,
1301 1719 1366 1761 cum
1388 1706 1498 1762 Beatrix
1522 1722 1553 1762 ac
1576 1706 1630 1764 illia
1654 1711 1714 1783 ejus

56 1798 194 1857 noeeuae
223 1813 309 1855 unum
338 1796 397 1854 lieri
427 1796 639 1867 meditabantur,
664 1797 692 1854 in
718 1798 861 1871 perturba·
880 1784 1213 1866 Bblathildis,llomanae
1229 1796 1355 1856 Ecclesiae
1370 1798 1476 1871 penitus
1498 1797 1628 1869 faventes,
1649 1818 1713 1860 cnm

57 1894 153 1960 tione,
169 1890 198 1948 in
214 1906 269 1964 que
287 1904 335 1948 eos
360 1889 512 1947 invenimus
524 1889 606 1947 nimis
625 1889 759 1948 obstinate
773 1906 863 1966 perse·
918 1890 1081 1964 quibusdem
1118 1891 1245 1949 maximis
1284 1893 1358 1966 regni
1390 1893 1550 1964 proceribus
1589 1894 1715 1953 laborent

58 1992 172 2054 serant,
185 1984 261 2042 nullo
285 1982 378 2052 modo,
408 1982 458 2041 nisi
478 1982 558 2040 nobis
579 1982 744 2054 volentibus,
769 1999 864 2058 pacem
917 1993 1043 2041 nostrum
1057 1993 1138 2056 etque
1157 1985 1226 2058 regis
1237 1986 1362 2042 animum
1376 1984 1492 2043 tirmiter
1508 1988 1601 2056 unire;
1618 1998 1713 2046 contra

55 2078 194 2136 babituri.
212 2078 240 2136 Si
258 2078 332 2134 enim
349 2075 475 2134 discretio
497 2085 591 2134 nostra
616 2086 718 2135 sanctae
736 2076 865 2135 Ecolesiae
917 2093 1000 2149 quem
1013 2076 1128 2149 quidem
1143 2078 1246 2135 nullum
1260 2079 1357 2136 odium
1374 2095 1466 2152 neque
1481 2079 1612 2138 debemus
1624 2098 1712 2154 neque

56 2172 133 2231 utile
155 2170 328 2244 approbaret,
352 2169 403 2244 ipsi
421 2169 480 2244 jam
495 2185 524 2227 se
543 2169 623 2227 nobis
642 2168 782 2228 humiliter
803 2171 864 2228 sub
919 2171 1045 2227 volumus
1059 2186 1192 2241 exercerc,
1208 2171 1271 2237 nisi,
1287 2170 1362 2244 quod
1377 2164 1462 2229 absit!
1477 2171 1576 2230 dirinae
1591 2174 1713 2248 religioni
1783 2240 1788 2247 ¹

55 2264 208 2335 didisscnt,
224 2272 252 2321 et
262 2279 345 2338 quam
359 2262 449 2321 solent
468 2264 648 2320 reverentiam
662 2263 861 2321 exhibuissent.
917 2264 1068 2320 contrarius
1086 2265 1202 2322 voluerit
1215 2265 1340 2322 existere.
1364 2267 1454 2336 Quem
1472 2266 1606 2324 nimirum
1621 2282 1713 2339 regem

56 2359 217 2418 Henricum
238 2373 332 2434 regem
351 2365 481 2431 proterea
501 2356 570 2414 scies
584 2356 735 2414 dulcedinis
753 2366 782 2414 et
797 2357 861 2415 obe·
917 2358 1030 2413 omnino
1041 2357 1184 2414 oonlldunt
1199 2357 1330 2414 voluntati
1340 2365 1444 2416 nostrae
1457 2358 1491 2416 de
1505 2362 1611 2419 caeteris
1626 2361 1712 2417 eccle·

56 2453 177 2512 dientioe
194 2453 274 2525 plena
291 2450 371 2509 nobis
394 2450 476 2508 verba
500 2449 615 2520 misisse,
635 2458 664 2506 et
691 2450 753 2507 talia
774 2451 863 2524 qualis
916 2450 1031 2509 siasticis
1053 2452 1168 2523 negotiis
1196 2450 1364 2522 satisfacere,
1389 2453 1541 2525 presertim
1565 2454 1600 2512 de
1623 2460 1713 2513 restro

55 2562 154 2620 neque
178 2546 267 2619 ipsum
287 2560 376 2619 oeque
396 2553 582 2601 antecessores
595 2559 661 2601 suos
687 2542 863 2602 recordemur
916 2551 1018 2600 nostrae
1049 2543 1217 2616 dispositioni
1247 2560 1390 2602 assensum
1424 2544 1558 2618 praebere.
1588 2547 1711 2621 Denique

54 2638 199 2698 Romanis
227 2637 400 2712 pontificibus
423 2636 538 2694 misisse.
568 2636 688 2709 Quidam
717 2637 799 2695 etiem
829 2654 861 2694 ex
914 2636 1080 2708 Gregorium
1102 2637 1302 2694 vercellensem
1329 2638 1499 2710 episcopum,
1525 2655 1636 2713 quoquo
1662 2641 1711 2698 ho·

56 2733 220 2808 majoribus
233 2732 357 2790 fidelibus
376 2729 431 2788 suls
450 2730 615 2805 promittunt
634 2730 715 2787 nobis
735 2745 767 2787 ex
787 2738 863 2803 parte
916 2736 995 2785 nesto
1010 2730 1181 2801 pectorales,
1196 2729 1275 2786 stude
1289 2729 1336 2786 tibi
1349 2732 1496 2788 conciliare
1516 2732 1597 2805 :quia
1611 2741 1712 2791 nostre

56 2827 119 2896 sui,
134 2842 200 2883 eum
212 2826 246 2884 da
259 2841 340 2882 musa
360 2823 573 2882 mediolanensis
590 2824 718 2881 Ecclesiae
739 2824 797 2880 sine
812 2824 862 2881 du·
916 2838 947 2878 ex
969 2829 1027 2878 toto
1040 2820 1157 2895 jussioni
1171 2838 1200 2879 se
1212 2820 1354 2894 profitetur
1372 2838 1474 2895 parere.
1495 2826 1537 2880 De
1551 2834 1649 2883 eaetero
1664 2826 1712 2882 ita·

57 2923 111 2980 bio
139 2918 252 2978 consilio
277 2927 372 2976 nostro
399 2917 519 2975 obedire.
546 2919 686 2988 Quantum
713 2917 787 2974 enim
811 2918 861 2975 sibi
916 2930 969 2988 que
987 2912 1179 2972 confortamini
1198 2916 1225 2970 in
1240 2915 1360 2972 Domino
1380 2925 1407 2973 et
1424 2917 1450 2972 in
1469 2918 1589 2989 potentia
1605 2917 1714 2976 vimutis

57 3014 202 3090 possimus
212 3013 350 3086 prodesse,
363 3010 405 3068 vel
417 3019 560 3084 quantum,
572 3009 595 3067 si
609 3008 734 3084 adjutorii
749 3027 861 3068 manum
915 3010 985 3083 ejus,
1005 3008 1131 3081 precibus
1150 3018 1177 3065 et
1191 3009 1370 3081 eleemosynis
1388 3025 1420 3067 ac
1438 3011 1556 3083 puritate
1570 3010 1660 3068 cordis
1676 3013 1713 3070 in·

57 3107 262 3176 subtrahimus,
271 3105 377 3174 obesse,
392 3105 631 3178 eltotesperamus
640 3103 808 3176 apertissime
818 3123 862 3163 co·
881 3101 1085 3190 cdulgentiem
1123 3101 1196 3159 illius
1231 3102 1411 3174 postulantes,
1449 3110 1584 3177 qnatenus
1617 3111 1713 3162 votum

59 3196 863 3279 gniturum‚etDeumnobisoumesseetuobiscumoperari
918 3205 1044 3253 nostrum
1052 3211 1083 3252 ac
1092 3204 1210 3252 vestrum
1220 3191 1255 3250 ad
1264 3195 1413 3268 perlectum
1423 3196 1570 3269 perducere
1578 3195 1712 3270 dignetur.

60 3296 204 3356 evidenter
221 3292 414 3367 probaturum.
435 3294 477 3349 De
490 3291 628 3349 comitissa
647 3291 771 3349 Beatrice
788 3293 862 3351 nullo
942 3293 1024 3349 ,Data
1043 3291 1142 3363 Capuae
1156 3302 1201 3346 vtx
1214 3290 1277 3345 ldus
1290 3289 1433 3358 Octobris,
1447 3288 1596 3348 indictione
1607 3289 1714 3348 duode-

61 3389 152 3448 modo
174 3385 357 3445 dubitandum
379 3394 507 3458 putamus
529 3388 594 3460 quin
607 3388 664 3461 ipsa
686 3396 713 3445 et
728 3387 782 3444 illia
805 3387 863 3459 ejus
918 3385 1001 3441 eima.
1694 3384 1699 3397 “

61 3482 217 3551 mathildis,
231 3482 260 3537 in
272 3479 315 3537 bis
328 3482 390 3552 qixre
406 3478 440 3538 od
454 3483 542 3537 Deum
552 3482 699 3556 pertinent,
714 3488 742 3538 et
754 3480 863 3554 religio-
1160 3476 1338 3534 EPISTOLA
1352 3476 1474 3534 XXVll.

62 3593 130 3635 nan
145 3584 249 3633 sanctas
266 3572 406 3642 Ecclesiae,
422 3572 539 3631 fideliter
551 3590 580 3632 ee
594 3591 657 3648 erga
674 3575 861 3632 noshebeant.
1013 3604 1056 3646 Α»
1072 3602 1238 3646 mmm
1255 3601 1420 3656 gqusspffl
1437 3602 1617 3648 nesscoeuu.
1712 3624 1720 3637 ,

63 3672 110 3728 'lu
128 3669 220 3744 igitur,
234 3666 347 3725 omnino
366 3665 506 3724 conlidens
519 3666 547 3725 in
561 3669 679 3725 Domino
696 3677 723 3725 et
735 3669 763 3723 in
777 3675 864 3724 matre
1220 3690 1312 3762 (mo
1326 3693 1418 3760 1073.)

63 3773 114 3821 trra
135 3765 263 3820 Romana
286 3760 415 3829 Ecclesia,
437 3761 549 3817 viriliter
569 3777 629 3836 ego,
650 3761 817 3818 confortatus
836 3760 865 3816 in
917 3795 985 3866 Ejus
998 3794 1164 3862 reum-mm,
1185 3791 1219 3847 de
1238 3806 1294 3861 qua
1315 3790 1463 3860 aliquando
1476 3789 1628 3854 dubitarat,
1646 3806 1714 3846 m,

64 3856 188 3914 minino
210 3863 238 3911 et
259 3854 287 3910 in
314 3853 432 3926 potentie
458 3853 566 3911 vinulis
593 3856 664 3928 eius,
692 3855 778 3911 sciens
802 3854 864 3926 quia
953 3864 1071 3921 mendae,
1088 3863 1217 3920 Hortatur
1237 3866 1267 3917 ut
1278 3861 1440 3917 simoniacos
1456 3867 1590 3933 oppugnet
1603 3866 1629 3918 eg
1640 3863 1714 3918 fler.

63 3957 171 4023 qnanto
198 3946 275 4005 robis
300 3946 390 4021 gratis
413 3962 486 4004 niune
512 3946 627 4021 insurgit
655 3947 864 4020 perturbationis
953 3935 1084 3993 lembaid‘l
1100 3934 1364 4004 “walumliloeiili-

64 4050 226 4116 tempestas,
245 4049 322 4098 tanto
341 4039 528 4114 postmodum,
553 4042 613 4098 Deo
631 4040 748 4110 favente,
765 4041 863 4112 jucun·
955 4040 1137 4097 Ganuontus
1151 4035 1301 4108 episeopus,
1317 4048 1411 4090 servus
1424 4048 1566 4091 servorum
1582 4034 1643 4104 Dei,
1658 4050 1715 4091 an-

65 4136 127 4194 dins
139 4133 273 4192 crridebit
286 4133 426 4191 serenitas.
638 4130 647 4146 ‘
920 4145 1016 4190 nenne
1040 4130 1173 4203 Aquensis
1196 4127 1325 4186 Ecclesite
1352 4125 1438 4183 electo
1460 4127 1577 4184 salutem
1600 4135 1629 4184 et
1652 4144 1716 4200 apo·

102 4232 176 4287 nate
186 4228 287 4302 Capuae
296 4243 316 4283 r
330 4225 472 4284 Kalendas
483 4225 624 4296 Octobris,
640 4225 789 4285 indictione
802 4222 865 4282 duo
919 4225 1044 4284 stolieam
1058 4222 1285 4280 benedictionem.

65 4323 184 4382 decim
956 4317 1081 4374 Pervenit
1094 4316 1128 4373 ad
1140 4331 1221 4372 aures
1234 4322 1352 4380 nostros,
1372 4312 1444 4368 unde
1463 4312 1662 4386 aliquantulum
1681 4313 1715 4371 de

319 4436 499 4494 fflsTOLA
511 4436 620 4498 xm,
920 4410 1049 4484 religione
1063 4416 1108 4466 tua
1123 4406 1319 4476 dubitetimus,
1334 4415 1360 4464 te
1376 4405 1499 4463 videlicet
1510 4405 1581 4462 illius
1601 4420 1715 4462 excom-

881 4503 1050 4593 Dmunioati
1083 4501 1222 4562 Goteiredi
1259 4498 1414 4558 interfuisse
1446 4497 1619 4555 ordinationi.
1662 4498 1715 4556 Sed

1518 4607 1534 4644 v

471 4667 561 4740 eu

75 4787 160 4843 umet
176 4788 209 4841 ut
229 4799 289 4841 eron
316 4785 550 4840 excommunicetis
573 4782 806 4855 ressptssseeatibus,
835 4781 868 4838 de
921 4785 1010 4842 solum
1031 4783 1065 4840 do
1078 4791 1105 4839 te
1126 4798 1180 4838 non
1194 4781 1391 4848 dubitavimus,
1410 4778 1459 4836 sed
1479 4778 1513 4835 ad
1532 4778 1716 4850 reparandum

106 4857 250 5000 ww
264 4856 443 4920 mimis
458 4856 569 4926 mim
582 4860 657 4924 ‘²0⁰⁸’
667 4869 732 4925 (Μ’
746 4869 774 4909 ⁸⁶
785 4855 867 4909 mam
920 4876 1129 4935 blediolanensis
1143 4873 1270 4931 Ecclesiae
1287 4874 1380 4929 matris
1398 4881 1454 4930 tnae
1472 4870 1606 4928 honorem
1624 4872 1716 4929 zelum

145 4932 168 5012 ·'
228 4932 401 4998 ‘mmm
412 4927 562 4998 mamm
576 4930 754 4984 mamm
767 4928 869 4980 metuat
920 4971 1019 5029 habere
1034 4970 1227 5027 intelleximus.
1245 4969 1304 5038 Qua
1325 4967 1352 5022 in
1371 4983 1401 5022 re
1422 4975 1555 5039 quantum
1575 4966 1658 5022 nobis
1674 4980 1717 5021 re·

110 5012 242 5081 eprtmpoe
261 4998 319 5069 ejus
330 5000 438 5053 inimico
454 4999 584 5066 {comtes
602 5013 662 5053 cum
676 5001 763 5068 speret
780 5011 868 5065 reqem
1226 5061 1232 5074 ι
1303 5061 1308 5073 Ι
1375 5060 1381 5072 ⁴
1605 5059 1611 5071 Ι
1691 5057 1697 5069 ¹

111 5083 288 5139 qmcousom
296 5068 476 5154 judicandam
488 5069 751 5195 sibigernissurum.
766 5067 869 5124 Suadet
922 5066 984 5140 ligio
998 5075 1045 5122 tua
1065 5064 1176 5136 placeat,
1192 5060 1480 5118 evidentibusmdxcus
1499 5059 1669 5131 probabitur,
1689 5073 1717 5114 tn
1833 5086 1839 5093 ·

112 5140 343 5199 “mmmm
353 5154 505 5212 ΝΟΜ
518 5156 542 5197 ⁸²
582 5140 711 5196 imm·
922 5160 1127 5234 quibuscunque
1157 5161 1291 5213 Romanor
1326 5154 1455 5211 Ecclesiae
1489 5152 1634 5210 necessitas
1671 5160 1717 5207 tua

115 5254 556 5329 Gueoxtntepiscopus,serrus
568 5268 711 5311 servorum
722 5252 783 5322 Dei,
794 5255 870 5310 lina·
922 5254 1050 5310 auxilium
1066 5251 1243 5324 requisierit:
1258 5250 1286 5305 in
1303 5249 1377 5304 nullo
1396 5245 1532 5319 siquidem
1545 5245 1632 5317 magis
1642 5242 1720 5300 debi-

89 5360 236 5409 tusunno
242 5346 525 5408 Mediolanensimiliti
532 5347 647 5406 salutem
656 5356 684 5404 et
692 5345 868 5420 apostolicam
921 5356 1012 5404 torem
1025 5350 1150 5403 sanctum
1157 5345 1268 5400 Petrum
1283 5352 1311 5398 et
1322 5357 1373 5397 nos
1386 5339 1480 5411 religio
1495 5347 1543 5396 tua
1557 5346 1650 5409 potest
1666 5336 1718 5393 sibi

10 5500 12 5505 .
88 5437 305 5502 benedictionem.
923 5440 1022 5508 lacere,
1042 5438 1160 5511 quamsi
1184 5445 1278 5493 contra
1301 5435 1443 5491 Simonem
1457 5447 1587 5506 magum,
1605 5431 1650 5504 qui
1665 5432 1718 5487 Ec·

10 5594 12 5601 .
115 5534 371 5597 Picsollicitudinis
387 5532 479 5593 studio
502 5532 706 5593 indefensione
725 5532 787 5591 ddci
803 5549 869 5590 san-
924 5532 1034 5591 clesiam
1048 5531 1121 5588 beati
1133 5529 1271 5587 Ambrosii
1289 5528 1440 5585 venalitatis
1452 5540 1511 5583 suae
1524 5522 1720 5581 miserabiliter

88 5636 180 5704 sieque
202 5628 350 5704 religionis
374 5627 574 5686 restauratlone
601 5626 690 5684 donee
720 5635 868 5700 occupatus
926 5642 1029 5684 veneno
1048 5622 1149 5694 iniecit,
1170 5631 1249 5681 sento
1268 5619 1330 5679 lldei
1346 5628 1374 5677 et
1393 5619 1469 5694 galea
1490 5616 1586 5673 salutis
1599 5622 1721 5674 armatus
1773 5650 1780 5663 .

86 5718 166 5795 butu,
178 5722 331 5799 legationes
340 5726 405 5779 tuas
420 5721 534 5779 libenter
547 5720 652 5786 andire,
667 5729 748 5793 teque
761 5719 869 5778 abunde
926 5719 1069 5777 nobiscum
1085 5718 1230 5792 praelieris3
1246 5715 1307 5772 etsi
1322 5709 1515 5771 llerlembaldo
1529 5706 1721 5766 strenuissimo

84 5812 201 5889 tdiurm
229 5814 434 5875 telmessum
459 5813 554 5874 deerit.
584 5812 729 5887 Multiplici
757 5812 867 5886 quidem
926 5812 1026 5872 Christi
1048 5810 1126 5869 militi
1139 5813 1168 5867 in
1195 5810 1309 5880 bisquae
1324 5804 1359 5863 ad
1373 5805 1424 5863 Dei
1444 5800 1550 5858 cultum
1563 5796 1727 5858 etedreli-

361 4567 403 4609 tu
423 4565 571 4610 sueton.
