3884 6158
141 245 194 299 era
260 222 263 227 '
718 241 817 300 ussa
836 241 998 304 ocruvus.
1017 277 1053 289 -
1071 246 1176 305 ense.
1196 249 1216 304 1.
1743 251 1794 306 eu

139 383 172 426 se
190 366 323 434 cernitur,
341 373 435 423 tamen
449 361 682 423 extra'aedilicium
696 365 782 440 jacet.
799 370 936 439 Quintum
953 373 1102 442 auctioni
1127 388 1190 429 vero
1205 381 1261 439 tuae
1283 372 1381 428 iterum
1394 372 1555 431 inculcando
1574 373 1741 431 mandamus
1764 381 1795 429 ut

139 476 251 535 quoque
264 459 415 517 concilium
439 459 542 533 pariter
559 475 687 531 veneror,
711 462 738 518 in
753 480 808 536 quo
829 465 944 537 epistola
997 466 1033 524 de
1046 467 1247 540 suprascriptis,
1263 473 1290 521 et
1306 465 1341 523 de
1355 466 1417 531 aliis
1427 482 1490 540 quas
1508 467 1641 525 adsedem
1660 467 1795 541 pertinere

140 570 204 630 qum
218 555 275 613 ibas
292 553 397 610 dicitur
410 552 513 610 erroris
526 553 605 626 plena
619 555 798 626 reprobatur,
813 558 944 616 Theodo-
996 568 1157 622 cernuntur,
1180 559 1298 632 qualiter
1311 568 1404 617 teneas
1418 574 1466 631 per
1479 569 1666 619 memoratum
1680 559 1796 633 presby·

139 665 189 707 rus
203 645 822 721 personamhlediatorisDeiethomiuumin
836 651 946 709 duabus
996 663 1098 721 terum,
1113 662 1163 709 aut
1174 667 1222 725 per
1233 653 1317 709 alium
1331 653 1460 711 idoneum
1474 654 1604 711 nuntium
1617 653 1726 711 tuasad
1743 669 1795 710 nos
1826 692 1829 699 ·

138 742 300 800 substantiis
324 756 453 813 separans
476 740 511 797 ad
534 740 685 814 impietatis
709 744 850 815 perfidiam
873 745 945 802 ceci-
997 749 1102 806 litteras
1123 747 1233 803 mittere
1244 746 1363 803 studeas.
1377 749 1493 820 Insuper
1503 748 1596 815 edam,
1620 748 1686 804 licet
1706 747 1796 804 soler-

139 835 214 894 disse
236 835 424 906 convincitur,
439 834 541 907 scripta
564 850 675 909 quoque
700 836 878 906 Theodoriti,
899 853 946 912 per
997 842 1069 898 tiam
1084 848 1160 898 luam
1170 839 1242 896 bene
1254 838 1364 896 doctam
1379 839 1537 909 credamus,
1547 855 1581 897 ex
1591 840 1683 899 debito
1703 849 1797 897 tamen

142 944 207 1004 qum
219 927 294 985 beati
315 927 408 1003 cyrilli
430 927 500 984 fides
513 928 733 1002 reprehenditur,
747 947 816 988 ausu
831 930 946 988 demen-
999 952 1059 993 eam
1071 933 1209 992 charitatis
1219 931 1321 989 affeetu
1341 933 1432 1004 paucis
1445 949 1604 1002 monemus,
1618 934 1694 1007 quasi
1708 932 1797 991 distri·

141 1024 190 1081 tite
212 1023 320 1095 prolata
347 1019 517 1080 refutantur.
539 1022 658 1080 Cunctas
672 1039 737 1081 sero
751 1040 819 1097 quae
833 1023 948 1097 praefata
999 1030 1035 1085 cti
1057 1027 1191 1085 examinis
1203 1025 1276 1082 diem
1291 1041 1399 1098 semper
1416 1041 1474 1098 prae
1489 1026 1574 1083 oculis
1588 1026 1702 1095 habens,
1721 1042 1797 1083 cour-

141 1115 298 1174 reneranda
322 1114 437 1172 eoncilia
457 1130 588 1188 personas
607 1127 742 1190 respuunt
753 1133 863 1191 respuo,
879 1134 947 1192 quas
999 1122 1091 1179 missae
1104 1121 1155 1178 sibi
1169 1118 1362 1177 sollicitudinis
1373 1119 1509 1176 sarcinam
1521 1120 1635 1193 cogitet,
1649 1129 1691 1190 et,
1710 1136 1795 1193 quan-

141 1218 309 1268 tenerantur
330 1209 498 1281 0000100οη
522 1210 603 1281 quia,
623 1209 690 1267 dum
712 1210 858 1268 universali
882 1220 948 1268 tunt
999 1225 1059 1275 tum
1073 1216 1151 1273 illurn
1166 1215 1226 1271 sine
1240 1212 1369 1270 dilatione
1383 1213 1507 1270 celeriter
1528 1213 1719 1285 approximare
1733 1229 1798 1270 con·

142 1318 281 1362 consensu
295 1303 455 1371 constituta,
478 1319 508 1360 se
527 1311 557 1359 et
569 1319 628 1360 non
658 1305 702 1360 illa
727 1304 856 1372 destruit,
870 1306 946 1377 quis·
1000 1309 1114 1376 siderat,
1128 1315 1204 1363 tanto
1218 1306 1252 1363 de
1266 1304 1404 1362 reddenda
1426 1305 1551 1378 pecuniae
1565 1304 1669 1361 ratione
1683 1321 1799 1377 propen-

143 1397 207 1471 quis
220 1396 363 1470 presumit
376 1404 425 1453 aut
438 1398 542 1453 solvere
566 1412 636 1469 quos
651 1397 750 1470 ligant,
773 1406 823 1454 aut
835 1399 948 1471 religare
1000 1404 1060 1459 sius
1083 1401 1192 1474 vigilare
1214 1415 1271 1456 non
1285 1398 1405 1472 negligat
1423 1414 1478 1471 quo
1498 1414 1608 1455 severus
1628 1400 1798 1468 Foenerator,

143 1506 215 1565 quos
227 1492 349 1547 solvunt.
365 1489 497 1562 Quisquis
510 1506 575 1564 ergo
594 1490 667 1548 aliud
686 1491 771 1564 sopit,
799 1491 947 1549 anathema
1000 1495 1129 1568 idemque
1141 1492 1246 1565 rigidus
1255 1493 1365 1548 Arbiter
1378 1508 1436 1548 non
1449 1492 1483 1549 de
1493 1492 1565 1548 male
1577 1490 1681 1549 infosso
1695 1492 1800 1549 talento
1902 1497 1904 1500 ’

142 1586 189 1642 sit.
212 1585 266 1641 iiis
283 1585 374 1656 itaque
386 1583 548 1640 sanctissimi
570 1583 620 1640 siri
647 1584 831 1657 praecipuique
852 1586 948 1642 docto·
1002 1589 1067 1663 quid
1086 1589 1198 1660 deputet
1211 1585 1299 1659 poenis
1308 1585 1439 1654 inueniat,
1452 1585 1500 1641 sed
1511 1583 1545 1642 de
1566 1584 1747 1657 multiplicato
1760 1585 1800 1642 lu·
1849 1602 1854 1611 ·

143 1679 181 1735 ris
203 1677 296 1735 serbis
318 1676 463 1750 diligenter
486 1676 646 1745 declaratis,
673 1677 847 1751 prudentiam
869 1687 948 1735 tuam
1002 1698 1050 1739 cro
1064 1679 1294 1738 arridensrosad
1307 1677 1428 1735 fructum
1441 1678 1528 1735 beatae
1538 1677 1725 1734 retributionis
1738 1693 1800 1750 per·

143 1772 287 1829 eharitatis
313 1769 415 1828 ellectu
447 1769 679 1855 commonendam
713 1772 883 1851 censuimus,
914 1780 947 1827 ut
964 1754 1278 1849 Bcipienduminritet.
1292 1760 1476 1844 Omnipotens
1486 1775 1572 1841 Deus,
1583 1771 1801 1844 cujusestquid·

144 1865 299 1923 clausulam
318 1880 404 1938 quam
428 1864 457 1920 in
470 1865 514 1921 illa
530 1864 608 1921 laude
622 1863 787 1938 subjungitis
808 1867 947 1922 :Sanetus
1002 1868 1068 1943 quid
1095 1875 1169 1925 recte
1195 1866 1329 1939 sapimus,
1356 1865 1490 1921 sentimus
1515 1872 1543 1920 et
1565 1864 1713 1932 credimus,
1740 1865 1799 1938 ipse

142 1961 235 2029 Deus,
264 1966 376 2016 sanctire
402 1956 496 2025 fortis,
512 2028 515 2033 ⁸
534 1965 645 2016 sanctus
670 1957 847 2025 immortalis;
865 1959 948 2015 istam
1001 1970 1126 2019 mentem
1148 1969 1204 2017 tuae
1226 1958 1403 2015 fraternitatis
1422 1958 1534 2014 uberius
1548 1956 1731 2022 illuminando
1752 1972 1801 2029 per

144 2052 298 2111 videlicet:
323 2053 375 2122 Qui
401 2051 550 2109 crucifixus
571 2067 615 2121 es,
640 2054 743 2120 [sorte
767 2067 806 2110 es.
831 2055 949 2121 ileum]
1002 2055 1062 2112 sani
1078 2055 1234 2111 intellectus
1247 2051 1387 2107 tramitem
1408 2048 1516 2122 dirigat,
1537 2059 1567 2106 et
1587 2050 1656 2107 tein
1671 2049 1800 2106 concordi
1904 2072 1912 2081 =

145 2163 197 2221 pro
211 2146 309 2213 nobis,
331 2144 464 2219 quoniam
478 2146 553 2202 nulla
576 2146 774 2211 Orientalium,
790 2156 888 2217 praeter
901 2161 949 2202 se-
1002 2150 1125 2207 fidelium
1139 2147 1242 2203 unitate
1265 2159 1430 2202 conservans
1444 2145 1482 2200 ita
1503 2141 1638 2216 gubernet
1656 2151 1737 2215 atque
1751 2158 1800 2199 cu·

145 2248 246 2307 mam,
262 2238 312 2296 sed
323 2255 374 2296 nee
393 2246 489 2295 sancta
506 2241 633 2295 Romana
647 2238 733 2296 habet
750 2239 885 2309 Ecclesia,
900 2255 950 2296 vos
1003 2242 1107 2300 studiat
1121 2250 1151 2298 ut
1165 2249 1193 2297 et
1204 2240 1341 2312 subjectos
1354 2238 1402 2295 tibi
1417 2237 1533 2310 populos
1546 2235 1693 2294 efficaciter
1709 2235 1746 2293 de
1757 2235 1801 2291 di·
1901 2266 1904 2271 ·

145 2334 234 2391 totius
254 2332 377 2391 scandali
391 2332 563 2389 occasionem
578 2332 708 2404 pravique
727 2332 881 2390 intellectus
902 2348 949 2390 su·
1005 2333 1444 2407 rinascientiapossitinstruere,
1459 2340 1561 2388 etcum
1577 2330 1801 2404 ipsiesempiter·
1871 2378 1873 2383 ,

146 2427 301 2500 spiciouem
334 2427 465 2495 vitantes,
492 2425 673 2498 superaddere
700 2426 734 2483 de
761 2436 859 2484 cetero
886 2429 950 2483 mit·
1004 2448 1069 2489 nam
1084 2431 1201 2503 gloriam
1224 2426 1340 2502 ingredi,
1367 2443 1417 2500 pro
1441 2426 1481 2483 eis
1505 2440 1568 2482 sero
1583 2426 1670 2482 valeas
1690 2422 1803 2497 praemia

146 2521 224 2577 tatis.
249 2520 371 2577 sienim
397 2535 446 2576 vas
469 2519 624 2587 electionis,
655 2519 828 2576 beatissimus
850 2505 951 2577 Paulus
1004 2541 1114 2582 summa
1136 2525 1286 2597 percipere.

147 2614 184 2671 de
217 2614 360 2671 sumendis
390 2612 461 2671 cibis
494 2613 595 2669 melius
624 2613 675 2670 eibi
709 2629 849 2671 essenon
875 2629 951 2671 man·
1041 2621 1112 2675 Data
1124 2625 1220 2673 octavo
1229 2615 1293 2673 idus
1305 2614 1393 2670 Junii.

147 2708 253 2766 dueare
270 2723 361 2780 neque
373 2707 468 2764 bibere
482 2722 602 2780 nequam
627 2714 659 2764 ut
681 2706 768 2764 frater
784 2705 951 2777 scandaliza·
1150 2714 1229 2778 (loo)
1243 2712 1434 2765 duramentum
1448 2709 1559 2766 liuberti
1571 2708 1658 2765 ducis.

149 2811 230 2860 retur
238 2801 376 2870 asseruit(
381 2804 397 2858 l
402 2803 461 2859 cor.
473 2806 563 2868 mar),
573 2800 747 2858 considerare
755 2800 951 2873 debetisquam
1043 2809 1100 2879 ugo
1112 2803 1261 2872 Robertus,
1276 2802 1328 2857 Dei
1342 2803 1429 2874 gratia
1443 2808 1470 2858 et
1484 2802 1568 2858 sancti
1583 2803 1667 2866 Petri,
1683 2801 1806 2873 Apulia,

148 2910 233 2970 gram
245 2903 273 2952 et
285 2894 470 2967 periculosum
481 2894 532 2962 eit,
545 2893 590 2950 ubl
604 2893 706 2951 saniori
720 2894 856 2951 intellectu
871 2893 950 2950 vitari
1007 2908 1035 2956 et
1045 2898 1178 2956 Calabriae
1192 2904 1220 2952 et
1242 2894 1341 2951 Siclliae
1353 2893 1421 2962 dux,
1435 2895 1470 2952 ab
1488 2895 1539 2951 hac
1553 2895 1620 2952 hora
1635 2903 1663 2951 et
1673 2894 1803 2967 deinceps

150 2997 257 3063 potest,
279 2986 411 3046 fratribus
424 2986 460 3045 de
473 2987 528 3044 tide
548 2987 707 3047 scandalum
721 3003 860 3059 generare.
876 2987 950 3056 dna·
1003 3008 1050 3049 ero
1065 2990 1149 3047 fedelis
1163 2997 1264 3046 sanctae
1279 2990 1415 3045 Romanae
1434 2988 1575 3057 Ecclesiae,
1597 2995 1626 3044 ct
1646 2986 1804 3059 apostolicae

149 3091 265 3155 propter
278 3080 433 3138 fraternitas
439 3090 486 3138 tua
497 3081 627 3139 Ecclesiae
640 3082 719 3153 eujus
732 3080 784 3137 sibi
794 3096 859 3138 cura
872 3096 949 3137 com·
965 3116 987 3179 C
1005 3085 1066 3142 sedi
1080 3093 1107 3141 el
1121 3083 1180 3151 tibi,
1190 3081 1303 3139 domino
1317 3096 1382 3138 meo
1397 3081 1529 3155 Gregorio
1549 3079 1692 3138 uniuersali
1715 3093 1802 3151 papae.

151 3177 236 3233 misse
249 3184 294 3233 est
313 3174 465 3232 nuendum
477 3182 564 3246 putet,
576 3183 604 3232 et
620 3173 713 3231 credat
734 3173 863 3231 sufficere
875 3172 952 3246 quod
1008 3177 1223 3237 summitteret
1239 3177 1321 3245 lacto,
1342 3174 1414 3232 unde
1424 3175 1506 3231 vitam
1519 3183 1566 3232 aut
1578 3174 1733 3231 membrum
1748 3187 1804 3243 per·

151 3269 288 3327 &liwliffi
299 3269 328 3324 5¹¹
341 3269 437 3325 Orbem
447 3279 583 3325 terrarum
595 3266 695 3324 diffusa
704 3268 837 3336 Ectltsisss
852 3267 953 3340 Spiritu
1007 3273 1068 3341 das,
1081 3272 1124 3327 sel
1136 3277 1232 3343 eaptus
1241 3268 1280 3325 sie
1289 3268 1360 3325 mala
1372 3268 1498 3340 ceptione
1506 3284 1564 3325 non
1573 3283 1632 3325 ero.
1641 3264 1803 3331 Consilium,

153 3371 248 3421 sancto
268 3363 422 3419 illustrante
438 3362 552 3430 edocta,
567 3362 668 3418 sentire
683 3361 857 3434 cognoscitur
871 3370 900 3417 et
911 3370 953 3417 te·
1007 3365 1081 3438 quod
1095 3363 1163 3420 mihi
1175 3360 1322 3419 credideris
1335 3369 1364 3417 et
1376 3361 1573 3418 contradixeris
1585 3376 1622 3417 ne
1633 3359 1701 3415 illud
1714 3358 1803 3414 mani·

152 3472 216 3514 uere
226 3456 391 3514 declaratur.
407 3457 450 3511 De
460 3455 574 3527 reliquo,
591 3455 655 3527 quia
666 3455 847 3527 cognorimus
862 3455 955 3511 Eccle-
1007 3457 1118 3524 festem,
1141 3472 1200 3512 non
1221 3453 1402 3511 manifestabo
1426 3454 1462 3510 ad
1487 3463 1566 3511 tuum
1588 3452 1733 3520 damnum,
1760 3466 1805 3507 me

154 3551 221 3608 riam
237 3556 359 3606 vestram
370 3564 466 3622 azyma
479 3548 648 3615 sacrificare,
663 3556 691 3605 et
704 3549 741 3605 ob
756 3548 807 3604 hoe
820 3565 835 3605 a
850 3549 955 3605 Graccis
1007 3552 1122 3608 sciente.
1146 3551 1253 3606 Sanctae
1271 3551 1408 3605 Romanae
1431 3548 1561 3606 Ecclesiae
1578 3547 1680 3620 tibique
1695 3545 1805 3619 adjutor

155 3644 286 3702 duntaxat
305 3642 438 3714 imperitis
451 3641 527 3715 quasi
540 3640 574 3698 de
597 3641 692 3699 haeresi
714 3641 876 3715 reprehendi
884 3685 892 3711 ,
908 3657 954 3697 ro·
1008 3660 1056 3702 ero
1070 3644 1104 3702 ad
1115 3641 1274 3710 tenendum,
1287 3640 1497 3715 acquirendum,
1509 3649 1536 3722 et
1544 3637 1750 3697 defendendum
1763 3654 1806 3694 re·

156 3735 248 3795 lamus
261 3750 312 3793 sos
326 3735 361 3792 de
372 3735 518 3792 temeraria
538 3736 698 3808 garrulitate
711 3736 821 3792 illorum
834 3737 954 3791 multum
1008 3738 1080 3812 galia
1101 3736 1189 3793 sancti
1218 3735 1303 3806 Petri,
1326 3735 1439 3809 ejusque
1459 3734 1646 3807 possessiones
1668 3748 1718 3805 pro
1741 3746 1806 3788 meo

156 3830 258 3902 uitari,
270 3828 320 3887 sed
330 3844 382 3886 nec
390 3829 425 3884 ab
434 3828 561 3885 instituto
569 3826 716 3897 desistere,
726 3828 846 3885 scientes
857 3843 953 3884 eorum
1009 3847 1089 3905 posse
1105 3839 1202 3886 contra
1217 3844 1314 3886 omnes
1331 3828 1467 3896 homines,
1488 3835 1600 3902 excepta
1613 3835 1690 3900 parte
1700 3825 1807 3882 Firma·

158 3925 352 3996 pocaeitatem
363 3938 420 3980 uon
435 3922 520 3979 modo
535 3919 611 3977 vobis
623 3921 694 3977 hanc
705 3921 778 3977 velut
788 3921 954 3978 calumniam
1008 3939 1053 3981 nae
1065 3922 1204 3993 marchiae,
1218 3931 1247 3978 et
1259 3923 1373 3979 salerno
1383 3931 1465 3994 atque
1476 3920 1615 3994 hmalphi,
1629 3920 1703 3978 unde
1717 3916 1807 3976 adhuc

159 4018 291 4092 objicere,
305 4032 400 4074 vemm
412 4017 497 4073 eliam
511 4015 545 4072 de
559 4014 638 4070 simili
650 4030 746 4083 causa,
760 4015 877 4088 graviori
890 4030 954 4072 vero
1007 4016 1078 4074 facta
1092 4034 1149 4073 non
1168 4024 1210 4072 est
1223 4013 1354 4083 delinitio,
1370 4023 1398 4071 et
1420 4013 1557 4087 adjuvabo
1574 4023 1601 4070 te
1621 4021 1654 4070 ut
1666 4027 1760 4069 secure
1778 4018 1808 4067 et

159 4108 267 4186 injuria,
281 4109 424 4183 hueusque
437 4118 531 4167 contra
546 4116 670 4165 sanctam
685 4111 842 4164 Romanam
860 4109 955 4164 Eucle-
1009 4110 1157 4167 honorilice
1171 4118 1265 4165 teneas
1279 4116 1410 4182 papatum
1424 4110 1592 4165 Romanum.
1606 4108 1719 4162 Terram
1740 4106 1808 4161 San·

159 4205 222 4263 ism
235 4205 397 4277 insurgere,
406 4218 468 4277 quae
478 4218 526 4275 per
535 4203 647 4258 beatum
656 4202 784 4268 Petrum,
797 4201 872 4273 quasi
883 4217 956 4274 quo·
1009 4205 1044 4260 cti
1067 4203 1151 4272 Petri,
1164 4218 1249 4275 quam
1262 4217 1335 4257 nunc
1348 4209 1435 4268 tenes,
1451 4201 1494 4256 rel
1508 4200 1652 4257 habiturus
1676 4213 1716 4266 es,
1731 4205 1806 4270 post·

160 4295 216 4355 dam
228 4297 387 4372 privilegio,
397 4297 432 4354 ah
445 4297 510 4368 ipsis
518 4295 583 4352 fidei
593 4294 752 4368 primordiis
765 4294 894 4351 asanctis
906 4297 956 4351 Pa·
1009 4313 1093 4369 quam
1109 4295 1215 4352 scivero
1228 4303 1284 4351 tuae
1300 4292 1359 4350 esse
1374 4294 1525 4365 potestatis,
1546 4308 1598 4349 nec
1613 4290 1744 4348 invadere
1755 4305 1808 4347 nec

159 4392 245 4449 tribus
259 4390 385 4448 omnium
398 4398 488 4446 mater
504 4388 688 4445 Ecclesiamm
702 4387 865 4457 adstruitur,
880 4386 956 4444 etita
1010 4390 1149 4461 acquirere
1164 4403 1298 4461 quaeram,
1312 4402 1363 4443 nee
1376 4385 1458 4442 etiam
1477 4384 1628 4457 depraedari
1641 4398 1806 4456 praesumam

160 4497 241 4559 mque
255 4483 285 4541 in
300 4481 383 4540 finem
395 4497 503 4554 semper
514 4480 660 4537 habebitur
673 4499 681 4537 ε
696 4481 725 4537 in
740 4496 793 4554 qua
803 4480 896 4538 nullus
907 4497 957 4538 uu·
972 4499 995 4561 ῃ
1009 4484 1111 4555 absque
1120 4492 1167 4538 tua
1180 4491 1345 4553 tuorumque
1356 4493 1557 4546 successorum,
1567 4478 1613 4550 qui
1622 4476 1658 4532 ad
1671 4475 1807 4532 honorem

160 4592 240 4651 mam
253 4577 399 4634 haeretieus
413 4575 553 4648 praefuisse
567 4573 748 4647 dignoscitur,
768 4589 957 4647 necunquam
1010 4577 1097 4633 sancti
1119 4575 1190 4632 Petri
1207 4572 1325 4631 ordinati
1341 4572 1456 4639 fuerint,
1479 4580 1552 4628 certa
1576 4569 1693 4633 licentia,
1708 4577 1807 4641 praeter

160 4671 377 4742 paeflciendum,
392 4667 546 4742 praesertim
556 4667 958 4740 Dominopromittenle,con·
1011 4670 1086 4726 illam
1109 4684 1195 4742 quam
1216 4676 1246 4723 tu
1268 4665 1336 4722 mihi
1358 4664 1503 4735 concedes,
1525 4664 1566 4721 vel
1587 4663 1628 4733 tui
1650 4663 1807 4720 concessuri

159 4765 279 4824 ddimus.
298 4765 345 4820 Ait
352 4763 429 4820 enim
436 4761 574 4820 Dominus
581 4764 662 4818 lesus
675 4779 682 4816 :
696 4765 808 4833 Ερορτο
819 4764 957 4831 leroquut‘,
1011 4773 1075 4820 sunt
1090 4776 1270 4819 successores.
1291 4760 1456 4816 Pensionem
1475 4758 1595 4815 deterre
1615 4757 1706 4815 Sancti
1721 4756 1807 4826 Petri,

160 4861 244 4927 Pete-e,
259 4861 293 4913 nt
301 4872 356 4912 oon
365 4856 471 4926 madal
482 4856 548 4926 fides
557 4861 606 4912 tue
615 4854 786 4927 (Lucmxu).
799 4856 834 4910 Et
846 4854 884 4910 illi
895 4853 959 4927 qui·
1012 4872 1094 4928 quam
1106 4871 1157 4927 ego
1168 4864 1250 4910 teneo
1261 4862 1309 4910 eut
1321 4852 1431 4920 tenebo,
1445 4851 1515 4909 sicut
1524 4859 1657 4909 statutum
1669 4859 1720 4918 est,
1733 4858 1808 4907 recta

159 4950 217 5010 dan
226 4965 314 5009 strum
325 4947 762 5016 fermentatumeommendantes,
771 4947 962 5020 reprehensio.
1011 4949 1066 5006 fide
1087 4947 1204 5005 studebo
1217 4955 1249 5004 ut
1261 4947 1338 5004 illam
1349 4945 1502 5003 annualiter
1513 4952 1605 5003 sancta
1619 4948 1748 5002 Romana
1760 4943 1808 5001 ha·

158 5045 196 5103 tis
206 5046 239 5103 in
247 5059 303 5102 nos
317 5042 452 5100 levissima
463 5041 546 5099 verba
560 5042 762 5098 contumaciter
774 5040 891 5113 joculari
901 5058 959 5099 non
1011 5043 1075 5099 beat
1085 5041 1213 5099 Ecclesia.
1231 5043 1336 5099 Omnes
1346 5055 1455 5114 quoque
1465 5040 1609 5110 Ecclesiae,
1624 5054 1686 5112 quae
1696 5039 1727 5095 in
1747 5053 1809 5094 mea

159 5137 295 5197 desinunt.
311 5139 370 5194 Noe
383 5152 448 5194 vero
462 5151 589 5209 azymum
602 5143 730 5201 noenum
751 5135 960 5207 inexpugnabili
1011 5136 1161 5208 persistunt
1180 5134 1370 5192 dominatione
1385 5149 1448 5190 cum
1467 5133 1576 5190 illerum
1593 5130 1809 5205 possessionibus

159 5231 310 5292 mudum
329 5230 486 5288 Dominum
510 5229 615 5286 ratione
631 5226 820 5296 defendentes,
836 5228 957 5299 ipsorum
1011 5229 1149 5286 dimittam
1160 5229 1189 5285 iu
1199 5237 1246 5285 tua
1259 5236 1403 5301 potestate,
1413 5235 1441 5284 et
1455 5225 1584 5284 defensor
1595 5241 1642 5282 ero
1654 5225 1760 5282 illarum
1773 5221 1808 5279 ad

160 5322 353 5384 fermentatum
374 5339 428 5381 nec
441 5323 628 5394 vituperamus
641 5337 693 5378 nec
705 5322 897 5395 reprobamus,
913 5338 957 5379 se·
1011 5322 1172 5380 fidelitatem
1181 5331 1285 5380 sancte
1298 5321 1579 5379 Romanaesscclesiae.
1590 5319 1660 5376 Etsi
1672 5326 1702 5374 tu
1715 5317 1757 5374 vel
1769 5315 1809 5373 tui

161 5428 273 5489 mentes
297 5418 468 5491 Apomolum
489 5415 630 5473 dicentem
649 5416 761 5472 mundis
783 5431 844 5473 esse
869 5419 960 5472 omnio
1011 5432 1183 5474 successores
1192 5426 1259 5474 ante
1274 5432 1321 5473 me
1334 5432 1367 5472 ex
1379 5416 1430 5472 hac
1438 5415 1495 5472 sita
1509 5412 1700 5486 migraveritis,
1710 5425 1811 5467 secun-

160 5513 260 5569 mundo
270 5512 343 5584 (Tit.
361 5515 400 5578 ι).
420 5509 474 5567 Sed
488 5508 522 5567 ad
538 5509 723 5581 detegendam
738 5517 766 5565 et
779 5518 958 5567 contemueu-
1011 5508 1078 5567 dum
1092 5510 1166 5582 quod
1181 5511 1300 5567 monitus
1311 5509 1417 5566 fueroa
1437 5506 1594 5565 melioribus
1612 5503 1808 5570 cardinalibus,

160 5602 396 5665 dmsraeeorum
404 5603 589 5662 temeritatem
601 5618 675 5659 nunc
686 5602 738 5659 ista
749 5601 898 5661 sufficiant.
912 5604 958 5660 Di·
1011 5603 1119 5660 clericis
1135 5603 1270 5661 Romanis
1288 5612 1317 5659 et
1339 5603 1424 5671 laicis,
1445 5600 1581 5675 adjuvabo
1595 5609 1628 5657 ut
1644 5611 1713 5671 papa
1727 5595 1810 5668 eliga-

191 5793 271 5867 (loo)
283 5794 346 5851 Hoc
354 5792 547 5866 iuramentum
557 5792 648 5850 adan.
659 5796 730 5849 1077
744 5792 883 5865 pertinere
895 5790 1038 5851 contendit
1048 5791 1158 5865 Pagiue,
1172 5790 1206 5849 ad
1221 5807 1268 5848 an.
1281 5789 1333 5847 Cb.
1347 5795 1427 5857 1080,
1441 5803 1470 5843 n.
1485 5792 1511 5842 ⁵.
