3870 6164
146 277 194 341 lu
759 272 788 332 S.
808 270 1000 333 sustentus
1017 272 1063 332 vn
1082 268 1201 351 essu.
1711 250 1713 255 ’
1743 269 1797 330 trs

146 408 285 469 Dominus
296 384 389 465 tamen
399 406 472 477 Papa
486 401 629 477 synodum
643 401 732 460 tribus
745 401 840 460 diebus
854 400 945 459 solen·
958 406 985 470 Α
998 399 1069 459 bello
1081 405 1255 474 appeteret...
1268 395 1320 455 Sed
1333 397 1473 454 Deuricus
1484 402 1626 469 acceptam
1636 394 1797 470 pecuniam,

146 504 218 562 tinec
232 502 396 570 celebravit3
409 509 446 570 et,
461 514 496 556 ne
516 498 666 555 ilenricum
679 497 779 555 iterum
793 497 945 570 specialiter
997 510 1057 553 non
1070 495 1098 551 in
1112 493 1285 568 procinctum
1300 500 1395 549 contra
1410 489 1614 560 iluodbertum,
1629 490 1704 565 quod
1716 489 1798 565 J'ura·

147 596 400 663 anathematizaret,
420 593 465 651 vix
479 593 615 668 asynodo
634 599 676 649 cst
685 599 831 650 exoratus:
848 605 945 649 omnes
999 599 1095 648 mento
1123 589 1257 664 promisit,
1276 582 1324 644 sed
1352 586 1386 644 ad
1402 584 1603 643 conciliandum
1627 586 1680 644 sihi
1698 587 1798 660 vulgus

146 702 240 751 tamen
261 688 519 758 excommunicavit,
542 682 711 762 quicumque
735 685 855 759 aliquem
869 684 944 744 ads.
999 689 1160 743 Romanum
1177 682 1305 756 expendit
1328 698 1335 738 ε
1360 678 1440 754 cujus
1454 681 1591 754 adjutorio
1607 673 1814 740 Laterauense·

43 854 49 859 .
144 781 943 858 PetrumetPepamvenientemimpedirentquoquomodo.
999 780 1130 853 palatium
1144 777 1209 835 leria
1229 777 1324 851 quinta
1353 785 1418 833 ante
1432 775 1550 846 Palmae,
1573 789 1637 832 cum
1663 791 1714 833 suo
1736 778 1796 835 Ra·

182 880 225 934 ld.
242 875 364 950 Sedjarn
386 872 494 932 advenit
516 873 648 931 terminus
666 870 796 946 adquem
815 871 944 942 Romani,
1000 882 1117 931 vennate
1132 873 1276 941 Guiberto,
1291 870 1412 928 intravit.
1431 869 1544 928 Nobiles
1563 878 1656 928 autem
1666 869 1796 940 Romani,
1828 928 1831 932 ,

145 972 281 1030 nesciente
301 973 384 1044 Papa,
401 968 454 1025 hoc
475 966 595 1026 ilenrico
621 984 651 1025 se
676 965 825 1024 ellecturos
839 965 947 1041 jurave-
999 966 1253 1052 praeteradmodum
1267 980 1452 1038 paucos‚cum
1463 963 1583 1022 Domino
1599 967 1672 1038 Papa
1686 966 1797 1041 Grego-

145 1075 219 1134 rant,
232 1074 263 1123 ut
276 1079 341 1122 eum
354 1062 504 1135 Gregorius
517 1063 589 1135 Papa
613 1060 796 1130 incoronaret,
819 1071 865 1118 aut
878 1060 946 1119 alius
999 1063 1040 1120 rio
1055 1068 1202 1120 tenuerunt
1223 1061 1268 1132 qul
1283 1066 1312 1117 et
1330 1058 1509 1133 quadraginta
1536 1058 1646 1117 obsides
1669 1058 1695 1117 ei
1714 1058 1798 1118 dede·

146 1177 230 1234 quem
245 1158 295 1231 ipsi
313 1156 358 1215 illo
373 1158 487 1229 expulso
500 1156 641 1230 eligerent.
655 1155 734 1226 Quod
743 1156 945 1231 juramentum,
1000 1167 1075 1228 runt,
1090 1161 1163 1228 Papa
1177 1164 1270 1213 autem
1280 1154 1308 1211 in
1323 1153 1467 1211 castellnm
1481 1156 1509 1211 S.
1532 1153 1627 1226 Angeli
1639 1168 1668 1210 se
1680 1152 1797 1227 recepit,

146 1252 211 1311 licet
224 1254 253 1309 in
267 1250 405 1325 praeterita
417 1259 511 1309 aestate
524 1250 623 1307 lactum
638 1249 731 1320 suerit,
744 1265 841 1307 omnes
854 1258 946 1306 tamen
1001 1266 1153 1326 omnesque
1162 1250 1307 1309 Tiberinos
1320 1257 1416 1322 pontes
1422 1257 1449 1306 ct
1455 1246 1591 1305 firmiores
1603 1251 1799 1306 Romanorum

148 1347 263 1404 intimos
278 1361 355 1419 papae
369 1344 501 1418 usquead
515 1345 662 1401 terminum
676 1360 744 1416 pene
753 1344 840 1403 latuit.
855 1343 946 1401 Adve·
1000 1347 1168 1404 munitiones
1180 1345 1210 1401 in
1225 1359 1274 1402 sua
1287 1342 1405 1401 obtinuit
1418 1349 1561 1415 potestate.
1582 1344 1613 1397 In
1627 1340 1671 1398 dic
1691 1345 1799 1400 Resur-

148 1441 239 1498 nieute
262 1456 327 1514 ergo
345 1441 477 1510 termino,
503 1440 622 1497 Romani
648 1441 727 1513 Papae
740 1437 774 1495 de
789 1438 946 1511 iuramento
1000 1440 1129 1500 rectionis
1150 1439 1304 1496 Dominicae
1320 1438 1470 1507 Henricus,
1489 1437 1525 1494 ab
1537 1435 1719 1504 haeresiarcha
1744 1451 1798 1494 suo

149 1532 398 1603 manifestavemnt,
425 1532 546 1591 dicentes
569 1548 599 1589 se
619 1533 672 1589 hoc
694 1532 810 1607 jurasse,
837 1548 892 1588 non
917 1540 948 1589 ut
1000 1540 1172 1603 Ravennate,
1193 1536 1330 1591 Coronam
1357 1548 1415 1589 non
1439 1531 1545 1605 gloriae,
1564 1530 1611 1586 sed
1627 1529 1799 1588 confusionis

147 1625 220 1701 Papa
235 1626 386 1685 solenniter
396 1627 478 1702 regali
491 1627 619 1684 unctione
629 1627 812 1696 incoronaret,
827 1625 876 1683 sed
886 1635 947 1683 tan-
1001 1629 1138 1704 sccepit...
1153 1631 1220 1685 Erat
1231 1627 1303 1685 enim
1317 1627 1375 1700 ipse
1392 1630 1537 1683 Ravennae
1552 1623 1798 1699 Archiepiscopus,

148 1727 209 1778 lum
224 1721 384 1794 simpliciter
406 1729 437 1777 ut
457 1721 482 1777 ei
497 1723 633 1778 Coronam
651 1721 739 1778 daret.
758 1722 863 1778 Annuit
881 1736 946 1795 ergo
1001 1735 1028 1783 et
1050 1723 1238 1782 omnimodam
1257 1721 1442 1780 obedientiam
1465 1724 1591 1777 Romano
1606 1718 1728 1776 Pontilici
1749 1719 1799 1793 Ju-

148 1815 222 1888 Papa
247 1831 343 1872 eorum
361 1815 441 1885 votis,
462 1823 492 1872 ut
514 1830 562 1873 eos
581 1832 596 1872 a
613 1814 770 1889 juramento
783 1814 945 1884 absolveret,
961 1776 986 1840 B
1000 1819 1080 1889 ravit,
1096 1834 1180 1895 quarn
1194 1826 1222 1874 et
1233 1817 1310 1874 nullo
1324 1824 1449 1888 tempore
1464 1813 1579 1871 lideliter
1594 1821 1725 1871 executus
1738 1821 1798 1881 est;

148 1908 273 1969 videlicet
284 1910 415 1977 ilenrico,
432 1909 455 1965 si
475 1909 555 1965 vellet
570 1925 635 1966 cum
657 1909 774 1983 justitia,
793 1910 835 1965 sin
854 1917 946 1966 autern
1001 1915 1048 1972 sed
1062 1929 1119 1970 non
1130 1913 1216 1968 multo
1225 1918 1298 1983 post,
1312 1918 1404 1982 spreto
1408 1909 1578 1982 juramento,
1594 1906 1722 1980 singulari
1733 1922 1799 1963 con-

149 2020 213 2061 cum
234 2003 436 2071 maledictione,
458 2004 597 2060 Coronam
618 2003 704 2059 daret.
725 2002 807 2060 Unde
827 2006 946 2060 Romam
1000 2007 1114 2065 tumelin
1135 2014 1230 2064 contra
1248 2004 1433 2076 Apostolicam
1453 2002 1550 2060 Sedem
1572 2001 1708 2075 erigitur:
1725 1999 1800 2057 unde

150 2096 351 2155 mandaverunt
367 2107 398 2155 ut
421 2096 524 2155 veniret
543 2097 578 2154 ad
599 2096 783 2171 accipiendam
809 2100 947 2156 Coronam
1000 2104 1035 2159 ab
1050 2100 1206 2175 Apostolica
1222 2098 1293 2157 Sede
1314 2107 1341 2155 et
1355 2098 1390 2154 ab
1406 2096 1547 2170 Episcopis
1566 2094 1652 2152 totius
1667 2095 1799 2151 Ecclesiae
1813 2102 1817 2107 ’

148 2209 213 2250 curn
225 2192 331 2265 justitia
344 2190 367 2248 si
385 2192 479 2261 vellet,
492 2193 534 2249 sin
548 2200 651 2261 eutem,
667 2191 701 2248 de
715 2191 826 2248 castello
840 2194 867 2251 S.
890 2195 947 2248 An·
1001 2197 1028 2252 in
1043 2188 1306 2269 Romana'Synodo,
1326 2201 1387 2264 post
1407 2189 1552 2247 canonicas
1574 2188 1708 2258 inducias,
1728 2188 1801 2245 irre·

149 2286 200 2360 geli
216 2302 264 2359 per
275 2287 379 2359 virgam
392 2285 444 2343 sibi
462 2284 611 2344 demissam
624 2302 638 2340 a
652 2289 724 2357 Papa
739 2285 879 2359 reciperet.
894 2286 948 2343 Sed
1001 2289 1192 2362 cuperabiliter
1203 2287 1349 2359 deponitur
1363 2295 1391 2343 et
1400 2283 1663 2342 anathematizatur:
1684 2298 1736 2339 nec
1749 2283 1802 2340 hoc

149 2379 269 2438 Henrico
289 2389 439 2453 utrumque
465 2389 618 2447 recusante,
644 2379 727 2437 alium
751 2381 885 2452 Legatum
911 2380 947 2437 illi
1000 2384 1095 2451 semel,
1110 2399 1160 2440 uec
1174 2382 1202 2439 in
1214 2397 1268 2438 una
1282 2379 1404 2452 Synodo,
1417 2379 1464 2436 sed
1485 2379 1513 2434 in
1528 2377 1658 2435 omuibus
1670 2375 1802 2450 synodis,

64 2514 67 2521 -
148 2469 283 2544 direxere,
297 2473 373 2546 quod
381 2473 542 2546 juraverint,
557 2490 608 2530 nec
620 2490 648 2531 se
658 2489 691 2530 eo
698 2474 860 2548 juramento
875 2474 947 2531 deti·
1001 2486 1135 2551 quotquot
1147 2477 1174 2533 in
1189 2476 1318 2533 sexennio
1332 2478 1430 2532 Romae
1446 2472 1590 2530 celebratae
1608 2480 1671 2529 sunt
1686 2514 1704 2529 ..
1721 2473 1801 2545 Qua—

149 2565 207 2625 neri
222 2567 354 2626 obnoxios
370 2589 378 2624 ε
394 2568 477 2642 igitur
491 2570 618 2624 Domino
628 2571 709 2641 Papae
722 2567 811 2625 multo
826 2567 946 2639 firmius,
1002 2581 1115 2644 propter
1125 2570 1298 2628 etHenricus
1307 2569 1342 2626 ab
1350 2568 1636 2627 eudemiucoronatus
1645 2565 1802 2623 damnatio·

149 2661 367 2736 quampridem,
391 2661 504 2719 consilio
531 2671 559 2719 et
580 2661 677 2718 auxilio
699 2662 848 2720 adhaesere.
875 2666 948 2720 ilen-
1001 2681 1064 2722 nom
1080 2665 1139 2740 ejus
1153 2664 1321 2721 hereditasse
1329 2678 1387 2720 non
1397 2662 1552 2729 dubitatur,
1564 2660 1690 2718 similiter
1702 2668 1730 2716 et
1740 2674 1801 2715 om·

148 2756 222 2814 ricus
234 2764 329 2814 autem
343 2756 431 2814 multo
449 2755 603 2826 instantius,
620 2771 668 2828 pro
686 2755 727 2812 eis
744 2772 803 2814 suae
817 2757 888 2828 parti
902 2772 947 2829 ap
1002 2776 1064 2830 nes,
1078 2760 1246 2832 quicumque
1259 2757 1372 2832 aliquid,
1384 2755 1485 2831 quoda
1496 2756 1615 2812 Domino
1630 2756 1702 2827 Papa
1712 2754 1802 2810 susci·

74 2900 81 2907 ‚i
147 2848 290 2923 plicandis,
309 2866 383 2908 nunc
394 2850 537 2919 minando,
551 2865 624 2907 nunc
634 2850 823 2924 promittendo
837 2850 944 2908 labora·
1001 2855 1133 2928 piendum
1154 2861 1272 2917 esset,a
1297 2851 1430 2924 prmdicto
1449 2848 1630 2907 haeresiarcha
1646 2848 1723 2921 quasi
1737 2862 1800 2906 sus·

147 2943 202 3014 vit,
237 2943 412 3017 multumque
444 2954 552 3017 tempus
567 2945 638 3001 circa
663 2947 782 3002 Romam
810 2952 943 3015 moratus,
1000 2956 1111 3021 ceptum
1123 2953 1335 3020 usurpavemnt.
1346 2944 1508 3002 Morabetur
1516 2952 1609 3000 autem
1620 2942 1758 2999 Henricus
1769 2941 1801 2998 in

149 3037 212 3096 huic
234 3038 343 3111 negotio
366 3036 521 3111 invigilavit.
544 3037 597 3095 Sed
611 3037 671 3109 jam
692 3038 835 3110 septennio
854 3047 945 3095 totum
999 3041 1182 3098 Lateranensi
1194 3040 1293 3115 palatio
1305 3054 1369 3097 cum
1382 3041 1545 3096 Rauennate
1561 3053 1621 3107 suo,
1635 3053 1686 3093 nec
1700 3052 1716 3093 a
1728 3035 1800 3093 ilde-

147 3128 311 3188 Romauum
331 3130 476 3203 imperium
500 3129 569 3186 civili
593 3129 676 3197 bello,
690 3131 777 3187 nimio
794 3130 947 3189 schismatis
965 3135 1074 3200 clibus
1099 3139 1181 3208 Papae
1205 3150 1255 3208 per
1279 3134 1417 3191 civitatem
1438 3132 1473 3190 ad
1499 3134 1528 3190 S.
1552 3136 1666 3189 Petrum
1683 3130 1802 3187 transire

147 3221 261 3279 dissidio
276 3223 418 3296 laboravit,
438 3222 496 3279 aliis
508 3221 621 3295 quidem
634 3225 752 3282 Domino
774 3224 945 3297 Apostolioo,
1001 3227 1317 3304 permittebaturzsedin
1325 3228 1382 3301 ipsa
1391 3226 1512 3284 Paschali
1520 3223 1693 3283 hebdomada
1703 3223 1802 3281 fideles

146 3314 206 3374 aliis
224 3327 318 3375 autem
334 3317 454 3374 ilenrico
466 3315 632 3390 faventibus,
648 3327 676 3376 et
690 3320 726 3376 ob
742 3319 795 3377 hoc
808 3321 946 3394 utrimque
1001 3322 1170 3398 aggreditur,
1178 3321 1206 3379 in
1218 3337 1271 3396 qua
1282 3319 1475 3395 congressione
1488 3319 1668 3392 quadraginta
1679 3333 1748 3391 pene
1760 3320 1801 3375 in·

146 3419 237 3469 totum
250 3414 380 3485 lleguum
389 3411 492 3486 pracda,
503 3411 575 3470 lerro
586 3422 613 3470 et
627 3412 690 3487 igne
699 3413 888 3472 miserabiliter
899 3415 945 3471 de·
1001 3427 1044 3476 ter
1055 3427 1180 3475 mortuos
1192 3425 1221 3474 et
1233 3415 1392 3473 vulneratos
1401 3413 1519 3488 perdidit
1533 3414 1609 3486 (nam
1618 3413 1714 3486 reliqui
1726 3403 1802 3487 luge·

147 3506 327 3565 vastantibus.
345 3505 504 3565 Paucissimi
522 3507 653 3565 Catholici
674 3509 802 3583 Episcopi
818 3526 851 3567 cx
868 3517 946 3582 parte
1000 3519 1084 3581 runt),
1096 3528 1127 3569 ex
1139 3519 1319 3584 parteautem
1330 3509 1445 3566 Domini
1455 3511 1536 3582 Papae
1546 3523 1599 3564 nec
1608 3522 1679 3565 unus
1689 3505 1801 3563 cecidit.

146 3599 297 3674 Apostolici
321 3609 511 3658 remanserunt
536 3620 542 3657 :
568 3602 614 3674 qui
639 3609 666 3658 et
690 3602 805 3675 propriis
830 3603 946 3661 Sedibus
1038 3606 1231 3664 isimbertus
1247 3603 1420 3671 Wiscardus,
1443 3607 1503 3659 Dux
1527 3598 1800 3670 Normannorum,in

146 3693 261 3766 expulsi,
277 3688 333 3751 suis
347 3694 474 3766 gregibus
483 3694 625 3768 providere
638 3711 695 3753 non
706 3696 945 3770 permittebantur.
999 3700 1145 3759 servitium
1163 3703 1191 3759 S.
1208 3701 1294 3770 Petri,
1309 3709 1371 3772 post
1388 3695 1529 3755 Kalendas
1545 3695 1610 3754 Maii
1624 3699 1741 3754 Romam
1755 3710 1799 3753 ar·

146 3786 320 3859 Quapropter
347 3803 445 3844 omnes
463 3802 533 3860 pene
551 3788 677 3862 religiosi,
695 3791 751 3848 sive
769 3792 866 3849 Clerici
891 3793 946 3850 sive
999 3804 1073 3853 mata
1091 3809 1177 3852 mauu
1202 3794 1309 3859 invasit,
1324 3793 1474 3867 fugatoque
1493 3791 1613 3848 Henrico
1635 3799 1726 3848 totam
1744 3790 1799 3847 Ur·

144 3877 218 3950 inici,
240 3879 268 3936 in
288 3878 378 3953 aliqua
398 3883 627 3940 monasteriorum
652 3883 762 3941 litihula
787 3885 945 3958 hujusmodi
999 3889 1066 3947 bem
1078 3888 1212 3963 Gregorio
1227 3892 1308 3961 Papae
1316 3887 1460 3956 rebellem,
1472 3883 1758 3959 penitusexspoliavit,
1772 3891 1801 3940 et

147 3973 219 4029 mala
249 3970 486 4032 declinaverunt:
512 3991 547 4032 ne
572 3975 696 4034 videlicet
731 3978 945 4038 devastationem
1001 3983 1133 4057 majorem
1158 3984 1218 4056 eius
1237 3992 1345 4056 partem
1367 3981 1424 4054 igni
1451 3979 1623 4053 consumpsit
1654 3976 1740 4051 (lto),
1766 3991 1800 4035 eo
1829 4036 1832 4041 ,

145 4073 249 4125 sanctae
264 4063 397 4131 Ecclesiae
415 4078 571 4139 cernerent,
594 4070 638 4127 cui
662 4072 691 4128 in
706 4072 781 4129 nullo
794 4073 946 4132 adminicu·
1000 4079 1074 4151 quod
1088 4078 1208 4135 Romani
1221 4073 1798 4152 quemdamejusmilitemrulnerarerunt.

144 4159 195 4219 lari
209 4172 324 4234 possent
339 4182 346 4220 ι
371 4162 456 4220 satius
474 4163 547 4221 euim
571 4163 623 4220 illis
637 4164 788 4236 videbatur,
802 4175 832 4224 ut
849 4168 946 4226 saltem
1000 4171 1107 4229 Deinde
1122 4171 1240 4244 acceptis
1252 4170 1418 4228 obsidibusa
1433 4167 1579 4234 Romanis,
1599 4175 1627 4224 et
1639 4167 1668 4223 in
1680 4165 1798 4223 castello

144 4253 249 4327 seipsos
271 4255 459 4314 delitescendo
486 4258 622 4316 salvarent
642 4276 728 4334 quam
760 4276 810 4335 pro
823 4263 884 4321 aliis
910 4263 947 4320 in·
1000 4268 1028 4322 S.
1052 4265 1246 4338 Angeli,quod
1261 4259 1663 4329 domumlheodorieidicuut,
1678 4274 1801 4319 reserre-

144 4364 255 4410 csrsum
269 4348 428 4421 laborando,
440 4367 503 4409 cum
515 4351 617 4410 eisdem
635 4355 764 4427 perirent.
999 4360 1045 4428 tis,
1060 4360 1119 4432 ipsc
1143 4357 1178 4415 ad
1195 4359 1410 4432 recuperandam
1423 4367 1524 4414 terram
1542 4357 1570 4412 S.
1591 4353 1664 4412 Petri
1677 4366 1802 4412 reversu-

181 4451 225 4501 17.
238 4449 320 4503 Anno
337 4451 416 4502 1084.
430 4447 566 4503 Henricus
586 4448 614 4503 iu
635 4451 827 4507 Romanorum
842 4450 944 4508 linibus
998 4470 1057 4521 rus,
1083 4453 1113 4509 in
1127 4453 1201 4510 brevi
1233 4453 1351 4526 plurima
1365 4453 1475 4509 castella
1487 4461 1514 4507 et
1527 4450 1651 4506 civitates
1673 4447 1799 4506 Domino

144 4535 286 4610 hiemavit,
302 4540 395 4615 ibique
409 4541 574 4598 Guibertum
588 4545 778 4600 Ravennatem
791 4561 873 4602 suum
887 4548 943 4602 Ro·
960 4513 984 4576 D
999 4551 1079 4621 Pape
1094 4548 1274 4621 recuperavit.
1296 4547 1433 4605 Henricus
1445 4556 1538 4603 autem
1552 4542 1718 4601 Ruodberto
1732 4541 1800 4599 resi·

142 4647 219 4690 mam
242 4642 387 4692 venturum
407 4636 574 4710 expectavit,
596 4645 628 4694 ut
645 4637 680 4694 ab
703 4654 737 4695 eo
759 4640 832 4713 apud
849 4642 878 4696 S.
894 4642 945 4697 Pe·
1000 4651 1072 4700 stere
1086 4657 1146 4700 non
1159 4643 1262 4711 valens,
1278 4641 1313 4699 ad
1326 4649 1420 4715 partes
1433 4640 1653 4698 Teutonicorum
1673 4636 1740 4695 satis
1760 4635 1799 4693 le-

142 4726 216 4783 trum
241 4725 458 4800 incoronaretur,
486 4747 518 4788 eo
545 4731 618 4803 quod
645 4733 809 4807 Gregorium
842 4736 944 4808 Papam
1000 4737 1134 4795 elinanter
1145 4736 1324 4793 revertitur...
1335 4734 1470 4792 Dominus
1482 4742 1575 4791 autem
1586 4734 1671 4806 Papa,
1685 4729 1802 4788 collecte

143 4818 179 4877 ed
199 4819 251 4878 hoc
278 4821 387 4880 llectere
406 4836 462 4880 non
480 4833 581 4897 posset,
605 4835 635 4884 et
656 4843 730 4898 eum,
746 4827 800 4885 nisi
824 4828 943 4903 legitime
998 4831 1118 4905 synodo,
1131 4831 1230 4887 iterum
1245 4829 1409 4887 sententiam
1419 4829 1605 4886 anathematis
1627 4826 1657 4882 in
1677 4822 1798 4883 Guiber-

141 4915 365 4985 reconciliatum‚
391 4915 552 4974 incoronare
575 4920 666 4977 vellet.
693 4922 744 4978 His
771 4922 942 4995 temporibus
996 4934 1055 4983 tum
1087 4924 1299 4981 haeresiarcham
1319 4933 1347 4981 et
1375 4924 1525 4980 henricum
1548 4931 1686 4978 etomnes
1699 4932 1799 4975 eorum

141 5003 463 5081 Constantinopolitanus
486 5012 638 5069 maximam
659 5015 801 5086 pecuniam
822 5017 940 5073 ilenrico
996 5019 1118 5077 lautores
1129 5018 1333 5092 promulgavh:
1350 5017 1423 5091 quod
1447 5026 1476 5074 et
1498 5018 1526 5073 in
1545 5014 1615 5072 leste
1635 5015 1662 5072 S.
1679 5011 1798 5069 ioannis

140 5101 283 5174 quondam
308 5105 378 5177 Regi
403 5105 566 5177 transmisit,
592 5115 622 5163 ut
650 5109 843 5165 Ruodhertum
879 5115 904 5165 ll
915 5112 939 5168 i·
994 5093 1123 5187 Baptistae
1137 5115 1278 5187 praeterito
1293 5110 1353 5186 jam
1375 5110 1484 5169 dudum
1512 5114 1610 5167 Romae
1637 5107 1713 5175 iecit,
1731 5121 1797 5163 cunr

139 5194 267 5253 ecardum
277 5197 352 5271 (119)
367 5200 472 5256 Ducem
481 5198 646 5258 calabriaeet
655 5206 674 5257 ll
679 5202 758 5274 puliae
766 5204 938 5277 conjuratum
993 5210 1128 5265 Henricus
1143 5208 1234 5266 adhuc
1249 5206 1459 5264 lbimoraretur.
1471 5208 1552 5262 lianc
1561 5200 1729 5260 sententiam
1741 5201 1797 5256 Le·

138 5288 255 5348 militem
269 5292 383 5349 Domini
404 5294 499 5366 Papae,
512 5293 540 5350 in
554 5295 688 5353 ultionem
702 5295 824 5370 ejusdcm
842 5301 936 5373 Regis,
992 5303 1048 5374 gati
1065 5303 1144 5362 Sedis
1171 5300 1348 5376 Apostolicae,
1371 5299 1498 5375 videlicet
1515 5303 1614 5357 Petrus
1627 5293 1798 5355 libanensis

174 5499 249 5567 (119)
264 5498 404 5556 liebertus
414 5499 586 5558 Guiscardus
598 5517 671 5559 anno
687 5507 757 5560 1⁰80
782 5505 937 5564 reconcilia·
991 5511 1192 5573 essentintentc',
1215 5511 1277 5564 Duae
1291 5512 1429 5578 confestim
1443 5520 1502 5562 cum
1521 5507 1641 5563 cummis
1657 5501 1695 5559 acl
1706 5517 1796 5558 arcem

137 5575 183 5628 ωδ
197 5571 234 5625 Ρθ
255 5585 288 5627 ae·
456 5642 462 5654 ,
989 5582 1019 5637 S.
1033 5583 1135 5650 Auqeli
1147 5597 1305 5651 properans,
1330 5582 1537 5649 Pontificemque
1551 5578 1613 5634 iude
1631 5574 1796 5631 abstrahens

172 5585 326 5714 (letheo
340 5641 477 5721 Ostiensis
496 5641 544 5729 libt
561 5660 598 5728 ur
612 5659 673 5729 cap.
686 5646 800 5706 taliane
813 5648 935 5708 incendii
990 5656 1102 5709 Rmaum
1124 5656 1181 5707 sine
1194 5669 1272 5708 moro
1291 5666 1420 5722 egressus
1441 5653 1544 5721 Pupam
1574 5650 1735 5717 &tuomum
1756 5644 1797 5700 cd

135 5725 247 5770 causam
261 5712 369 5772 silert:
396 5718 568 5793 Demosthe,
582 5727 679 5790 iuquit,
698 5719 787 5776 chcii
804 5725 935 5780 Romanu
989 5724 1036 5780 hoc
1048 5727 1240 5782 monasterium
1258 5739 1342 5795 usque
1355 5722 1470 5778 deducit
1492 5735 1592 5794 :quun
1607 5718 1797 5792 Apostolicurn

135 5798 198 5840 rum
213 5786 334 5872 Consulis
345 5788 434 5858 iquos
447 5790 478 5843 ln
495 5789 589 5846 Urbem
612 5793 736 5847 immisit.
750 5794 865 5850 ilomoui
880 5797 932 5866 egi-
988 5811 1073 5869 usquc
1085 5796 1122 5853 od
1132 5798 1217 5868 ipsius
1236 5799 1339 5853 sudum
1356 5809 1416 5850 eum
1430 5796 1571 5867 Episcopis
1588 5797 1614 5849 et
1634 5789 1797 5851 cardines-

131 5857 933 5955 ‘ummese'eelesswbtocintoueecrfflomooucm
990 5867 1592 5942 usquamsourttvousoomuos.
