3870 6164
173 39 197 83 N*

136 284 188 338 eea
637 277 683 332 un
702 274 817 331 ocsus
836 273 864 329 s.
886 271 1048 337 onnoonn
1065 268 1285 329 fecenninus.
1429 245 1452 313 '.
1741 265 1791 319 oss

137 404 285 478 aliquando
299 404 398 477 tetigit,
412 403 479 460 dum
492 401 608 457 fortasse
629 399 783 472 improvida
796 398 980 466 dormivitA
1028 398 1103 463 (484)
1127 394 1212 466 igitur
1237 409 1312 450 anno
1336 391 1533 449 incarnationis
1562 389 1681 446 Domini
1708 387 1793 443 nostri

135 507 340 575 nonloooperto
353 497 497 568 diiigenter
509 495 598 566 capito
612 493 765 550 vehementi
786 492 934 550 vexabatur
987 493 1053 546 Jcsu
1069 488 1168 546 Christi
1184 494 1271 554 1086,
1296 486 1468 559 episcopatus
1488 500 1554 540 vero
1567 482 1612 540 sui
1631 495 1711 539 anno
1724 495 1789 546 xnr,

137 592 244 660 dolore,
258 601 289 647 nt
302 592 380 664 qnasi
399 598 535 647 vertentes
552 589 591 644 vel
614 584 768 644 exsilientes
784 587 879 643 oculos
896 586 932 641 ti·
988 584 1136 641 indictione
1148 598 1232 651 nona,
1256 579 1497 660 finitisjamannis
1518 586 1626 650 septem
1637 589 1793 633 excommn-

138 694 236 753 meret,
246 694 274 740 et
292 693 426 756 tanquam
441 682 591 740 contractis
605 681 668 737 colli
682 680 773 737 nervis
788 689 873 753 caput
884 679 936 736 flc-
989 677 1133 735 nicationis
1154 676 1277 733 Heinrici
1298 673 1438 747 qnondam
1462 673 1551 745 regis;
1568 679 1634 745 post
1647 669 1792 726 transitum

138 787 211 834 ctere
224 794 279 834 non
292 787 395 850 posset.
403 781 482 847 Haec,
493 777 625 848 inquam,
636 782 749 831 venerat
759 774 806 831 illo
816 772 934 847 quadra·
989 780 1083 827 autern
1095 769 1244 826 felicissimi
1257 784 1333 841 papae
1346 766 1473 840 Gregorii
1486 767 1548 834 Vll,
1561 779 1677 820 menses
1688 777 1791 831 norem,

137 873 258 945 gesimali
274 880 398 944 tempore
416 870 452 927 ad
472 870 607 927 civitatem
627 870 770 925 Mantuam
794 868 830 925 ad
849 867 937 926 corni·
990 868 1051 925 dics
1065 867 1158 940 uiginti
1187 875 1254 935 tres,
1270 864 1440 922 obdormirit
1455 863 1483 919 in
1499 860 1621 918 Domino
1636 857 1792 917 venerabilis

138 966 234 1021 tissam
268 965 441 1031 Matbildam,
474 973 506 1021 ut
532 972 591 1020 tam
627 963 786 1020 venerabilis
817 960 936 1034 episcopi
990 961 1120 1019 dominus
1133 967 1160 1016 et
1171 963 1254 1017 Pater
1264 967 1359 1015 noster
1372 956 1529 1023 Anselmns,
1538 954 1684 1011 Lucensis
1696 953 1792 1024 episco-

138 1067 266 1115 sanctium
277 1058 504 1131 etquotidianum
517 1055 767 1114 audiretoificinm.
779 1055 939 1113 Undeaoci·
991 1072 1052 1129 pus,
1067 1071 1101 1114 ιιι
1114 1054 1233 1113 Kalend.
1248 1053 1360 1126 Aprilis,
1379 1052 1407 1107 in
1424 1052 1534 1109 ciuitate
1555 1052 1687 1117 Mantua,
1707 1047 1791 1120 prmi-

138 1151 180 1209 dit
188 1160 220 1207 nt
234 1154 263 1207 in
273 1153 401 1208 extremis
411 1152 469 1225 ejus
483 1150 519 1208 ad
529 1150 762 1218 benedictionem,
773 1166 857 1222 quarn
869 1165 938 1222 prte-
991 1149 1075 1206 dente
1088 1148 1317 1207 reverendissimo
1340 1146 1469 1218 episcopo
1493 1144 1618 1211 tibaldo,
1646 1151 1732 1213 atqtm
1747 1139 1780 1197 do

140 1246 272 1313 diximus,
299 1246 381 1302 citius
403 1245 500 1301 multis
518 1244 577 1301 aliis
591 1250 756 1300 oecurrreret.
778 1242 938 1313 Quae,dnm
993 1244 1112 1301 minante
1125 1243 1227 1300 ibidem
1248 1240 1418 1299 nobilissima
1442 1239 1513 1296 dirce
1543 1254 1578 1295 ac
1600 1236 1791 1294 marchionissa

140 1339 357 1395 benedictionem
372 1339 406 1395 ab
432 1340 492 1410 ipso
512 1337 688 1394 devotissima
703 1344 852 1408 expeteret,
879 1352 937 1393 ma·
992 1335 1134 1394 Mntbilda.

138 1446 208 1486 nrrm
222 1431 266 1487 ille
281 1432 359 1503 capiti
373 1431 430 1503 ejus
445 1431 584 1503 imposuit,
609 1439 637 1487 et
650 1430 763 1501 expulso
778 1446 843 1486 mox
866 1431 938 1487 insa·
1029 1433 1098 1487 ΧΗ.
1112 1430 1202 1486 Tertia
1217 1429 1307 1501 itaque
1332 1435 1413 1484 nocte
1427 1433 1489 1498 post
1514 1424 1688 1481 sanctissimi
1712 1423 1790 1480 Pani

39 1526 42 1531 '
70 1550 75 1561 ·
140 1524 223 1580 nubili
236 1523 347 1597 frigore,
362 1525 482 1580 calorem
497 1524 541 1579 illa
555 1523 767 1581 saluberrimum
781 1524 895 1596 recepit,
912 1533 941 1580 et
994 1524 1181 1582 venerandam
1200 1522 1407 1590 dormitionem,
1430 1519 1555 1592 quaedam
1570 1526 1720 1575 contracta
1738 1533 1791 1590 que

140 1626 256 1674 exeunte
271 1617 370 1673 sudore
385 1626 466 1690 atquc
474 1617 640 1689 aliquantula
653 1617 730 1673 sanie
745 1633 793 1687 per
803 1617 941 1675 auriculas
994 1635 1047 1675 una
1061 1634 1170 1691 semper
1188 1633 1285 1684 manu,
1304 1624 1332 1672 et
1344 1614 1538 1688 posterioribus
1555 1629 1605 1686 per
1619 1621 1728 1669 terram
1741 1626 1790 1667 ser·

47 1730 52 1741 1
139 1711 208 1782 ejus,
229 1727 314 1784 nsque
334 1710 371 1767 nd
392 1719 501 1767 octavas
515 1709 629 1767 Paschae
655 1710 763 1767 sublata
785 1719 827 1767 est
849 1713 941 1768 omnis
995 1714 1076 1786 pebat
1085 1712 1264 1785 potiusquam
1276 1709 1453 1782 gradiebatur
1462 1710 1548 1777 (stig
1557 1704 1790 1778 qnaeetiamindo

138 1805 245 1860 occasio
280 1805 457 1860 inilrmitatis.
485 1806 593 1874 Quanta
623 1803 752 1876 deinceps
778 1804 853 1878 signa
882 1805 937 1861 cla·
996 1805 1287 1878 monepotisepiscopi
1303 1799 1790 1865 annnmunomctduosnreoses,ar

141 1899 248 1954 rissima
271 1901 346 1953 Deus
360 1915 409 1970 per
432 1899 523 1970 ipsum
537 1897 572 1954 sit
586 1906 722 1969 operatus,
739 1896 806 1969 qnid
824 1915 885 1955 mea
899 1915 943 1954 re·
995 1898 1142 1957 dimidium
1156 1905 1298 1953 manserat
1320 1895 1393 1968 apud
1414 1892 1536 1965 predicti
1551 1893 1647 1949 Patris
1661 1891 1789 1955 tumbam,

140 1990 194 2046 fert
207 1991 306 2060 dicere,
326 1992 394 2047 dum
417 1999 525 2047 constet
541 1991 722 2062 perplurimos
739 1993 945 2062 presentialiter
997 1992 1103 2050 meritis
1117 1992 1202 2064 ipsius
1222 2006 1289 2047 sana
1318 1997 1408 2047 erecta
1422 1986 1505 2044 estin
1531 1987 1624 2058 prima
1649 1986 1737 2042 noctis
1759 1984 1790 2038 ri-

143 2084 240 2140 omnia
254 2083 373 2140 vidisse?
997 2086 1073 2158 gilio.

177 2179 231 2236 XI,
247 2177 367 2248 Rogavit
381 2177 485 2249 itaque,
499 2176 590 2249 quoad
605 2177 682 2245 vixit,
697 2188 832 2250 qnatenus
847 2179 875 2235 in
896 2195 943 2235 ca·
1033 2180 1112 2239 lffll.
1129 2177 1259 2249 Sequenti
1281 2191 1347 2233 vero
1360 2175 1415 2245 die,
1437 2176 1508 2232 circa
1525 2173 1651 2241 tertiam,
1667 2181 1697 2229 ut
1711 2171 1790 2228 risun

143 2270 230 2341 pitulo
256 2271 415 2325 monasterii
441 2271 468 2327 S.
495 2269 653 2337 Benedicti,
675 2272 750 2342 quod
769 2280 811 2327 est
839 2273 865 2327 in
886 2274 944 2345 ripa
996 2279 1048 2340 est,
1064 2271 1171 2339 boram,
1195 2269 1285 2327 fertur
1298 2268 1373 2341 quod
1395 2267 1520 2341 quaedam
1536 2284 1552 2324 a
1567 2267 1711 2324 nativitate
1728 2280 1791 2322 caca

143 2362 267 2419 fluminis
281 2361 405 2430 Eridani,
427 2363 478 2419 snb
493 2362 650 2419 obedientia
670 2365 741 2420 sacri
762 2364 945 2422 Cluniaccnsis
996 2364 1101 2421 ibidem
1113 2363 1194 2421 fuerit
1212 2363 1373 2431 illuminata,
1387 2378 1470 2434 qnam
1484 2361 1637 2417 liriniensis
1653 2359 1792 2416 comitano

142 2455 272 2522 coenolrii,
288 2453 361 2511 unde
375 2454 460 2512 frater
474 2456 531 2527 ipsc
542 2472 574 2512 ac
587 2457 740 2513 monachus
749 2457 812 2526 fuit,
823 2461 944 2531 sepultu-
997 2459 1114 2515 incolam
1130 2467 1196 2514 tunc
1208 2457 1368 2514 audivimus.

143 2564 181 2605 rae
206 2547 451 2605 commendaretur
478 2546 569 2619 (483);
593 2557 621 2605 et
640 2566 717 2620 cum,
731 2551 945 2609 concedentibus
1032 2553 1112 2608 xlv.
1128 2551 1235 2608 Eodem
1254 2551 1354 2622 quippe
1368 2547 1582 2622 dieqnasilrora
1596 2557 1680 2615 sexta,
1694 2559 1794 2618 pauper

143 2642 270 2713 episcopo
290 2650 375 2713 atquc
394 2641 533 2699 comitissa
548 2644 713 2716 caeterisque
726 2646 863 2714 omnibns,
887 2647 944 2718 jam
998 2646 1111 2717 quidam
1134 2644 1162 2700 in
1184 2644 1304 2716 bospitio
1328 2658 1479 2715 pauperum
1512 2641 1641 2714 praedicti
1673 2638 1795 2712 praesulis

143 2734 298 2790 deferretur
315 2734 349 2790 ad
374 2737 573 2792 monasterium
595 2753 710 2809 corpus,
738 2736 830 2795 adfuit
852 2740 944 2795 subito
997 2739 1149 2803 Mantuani,
1166 2737 1304 2809 aliquanto
1317 2746 1443 2809 tempore
1457 2736 1644 2809 eleemosynis
1663 2740 1794 2791 sustenta·

143 2828 290 2884 sutriensis
300 2829 442 2900 episcopus
455 2830 567 2918 nomine
579 2830 682 2886 Bonizo
694 2830 792 2904 ilisa,
807 2832 941 2889 sabinen·
998 2842 1052 2899 tus,
1068 2848 1084 2888 a
1098 2831 1210 2891 renibus
1228 2847 1315 2903 usque
1328 2846 1437 2899 curvus,
1453 2828 1490 2886 ad
1504 2829 1632 2903 ejusdem
1650 2828 1739 2885 sancti
1750 2829 1796 2883 Ps-

143 2923 180 2977 sis
194 2922 338 2994 episcopus
350 2921 480 2978 dominns
500 2923 659 2994 DomnizoJ,
674 2940 757 2997 quem
777 2934 806 2981 et
822 2927 942 2998 Spiritus
999 2926 1050 2981 tris
1065 2925 1219 2996 sepulcmm
1233 2939 1325 2991 orans,
1340 2924 1431 2980 subito
1445 2939 1475 2980 se
1486 2937 1585 2979 sanum
1601 2921 1703 2978 erexit.

144 3023 256 3071 sanctus
277 3016 428 3084 suscitavit,
442 3025 474 3071 nt
487 3017 620 3073 clamaret
641 3017 757 3090 dignum
778 3034 849 3088 esse,
864 3030 894 3076 ut
918 3022 945 3077 in
1039 3017 1371 3091 XV.,Dirulgatisitaque
1385 3017 1585 3091 longelatequc
1603 3015 1706 3072 talibus
1720 3013 1793 3070 mira

144 3109 282 3180 episcopio
297 3108 441 3182 episcopus
455 3109 623 3180 sepeliretur.
640 3132 652 3159 ι
676 3113 773 3179 Tanta,
790 3113 886 3184 inquit,
903 3115 947 3172 lu·
1000 3112 1081 3179 culis,
1096 3126 1159 3168 ecce
1169 3111 1267 3167 mulier
1276 3109 1405 3182 quaedam
1417 3110 1451 3167 de
1460 3109 1582 3179 castello,
1602 3109 1678 3182 quod
1688 3105 1796 3182 capite

144 3218 237 3270 cerna,
249 3218 305 3258 non
317 3202 405 3271 decet,
420 3211 451 3258 ut
463 3202 659 3259 abscondatur.
671 3206 733 3274 lpse
746 3205 838 3262 adbuc
851 3208 944 3264 vivens
961 3163 984 3228 G
999 3206 1058 3261 lum
1083 3203 1195 3276 dicitur,
1210 3219 1274 3277 qnae
1286 3205 1376 3261 visum
1391 3204 1500 3278 penitus
1513 3203 1655 3274 amiserat,
1668 3201 1751 3275 coepit
1760 3199 1795 3254 ri·

146 3303 280 3368 tauquam
296 3294 441 3368 indignum
464 3310 493 3352 se
517 3295 681 3367 humiliarit,
705 3313 759 3355 nos
787 3307 890 3371 numm,
912 3311 945 3357 ut
999 3315 1062 3355 nrm
1076 3313 1157 3355 snum
1182 3297 1306 3371 flagitare
1327 3307 1358 3354 ut
1378 3297 1414 3355 ad
1436 3297 1522 3355 sancti
1543 3296 1594 3353 riri
1618 3312 1721 3368 corpus
1739 3308 1792 3352 un

146 3404 209 3445 vere
220 3388 336 3462 dignum
347 3390 466 3445 exaltare
476 3398 584 3461 oportet
593 3390 745 3460 bominem,
760 3407 843 3464 quem
858 3392 945 3451 fnisse
999 3394 1166 3467 perduceret
1181 3394 1231 3450 lllo
1243 3409 1306 3450 vero
1320 3401 1446 3467 negante,
1462 3390 1547 3449 frater
1567 3390 1630 3464 eius
1644 3390 1792 3448 misericor·

146 3483 247 3539 scimus
256 3483 470 3539 sanctissimum.
482 3502 496 3535 u
509 3484 703 3540 acclamatum
715 3492 758 3540 est
767 3484 841 3541 idem
850 3488 944 3544 statim
999 3489 1043 3547 din
1065 3497 1167 3558 motus,
1187 3488 1346 3561 iunctisque
1369 3487 1458 3543 bobus
1474 3486 1608 3559 plaustro,
1635 3485 1721 3557 ooepit
1741 3497 1791 3541 aaut

147 3576 182 3632 ab
196 3576 337 3643 universis,
359 3576 517 3648 rapiturque
539 3577 768 3635 amonacborum
790 3579 943 3653 obseqrriisf;
1001 3581 1120 3640 deferre.
1135 3584 1209 3637 Dum
1223 3589 1318 3637 antem
1331 3580 1440 3637 duobus
1462 3579 1603 3636 milliariis
1624 3577 1790 3651 perrexisset,

146 3669 173 3724 in
196 3668 364 3740 episcopium
387 3667 520 3735 defertur,
536 3668 627 3740 ibique
650 3671 946 3744 venerabilitersepeli·
1000 3675 1113 3748 incoepit
1135 3674 1247 3732 arbores
1260 3682 1290 3730 et
1309 3675 1472 3746 plaustrum,
1496 3681 1523 3730 et
1542 3673 1629 3729 bores
1650 3680 1789 3743 ceteraque

146 3769 202 3816 nir.
215 3760 386 3817 Mirabamur
400 3760 452 3816 boc
466 3762 547 3832 qnasi
567 3777 699 3835 magnum
717 3766 806 3836 primo
821 3767 945 3823 miracu·
998 3770 1055 3842 jam
1071 3768 1163 3824 omnia
1176 3768 1285 3836 videre;
1302 3783 1363 3840 quae
1375 3769 1477 3841 gratias
1493 3770 1563 3836 Deo,
1579 3767 1696 3840 ejusque
1707 3770 1787 3822 sancit

147 3853 214 3922 lum,
241 3854 435 3922 nescientibus,
451 3853 526 3925 quod
556 3854 685 3927 abinceps
703 3856 771 3917 satis
794 3859 946 3916 mirabilius
1001 3861 1151 3918 confessori
1165 3877 1259 3935 agens,
1273 3869 1371 3918 votum
1392 3864 1427 3918 de
1440 3867 1600 3933 paupertate
1617 3875 1666 3917 stra
1689 3858 1787 3920 facim

148 3954 208 4002 frat
223 3945 360 4002 futurum.
1000 3955 1116 4012 domum
1128 3970 1237 4011 reversa
1248 3961 1300 4010 est.

183 4041 255 4095 Nam
269 4047 297 4094 et
316 4038 344 4095 id
356 4053 464 4111 quoque
476 4047 541 4094 tunc
556 4040 720 4107 notavimus,
741 4041 814 4113 quod
830 4043 947 4100 etmulti
1037 4051 1113 4106 xil.
1130 4049 1182 4105 Die
1193 4064 1266 4105 nona
1280 4055 1340 4105 erat
1353 4047 1383 4103 in
1396 4045 1494 4104 eodem
1505 4053 1597 4103 castro
1608 4046 1660 4102 alia
1674 4042 1786 4120 quaednm

148 4131 268 4203 episcopi
282 4139 311 4187 et
323 4130 485 4199 cardinales,
500 4148 599 4204 magna
613 4132 697 4189 ctiam
709 4134 857 4192 multitudo
874 4137 948 4192 mifi-
1002 4143 1129 4199 eruribus
1149 4159 1180 4199 ac
1205 4141 1318 4199 renibus
1338 4148 1490 4207 contracte,
1514 4155 1576 4212 quae
1597 4140 1675 4197 nulla
1702 4153 1733 4194 ex
1749 4149 1786 4191 nc·

148 4233 220 4291 tram,
236 4225 281 4280 die
293 4225 384 4279 obitus
403 4225 446 4280 sui
460 4224 586 4282 eamdem
601 4226 630 4282 in
643 4227 784 4284 civitatem
800 4237 944 4286 venerant.
1002 4237 1138 4304 cessitate,
1152 4236 1254 4292 tectum
1266 4250 1347 4291 susim
1361 4233 1637 4306 persepotnitexire.
1651 4234 1717 4289 Haec
1727 4225 1787 4302 apud

72 4364 78 4375 .
148 4317 254 4373 Aderat
267 4317 401 4389 siquidem
422 4319 629 4391 Magalonensis
655 4322 812 4393 episcopus,
836 4323 948 4380 nomine
1001 4327 1088 4385 ciuem
1105 4327 1253 4401 quemdam
1267 4331 1460 4394 ltfantnanum,
1475 4327 1649 4399 quivenerat
1665 4325 1723 4389 illo,
1737 4337 1786 4397 prt-

148 4409 327 4479 Godefridns,
353 4418 381 4467 et
411 4412 577 4469 Benedictus
603 4414 764 4470 Mutinensis
793 4416 946 4488 episcopus,
1001 4421 1077 4477 cibus
1101 4421 1265 4492 impetravit,
1280 4420 1354 4492 quod
1375 4420 1535 4492 impositam
1552 4419 1678 4490 plaustro
1697 4412 1789 4474 suoad

148 4513 232 4578 atque
256 4505 400 4562 Ᾰῐῑῧθῑῖΰῦ
427 4505 568 4578 Ριθὸῑθῦδῑθ
592 4506 745 4577 ellisswpssssi
770 4515 797 4563 el
821 4508 946 4581 ejusdem
960 4512 985 4574 D
999 4514 1097 4571 urbem
1112 4512 1220 4583 detulit,
1231 4523 1260 4571 et
1273 4513 1306 4570 ad
1321 4516 1459 4570 tumulum
1473 4513 1558 4570 sancti
1571 4512 1696 4585 praesulis
1707 4511 1790 4569 burne

148 4597 263 4654 civitatis
298 4599 452 4670 episcopus,
486 4599 591 4656 scilicet
618 4601 795 4668 Mantuanus,
823 4601 947 4659 Ubafdns
1001 4608 1039 4663 ris
1052 4607 1108 4664 suis
1138 4608 1255 4679 portavit
1277 4622 1372 4681 :qnae,
1398 4606 1472 4663 facta
1504 4606 1646 4679 aliquanta
1670 4604 1789 4666 outone

148 4690 298 4759 vocitatus;
322 4691 370 4748 sed
395 4699 424 4747 et
450 4692 617 4758 Damianos,
641 4692 787 4749 cardinalis
813 4696 948 4753 Romana
1001 4701 1082 4773 paulo
1097 4709 1160 4773 post
1173 4701 1373 4759 sanasurrexit.

149 4783 288 4851 Ecclesiae,
303 4785 388 4855 quiet
402 4783 488 4840 abbas
499 4785 716 4842 Nonantnlensis
727 4786 857 4843 coenobii.
1036 4797 1125 4851 xvii,
1141 4795 1192 4851 iiie
1206 4795 1362 4864 undecima,
1376 4792 1503 4867 quaedam
1522 4794 1605 4850 etiam
1630 4792 1668 4850 de
1681 4791 1789 4854 amulo,

185 4877 222 4931 Hi
237 4891 334 4932 omnes
349 4876 385 4932 ad
397 4875 562 4933 audiendam
585 4878 644 4949 ejus
663 4878 835 4951 sapientiam,
854 4880 889 4937 ad
903 4897 946 4937 ca·
999 4889 1073 4961 quoq
1095 4888 1233 4946 Goudium
1247 4889 1359 4958 dieitur,
1382 4887 1525 4945 mensibus
1537 4895 1606 4944 tunc
1628 4887 1730 4961 viginti
1748 4883 1790 4959 pri·

149 4968 281 5040 piendum
302 4969 385 5041 ipsius
398 4969 556 5038 consilium,
570 4970 642 5027 sicut
654 4986 727 5043 saepe
742 4973 792 5045 ipsi
808 4988 841 5030 ac
855 4974 947 5031 caeteri
1000 4992 1063 5038 vara
1080 4982 1242 5053 luminibus,
1263 4982 1346 5038 biduo
1357 4982 1450 5056 jejuna
1461 4982 1541 5055 juxta
1561 4996 1663 5054 soi-pus
1676 4987 1790 5037 namuro

149 5062 283 5118 Catholici
298 5072 507 5131 consueverant,
526 5063 702 5121 advenerunt.
714 5067 863 5123 sutriensis
877 5083 946 5139 quo·
1001 5073 1158 5142 demorans,
1172 5076 1314 5147 pristinam
1323 5076 1462 5132 iuminum
1471 5074 1625 5130 claritatem
1634 5073 1748 5146 mepit„

44 5211 49 5219 ,
149 5171 202 5227 oue
215 5156 420 5227 indicantum
442 5166 606 5227 recesserat
622 5159 672 5215 sed
689 5175 754 5216 mox
775 5169 837 5232 post
856 5170 948 5233 nans·
1038 5170 1144 5224 xvin.
1162 5169 1213 5224 nie
1229 5169 1324 5241 quara
1338 5168 1456 5236 decima,
1468 5167 1554 5224 attera
1568 5165 1701 5239 quedam
1715 5165 1790 5223 osu

149 5249 345 5321 migrationem
358 5251 452 5323 ipsius,
475 5251 572 5309 eodem
591 5252 635 5310 die
654 5252 742 5309 adfuit
757 5262 945 5326 opportunus.
1002 5261 1092 5328 stello,
1111 5264 1143 5317 ut
1163 5260 1274 5330 dicitnr,
1290 5264 1403 5328 Lazese,
1425 5276 1510 5317 manu
1524 5267 1552 5316 et
1575 5259 1648 5331 pede
1660 5261 1789 5316 conemur

150 5341 211 5410 isti,
227 5341 354 5414 inquam,
366 5352 395 5401 et
415 5345 462 5401 alii
477 5345 645 5418 perplurimi,
661 5345 783 5418 majores
804 5361 835 5402 ac
856 5349 948 5405 miuo-
1003 5368 1050 5409 ore
1063 5361 1200 5424 contorto,
1213 5354 1311 5410 morbo
1326 5354 1430 5411 caduco
1444 5352 1607 5425 gravimme
1626 5360 1736 5419 vexata,
1754 5348 1790 5407 iii

148 5450 193 5491 res
206 5435 366 5505 interfuere,
380 5438 425 5510 qui
448 5447 476 5496 et
495 5439 579 5511 ipsius
593 5439 742 5495 transitum
757 5439 894 5511 viderunt,
922 5451 951 5498 et
1003 5444 1067 5502 dem
1081 5434 1243 5518 aliquandiu
1257 5447 1371 5518 patiens,
1387 5447 1495 5519 plenam
1514 5446 1689 5517 recuperarit
1705 5444 1789 5501 sanita

148 5524 221 5580 clara
233 5525 365 5582 miracula
384 5535 447 5600 post
466 5528 573 5585 obitum
595 5527 654 5600 ejus
677 5536 827 5600 praesentes
848 5546 949 5603 cogno·
1003 5542 1071 5590 tem.
1202 5548 1226 5606 0

149 5623 256 5671 verunt.
1039 5622 1120 5679 xlx.
1136 5621 1186 5679 Die
1208 5631 1286 5679 sexta
1300 5621 1407 5679 decima
1427 5619 1523 5678 deinde
1547 5618 1705 5679 utentibus
1725 5616 1790 5678 nobb

43 5760 49 5771 ‘
121 5796 124 5802 ,
185 5742 260 5807 (483)
278 5740 426 5823 Sequentia
447 5743 545 5800 recitat
564 5745 643 5813 Bar,
665 5758 737 5799 anno
763 5748 846 5814 1086,
861 5759 891 5801 n.
908 5749 952 5802 to.
1045 5748 1118 5816 (485)
1133 5746 1242 5804 Recitat
1256 5746 1316 5804 baso
1325 5749 1401 5815 Bar,
1416 5760 1487 5803 anno
1503 5749 1585 5814 toto,
1600 5759 1631 5801 ιι.
1650 5751 1694 5804 tt.

186 5811 809 5884 (⁴⁸⁴)Recltathoecnsr.,snuorose,n.e.
867 5819 882 5835 ¹·
927 5833 930 5837 ·
1542 5824 1565 5849 o
1604 5825 1619 5855 i·
1654 5827 1679 5857 ..
