3870 6164
60 269 128 325 rnre
443 259 448 271 '
511 270 655 326 menne.
675 270 719 325 ru.
737 297 774 310 -
791 268 1000 326 nonuunvm
1020 271 1275 364 ermenteus,
1515 262 1525 270 “
1633 279 1704 355 tart

58 391 171 466 gerione
190 389 224 446 ad
247 393 403 448 Romanam
426 391 572 463 sinodum',
593 407 657 466 que
676 393 703 449 in
731 394 855 466 proxima
869 397 896 460 Α
909 394 991 452 Unde
999 403 1027 452 et
1040 411 1108 469 pape
1124 397 1218 454 missis
1232 396 1329 470 legatis
1347 397 1515 471 principibus
1523 402 1605 474 regni
1615 401 1704 459 decla·
1785 386 1790 393 ⁸

58 485 265 559 quadragesima
279 484 415 542 celebrata
429 493 471 542 est
481 491 584 555 (1002),
608 487 700 559 ipsum
721 487 853 559 apostoli·
906 480 992 557 revit,
1019 504 1049 547 se
1081 505 1181 562 parum
1206 489 1373 566 profecisse,
1405 492 1434 549 in
1457 507 1490 550 eo
1523 495 1597 566 quod
1626 496 1704 553 ilium

57 594 122 637 eum
135 578 170 634 ab
189 578 338 651 apostoliea
357 577 422 636 sede
435 580 637 637 contumaciter
647 579 728 652 jussit
738 580 852 637 descen-
906 580 936 637 in
958 583 1180 642 communionem
1200 586 1346 657 receperit,
1378 600 1442 642 cnm
1479 601 1577 644 omnes
1598 587 1632 623 ⁸⁸⁸
1656 605 1703 663 sy-

57 672 124 731 dere
139 676 241 741 (1303).
269 674 318 730 Set
335 673 411 729 missi
438 673 497 746 ejus
521 673 680 745 turpissime
701 673 730 730 in
754 674 853 731 sinodo
907 676 1029 734 moniaci
1048 678 1090 735 vel
1116 679 1347 736 excommunicati
1370 693 1427 736 non
1459 681 1550 737 miuus
1573 690 1639 738 tunc
1665 682 1705 740 fo·

58 766 182 835 tractati,
195 765 429 834 viraliomanis,
443 766 590 839 adjuvante
602 783 686 840 papa,
700 776 852 824 evaserunt.
908 777 1038 826 verentur
1068 770 1104 827 ab
1126 784 1159 828 eo
1186 788 1270 845 quam
1292 772 1408 845 pridem.
1433 774 1484 830 liis
1506 790 1571 848 ergo
1589 775 1704 844 auditis,

56 862 151 934 Ipsum
165 867 258 916 autem
268 875 372 932 regem,
386 859 483 917 sirtodo
496 860 649 929 indicante,
666 860 795 918 fidelitate
806 861 855 917 bo·
907 863 1033 935 princeps
1046 865 1124 936 regni
1145 866 1265 936 generali
1287 867 1423 939 colloquio
1445 868 1520 940 epud
1542 869 1705 927 Forecbeim
1788 934 1790 943 ,

56 955 174 1021 minum,
189 969 275 1027 regno
288 960 316 1010 et
326 954 521 1011 communione
536 955 664 1027 privavit,
679 964 707 1012 et
720 971 816 1011 omues
830 955 853 1010 ei
909 956 1004 1014 tfdus
1023 957 1114 1013 Martii
1129 957 1242 1026 babitu,
1256 961 1398 1033 egregium
1409 959 1510 1019 ducem
1533 962 1705 1020 Roudoifum

58 1047 94 1106 ad
105 1062 225 1120 regnum
249 1047 532 1120 juratosjuramento
560 1047 685 1105 absolvit.
698 1050 854 1121 Omnesque
908 1050 958 1107 sibi
973 1050 1001 1106 iu
1014 1066 1108 1124 regem
1121 1051 1314 1122 sublimarunt,
1327 1070 1412 1125 quem
1427 1055 1457 1110 in
1471 1062 1499 1111 7.
1513 1055 1577 1113 Kal.
1593 1057 1705 1128 Aprilis,

56 1142 211 1214 episcopos,
229 1141 285 1213 'qui
299 1139 355 1215 regi
377 1150 475 1213 sponte
493 1150 588 1199 eontra
608 1157 707 1215 papam
722 1141 854 1210 laverant,
907 1144 955 1200 ubi
970 1158 1004 1201 eo
1025 1159 1096 1202 anno
1118 1145 1241 1203 medium
1257 1147 1472 1221 quadragesimae
1492 1150 1623 1216 occurrit,
1645 1154 1704 1206 Mo·

57 1235 153 1294 officio
166 1234 402 1292 etcommunione
412 1235 548 1307 privavit3
564 1236 673 1309 reliquie
688 1246 793 1307 autem,
806 1237 853 1310 qui
907 1237 1010 1310 gentle
1031 1237 1064 1272 ⁸⁸⁸
1082 1248 1258 1296 coronarunt.
1273 1241 1394 1297 Maxima
1415 1250 1509 1299 antem
1522 1243 1582 1306 nix,
1599 1258 1662 1315 quae
1673 1258 1706 1300 eo

56 1330 136 1386 inviti
151 1329 239 1386 eidem
264 1328 459 1401 conspirationi
473 1328 633 1400 intererant,
651 1346 738 1403 usque
752 1330 787 1388 ad
811 1330 852 1387 fe·
907 1346 981 1388 anno
995 1333 1103 1390 tamdiu
1111 1340 1202 1390 totam
1212 1341 1316 1391 terram
1328 1334 1440 1404 obtexit,
1454 1335 1484 1391 iu
1497 1335 1630 1392 electione
1641 1338 1705 1392 novi

55 1423 209 1480 stivitatem
219 1421 305 1479 sancti
315 1422 389 1479 Petri
402 1422 522 1480 indutias
531 1422 610 1480 dedit
618 1426 719 1492 (1004).
734 1422 853 1482 Gotefri-
906 1425 979 1498 regis
990 1426 1089 1482 resolvi
1100 1427 1214 1484 tandem
1226 1428 1335 1500 incepit.
1353 1431 1384 1484 fn
1399 1428 1441 1485 die
1450 1437 1546 1486 autem
1560 1445 1705 1485 consecra·

57 1516 109 1575 dus
131 1515 197 1584 dux,
227 1515 303 1572 filius
321 1513 457 1574 Gotefridi
483 1517 571 1588 ducis,
597 1517 733 1591 particeps
764 1519 853 1576 immo
907 1518 992 1576 tionis
1007 1520 1066 1593 ejus
1086 1536 1135 1593 per
1147 1522 1350 1594 suggestionem
1362 1522 1580 1580 simoniacorum
1592 1524 1704 1580 elerico·

57 1619 153 1667 auctor
165 1609 329 1681 supradicte
339 1610 556 1683 conspirationis,
572 1613 688 1684 turpiter
702 1628 717 1669 a
731 1611 852 1684 quodam
908 1627 971 1670 rum
979 1615 1100 1672 maxima
1114 1615 1211 1673 seditio
1226 1616 1375 1689 Mogontia
1387 1624 1447 1673 orta
1459 1625 1512 1685 est,
1528 1617 1564 1673 ita
1577 1625 1609 1672 ut
1621 1617 1703 1672 etiam

57 1719 148 1778 coquo
168 1719 217 1777 per
231 1704 382 1775 posteriora
402 1705 520 1764 eumad
544 1707 728 1763 necessarium
747 1706 851 1764 sederet
907 1707 1040 1780 palatium
1054 1709 1206 1782 irrumpere
1219 1710 1331 1779 vellent,
1355 1719 1383 1766 et
1401 1710 1622 1783 religiosissimos
1647 1711 1701 1767 cie·

58 1797 228 1864 vulneratus,
251 1805 315 1853 ante
337 1795 372 1832 ⁸⁸⁸
394 1796 518 1855 medium
540 1796 796 1873 ⁸⁸⁸quadragesimae
810 1799 853 1872 ,⁸⁸⁸
869 1773 895 1839 B
909 1805 982 1861 ricus
994 1813 1024 1860 et
1036 1803 1188 1861 monachos
1199 1804 1333 1861 occidere.
1355 1803 1409 1862 Sed
1420 1804 1531 1860 dextera
1542 1805 1593 1861 Dei
1603 1804 1705 1861 milites
1749 1837 1753 1843 ·

58 1890 198 1963 expiravit.
223 1893 293 1947 item
306 1891 492 1949 Willibelmus
505 1893 690 1966 Traiectensis
700 1894 851 1967 episcopus,
907 1898 969 1955 novi
983 1898 1124 1971 principis,
1139 1898 1204 1954 iicet
1215 1899 1346 1962 inermes,
1359 1897 1395 1954 ita
1406 1898 1535 1970 protexit,
1553 1905 1583 1954 ut
1594 1898 1704 1954 nullum

58 1985 148 2041 multa
162 1985 190 2040 in
201 1985 386 2056 apostolicum
400 1985 576 2055 conviciatus,
592 1987 732 2044 subitanea
748 1997 850 2058 morte,
907 1993 958 2049 nisi
980 2007 1067 2050 unum
1080 2007 1112 2048 ex
1130 1991 1188 2048 suis
1203 1991 1357 2064 perderent,
1378 2007 1410 2048 er
1425 1990 1588 2048 adversariis
1613 2000 1705 2047 autem

59 2079 163 2152 absque
177 2078 352 2136 eclesiastica
371 2080 567 2137 communione
585 2088 647 2154 post
659 2080 695 2116 ⁸⁸⁸
708 2081 809 2154 paseha
817 2079 853 2117 ⁸⁸⁸
908 2087 970 2160 plus
981 2101 1066 2158 quam
1088 2094 1199 2142 centum
1215 2086 1316 2157 partim
1331 2083 1405 2141 ferro
1418 2086 1520 2157 partim
1534 2101 1601 2157 aqua
1623 2100 1706 2141 neca-

59 2173 207 2241 multatur,
230 2174 275 2231 eui
298 2173 443 2231 conradus
470 2174 645 2246 subrogatur.
672 2179 735 2231 iem
755 2190 853 2232 omnes
907 2188 978 2236 rent.
995 2178 1194 2248 Quibuvetiam
1209 2194 1259 2250 pro
1276 2177 1435 2235 homicidiis
1456 2176 1641 2251 huiusmodia
1664 2178 1704 2234 le·

58 2282 128 2339 pene
141 2267 276 2339 principes
288 2268 364 2340 regni
383 2285 398 2324 a
412 2269 610 2324 communione
626 2268 745 2324 Heinriei
760 2284 791 2324 se
804 2267 852 2339 sse·
906 2274 975 2347 gatis
997 2272 1154 2345 apostolicae
1166 2271 1239 2328 sedis
1250 2271 1312 2327 talis
1328 2272 1476 2342 penitentia
1498 2271 1626 2343 imposita
1642 2280 1700 2340 est,

58 2368 242 2433 questrarunt.
257 2364 355 2417 Mense
368 2360 451 2433 igitur
461 2361 576 2418 Octobri
598 2361 765 2434 colloquium
780 2361 853 2434 apud
907 2374 939 2423 nt
953 2365 1051 2438 singuli
1066 2374 1114 2421 aut
1136 2371 1172 2421 lo
1186 2364 1244 2421 dies
1252 2364 1418 2437 jejunarent,
1433 2373 1481 2419 aut
1509 2370 1544 2421 40
1567 2380 1701 2436 pauperes

57 2453 211 2526 Openbeim
225 2471 241 2511 a
255 2455 423 2527 principibus
437 2455 514 2527 regni
526 2454 674 2527 colligitur,
689 2456 736 2511 eui
753 2455 853 2527 legatio
908 2459 992 2516 semel
1005 2466 1160 2531 pascerent,
1170 2474 1221 2514 nee
1232 2466 1327 2515 tamen
1342 2458 1565 2514 aecclesiasticam
1577 2471 1705 2513 commu·

57 2548 131 2605 sedis
155 2549 313 2621 apostolieae
334 2546 469 2605 interfuit.
491 2547 698 2617 fbibleinricus‚
712 2547 740 2603 in
754 2546 852 2619 purifi·
908 2552 1018 2608 nionem
1039 2553 1118 2623 quasi
1143 2549 1290 2606 homicidae
1325 2550 1452 2607 vitarent.
1473 2549 1629 2607 Roudolfus
1656 2565 1705 2606 rex

59 2643 198 2699 ontionem
211 2651 316 2699 sanctae
328 2642 423 2698 uaria
441 2649 509 2698 tunc
520 2642 676 2714 proximam
687 2656 717 2698 se
732 2656 852 2712 praesen·
908 2652 970 2718 post
983 2643 1218 2700 consecrationem
1233 2643 1263 2699 in
1280 2644 1409 2700 Sueviam
1425 2642 1566 2712 secedens,
1590 2656 1707 2716 regnum
1807 2656 1810 2661 ·

58 2735 174 2792 tendum
191 2736 294 2793 domno
316 2749 394 2808 pape
417 2733 488 2807 apud
512 2740 667 2806 Augustam
694 2733 853 2792 firmissime
907 2739 959 2797 sibi
973 2737 1138 2810 subjugavit.
1153 2736 1268 2792 Interim
1276 2736 1421 2792 Heinricus
1434 2732 1634 2806 Longobardiae
1648 2752 1708 2792 mo·
1763 2802 1766 2807 ¹
1811 2798 1815 2825 ι

59 2830 193 2902 promisit.
217 2832 287 2886 Nam
311 2836 339 2886 et
357 2829 421 2885 illue
435 2828 569 2885 domnum
590 2828 772 2900 apostolieum
795 2830 854 2901 ipse
908 2830 1086 2897 robatiani
1109 2846 1192 2903 quem
1205 2828 1323 2897 Cincius,
1339 2829 1405 2885 civis
1435 2831 1590 2897 Romanus,
1614 2843 1707 2884 secum

59 2939 124 2981 eum
138 2924 304 2996 principibus
318 2923 395 2996 regni
410 2923 546 2980 invitavit.
561 2924 655 2979 Frater
668 2921 808 2978 Kadalaus
820 2939 855 2978 cx
908 2928 1011 2985 ducens
1023 2933 1136 2997 captum
1157 2922 1342 2979 venerabilem
1364 2922 1521 2977 Cumanum
1533 2922 1704 2993 episcopum,

61 3017 176 3073 seculari
189 3017 291 3074 milicia
305 3032 466 3085 conversus,
489 3020 524 3073 ad
538 3015 750 3088 Opinheimense
766 3018 853 3072 collo·
908 3019 1022 3078 nomine
1034 3017 1227 3092 Reginnldum,
1242 3016 1357 3088 Papiam
1370 3016 1455 3079 venit,
1467 3015 1567 3086 quippe
1579 3029 1711 3070 remune-

30 3148 36 3161 ,
57 3112 154 3184 quium
171 3112 333 3183 legationem
359 3127 428 3183 papa
442 3110 549 3180 detulit,
565 3125 648 3182 qnam
676 3109 765 3167 eidem
786 3112 858 3168 mul-
913 3115 1001 3172 rnria
1026 3113 1159 3169 Heinrieo
1175 3111 1278 3179 volens,
1301 3108 1423 3189 eoquod
1441 3109 1470 3164 in
1488 3108 1629 3165 servitium
1650 3108 1709 3181 ejus

58 3212 120 3260 tum
132 3205 268 3278 egrotanti
288 3221 362 3279 papa
379 3206 407 3261 in
420 3205 609 3262 remissionem
621 3205 745 3261 omnium
760 3221 858 3277 pecca-
911 3208 986 3265 hune
998 3206 1080 3263 modo
1090 3205 1250 3278 episcopum
1258 3212 1286 3261 et
1297 3205 1327 3260 in
1339 3201 1476 3276 praeterito
1487 3218 1559 3258 anno
1571 3202 1706 3258 domnum

63 3306 158 3355 torum
168 3299 309 3371 imposuit.
325 3299 441 3371 Expleta
454 3300 537 3372 igitur
549 3299 685 3372 legatione
698 3297 785 3355 frater
799 3303 857 3358 Ka·
911 3302 1090 3375 apostolicum
1104 3299 1302 3371 captivaverat,
1327 3307 1369 3354 set
1388 3297 1426 3353 ibi
1453 3296 1596 3354 subitanea
1618 3304 1707 3352 morte

58 3390 157 3449 dalaus
179 3401 305 3463 suscepto
334 3392 465 3448 monachi
489 3392 600 3461 babitu,
621 3391 673 3448 snb
702 3393 857 3465 evangelica
911 3403 1079 3469 preventus,
1095 3393 1216 3452 debitam
1230 3392 1482 3448 remunerationem
1493 3391 1609 3461 aceepit,
1624 3404 1708 3462 quam

59 3485 228 3558 perfectione
242 3484 375 3557 requievit
383 3485 411 3541 in
424 3499 500 3556 pace.
909 3497 953 3546 tot
963 3488 1107 3561 sacrilegiis
1128 3485 1282 3559 promereri
1305 3501 1362 3541 non
1384 3484 1489 3541 timuit.
1512 3482 1659 3539 Heinricus
1674 3480 1711 3517 ⁸⁸⁸

359 3579 534 3634 Muxxvu.
908 3582 1002 3639 audita
1023 3580 1194 3653 promotione
1209 3577 1349 3646 Roudolfi,
1364 3577 1498 3635 auxilium
1511 3591 1590 3648 papae
1609 3583 1706 3632 contra

94 3677 158 3730 Dux
176 3674 344 3730 Bolenorum
368 3675 459 3739 (1305)
477 3686 507 3727 se
532 3671 561 3728 in
586 3687 680 3745 regem
701 3673 850 3729 coronavit.
908 3675 985 3732 illum
1006 3675 1173 3746 imploravit,
1190 3673 1254 3730 licet
1268 3671 1457 3743 supradictum
1470 3670 1628 3727 Ostiensem
1643 3668 1703 3740 epi-

58 3769 182 3825 Marima
206 3767 254 3823 nix
271 3775 362 3823 totum
375 3781 491 3838 regnum
510 3769 565 3822 aa.
580 3765 698 3823 Kalend.
718 3766 852 3824 Novemb.
907 3784 1023 3840 scopum
1039 3769 1067 3824 in
1080 3768 1208 3839 captione
1227 3765 1317 3823 adbuc
1330 3764 1418 3821 teneri
1433 3762 1595 3836 permiserit
1622 3761 1707 3819 Unde

58 3862 125 3919 anni
140 3861 247 3932 prioris,
260 3875 348 3932 usque
372 3858 401 3915 in
414 3865 430 3915 7
444 3859 562 3916 Kalend.
577 3860 678 3932 Aprilis
692 3861 757 3916 anni
784 3876 853 3932 prae·
908 3869 935 3919 et
949 3877 1019 3934 papa
1035 3861 1075 3917 iiii
1095 3858 1247 3933 respondit,
1267 3874 1297 3915 se
1310 3874 1366 3915 non
1380 3872 1461 3931 posse
1475 3857 1536 3929 ejus
1549 3855 1709 3927 interpella-

58 3954 148 4010 sentis
161 3953 290 4009 obtinuit.
306 3952 453 4009 Heinricus
468 3967 516 4008 rex
529 3952 628 4021 dictus,
638 3954 757 4025 propriae
768 3969 857 4010 cnusae
907 3955 976 4013 tiuni
998 3952 1168 4026 satisfacere,
1192 3951 1323 4025 quamdiu
1337 3950 1412 4023 epud
1426 3950 1504 4006 illum
1529 3957 1643 4006 sanctim
1655 3950 1710 4004 Pe-

59 4044 191 4103 diiildens
217 4054 245 4101 et
267 4045 370 4103 idcirco
388 4044 544 4118 generalem
563 4045 733 4102 audientiam
746 4047 854 4103 subter·
908 4058 969 4107 trus
990 4049 1019 4106 in
1043 4049 1132 4121 legato
1146 4063 1197 4104 suo
1211 4046 1310 4119 ligatus
1329 4043 1365 4079 ⁸⁸⁸
1389 4051 1541 4101 teneretur.
1568 4045 1710 4099 Frustrata

60 4138 178 4211 fugiens,
200 4137 300 4195 furtive
314 4139 422 4195 italiam
446 4146 543 4195 contra
555 4153 632 4210 papte
644 4148 813 4211 praeceptum
827 4149 856 4196 et
908 4144 993 4217 igitur
1006 4142 1208 4214 supplicatione
1220 4155 1279 4206 sua,
1290 4138 1416 4195 animum
1428 4138 1457 4194 in
1471 4134 1635 4192 tirannidem
1644 4148 1709 4188 con·

60 4233 176 4290 eoncilia
199 4232 354 4305 principum
372 4232 494 4300 intravit,
514 4239 542 4287 et
561 4231 709 4304 apostolico
735 4231 771 4289 ad
789 4248 856 4289 eon·
909 4236 999 4305 vertit,
1020 4251 1072 4291 nee
1091 4249 1207 4305 regnum
1221 4235 1280 4303 jam
1296 4247 1344 4303 per
1361 4231 1510 4303 justiciam,
1525 4237 1569 4285 set
1582 4243 1632 4299 per
1647 4227 1708 4282 vio-

61 4326 168 4384 dietum
180 4325 255 4384 diem
269 4330 423 4400 Augustam
443 4325 584 4394 tendenti,
599 4333 664 4382 ante
688 4325 855 4397 purificatio·
910 4329 1022 4386 lentiam
1051 4326 1176 4383 obtinere
1197 4324 1336 4397 cogitavit.
1360 4327 1417 4379 Rex
1438 4319 1533 4378 autein
1554 4319 1710 4377 Roudolfus

62 4436 127 4479 nem
150 4429 254 4478 sauetae
277 4423 373 4478 Mariae
396 4421 509 4478 Canusii
531 4419 566 4456 ⁸⁸⁸
580 4420 701 4477 obviavit
713 4424 785 4489 (ion.
799 4426 854 4488 2⁸).
911 4421 984 4495 apud
1011 4424 1164 4492 Augvrstem
1183 4415 1413 4491 gloriosissimum
1438 4414 1537 4486 pascha
1561 4413 1711 4469 celebravit

62 4515 121 4573 Ubi
136 4524 163 4572 et
177 4514 257 4571 abeo
276 4531 325 4587 per
336 4514 466 4572 inauditae
487 4513 682 4571 bumiliationis
700 4515 856 4571 simulatio·
912 4516 994 4588 (Apr.
1012 4520 1056 4581 10)
1071 4528 1133 4570 cum
1155 4512 1253 4585 legatis
1267 4509 1425 4583 apostolice
1438 4506 1524 4564 sedis.
1548 4509 1590 4563 Ex
1613 4506 1712 4579 quibus

59 4624 138 4675 nem,
160 4616 307 4681 utcumque
321 4609 421 4682 potuit,
442 4623 498 4664 non
516 4607 605 4680 regni,
626 4615 667 4664 set
680 4609 857 4665 communio·
911 4624 993 4678 unus,
1008 4606 1235 4681 religiosissimus
1249 4603 1356 4660 scilicet
1368 4601 1454 4658 abbas
1466 4599 1634 4669 Bernartius,
1653 4602 1710 4657 Ru·

60 4702 107 4758 nis
119 4710 230 4759 tantum
244 4703 450 4758 concessionem
465 4702 509 4758 vix
524 4700 638 4759 demum
653 4701 779 4768 extorsit,
792 4702 857 4759 dato
912 4719 988 4761 mam
1001 4701 1126 4774 dirigitur
1135 4707 1177 4755 set
1186 4699 1220 4756 ab
1232 4697 1376 4754 Oudalrieo
1390 4695 1493 4752 comite
1508 4699 1613 4763 (1300),
1629 4696 1712 4751 Hein-

60 4804 154 4852 tamcn
169 4796 245 4868 prius
259 4803 447 4863 sacramento,
462 4803 493 4850 ut
515 4794 549 4851 de
573 4794 685 4866 objectis
699 4795 858 4851 criminibus
872 4828 899 4891 D
912 4796 960 4852 rici
986 4793 1128 4866 complice,
1147 4800 1243 4865 captus
1257 4799 1286 4848 et
1300 4790 1449 4863 praedatus,
1463 4804 1567 4845 anuum
1584 4803 1653 4860 pene
1669 4788 1708 4845 di·
1773 4804 1777 4813 ·

61 4888 99 4946 ad
117 4888 253 4962 judicium
274 4904 352 4962 pepee
365 4888 545 4956 satisfaceret,
561 4903 611 4943 nee
629 4903 706 4960 papae
720 4887 763 4943 vel
778 4888 858 4944 alicui
913 4887 1038 4945 midiavit
1056 4888 1084 4944 in
1105 4887 1273 4959 captivitate,
1287 4900 1370 4957 quem
1380 4883 1563 4940 Cluniacensis
1582 4884 1667 4940 abbas
1678 4881 1713 4948 de

61 4982 123 5056 ejus
143 4982 217 5040 fideli
243 4998 361 5054 usquam
382 4983 458 5039 eunti
472 4980 514 5039 vel
529 4979 656 5039 redeunti
670 4981 788 5055 aliquam
802 4998 860 5039 mo·
914 4982 1041 5039 manibus
1053 4980 1176 5038 Heinrici
1189 4980 1232 5036 vix
1247 4979 1361 5035 demum
1371 4977 1480 5050 eripuit.
1494 4980 1553 5034 lien
1568 4976 1603 5015 ⁸⁸¹
1618 4983 1711 5030 autem

61 5076 171 5134 lestiam
183 5075 280 5133 inferri
292 5076 470 5133 consentiret.
490 5077 552 5132 Hoc
565 5083 657 5133 autem
670 5077 861 5149 juramentum
915 5086 977 5152 poet
998 5075 1098 5151 pascha
1118 5074 1245 5149 generale
1266 5073 1434 5146 colloquium
1459 5071 1531 5144 apud
1555 5067 1713 5137 Ennelingin

60 5185 115 5227 nee
141 5169 241 5226 redies
265 5169 430 5237 observavit,
444 5168 531 5242 captis
549 5169 748 5226 venerabilibus
761 5167 795 5204 ⁸⁸⁸
806 5169 864 5242 epi·
914 5189 979 5230 cum
989 5169 1157 5245 principibus
1165 5167 1243 5241 regni
1257 5166 1381 5240 collegit,
1396 5180 1452 5239 quo
1465 5164 1565 5231 soluto,
1577 5162 1635 5232 ipse
1648 5175 1721 5235 cum,

60 5266 164 5337 scopis,
180 5266 299 5324 Geraldo
314 5265 435 5323 Ostiensi
450 5262 495 5335 ⁸⁸⁸,
528 5272 556 5320 et
575 5265 705 5321 Anselmo
733 5267 859 5322 Lunensi.
915 5264 1069 5323 admodum
1087 5261 1182 5336 paucis
1198 5260 1234 5319 ad
1255 5259 1440 5318 obsidendum
1453 5252 1595 5330 quoddam
1614 5253 1715 5309 castel·

704 5355 827 5411 vnnlAE
841 5356 1052 5414 LECTIONES.

101 5440 236 5500 ”noctis
250 5451 277 5501 3,
307 5442 341 5478 ⁸¹⁶
355 5457 439 5514 snpra
458 5442 506 5496 lin.
525 5447 549 5496 1.
588 5440 623 5475 ⁸⁸⁸
637 5444 819 5500 venerabibus
835 5452 859 5501 1.
898 5443 1064 5501 ⁸⁸⁶ovtiense
1080 5439 1274 5498 meneviensi
1291 5445 1317 5496 1.
1333 5437 1367 5473 ⁸⁸⁸
1384 5437 1496 5493 detti&
1534 5429 1664 5508 ⁸,⁸⁸⁸⁸¹³⁸⁸⁸
1685 5438 1711 5488 ³·

68 5512 258 5571 mestrem,
299 5514 336 5562 ³⁴⁰
350 5515 454 5587 legatus
470 5528 539 5568 corr.
555 5511 695 5585 ligaturi.
728 5514 762 5553 ⁸⁸¹
777 5519 812 5573 R.
827 5521 854 5572 2.

102 5684 195 5757 (1302)
217 5686 306 5742 biansi
323 5687 391 5752 XX,
407 5689 470 5740 407.
717 5708 720 5716 ·
823 5607 1195 5753 ΝΟΤΕ·(1305)ΒοΙοεΙευε
1213 5682 1251 5737 11.
1327 5746 1333 5757 θ

103 5759 196 5825 (1300)
210 5757 279 5814 Vide
293 5757 346 5814 col.
373 5762 449 5812 1169.
948 5759 1039 5827 (1300)
1054 5757 1087 5812 de
1098 5755 1252 5821 Lentzburq
1271 5745 1358 5805 addit.
1372 5755 1398 5806 u.

102 5832 194 5895 (1104)
208 5828 438 5902 orere-necti.
455 5826 540 5895 tuin,
552 5841 579 5901 p.
599 5830 661 5884 ano.
