3870 6164
698 68 707 116 l
771 120 775 127 .

111 218 116 227 ’
210 232 244 311 ie
826 238 854 304 s.
876 229 1070 305 caecemus
1083 230 1130 305 vu
1148 238 1255 311 rabi..
1554 312 1559 333 -.
1825 258 1861 313 so

212 397 246 440 eo
259 379 462 449 securitatibus,
475 390 592 451 quarum
611 368 694 432 etiam
708 373 946 433 confirmationem
959 374 1048 446 per-A
1099 378 1145 430 77.
1157 373 1320 432 Nonmulto
1334 382 1397 450 post
1407 381 1500 433 tamen
1509 336 1570 435 Rex
1585 375 1619 434 ab
1632 377 1792 451 apostolico
1801 376 1861 451 jam

210 491 309 532 manus
323 473 441 531 Abbatis
455 470 649 537 Cluniacensis,
668 477 695 527 et
706 468 839 527 nobilium
853 467 1008 527 comitissa·
1060 466 1149 541 Regni
1169 468 1374 526 concessionem
1395 469 1502 541 callide,
1516 479 1546 528 ut
1563 473 1802 540 communionem,
1816 472 1863 529 eli·

209 567 417 627 rumblathildis
431 563 732 633 etAdalaidae(75bis),
745 562 1008 620 etaliorumPrinci-
1060 577 1121 619 cere
1147 562 1265 620 volebat.
1289 565 1372 621 blitea
1397 564 1473 621 enim
1495 565 1638 639 legatione,
1666 564 1806 623 humiliter
1833 566 1861 624 ei

210 678 287 735 pum,
312 661 510 734 Episcoporum
533 667 561 716 et
582 658 738 729 Laicorum,
761 657 808 730 qui
824 656 874 714 sibi
895 656 931 714 ad
948 655 1008 713 baec
1060 655 1239 729 supplicabat,
1258 664 1289 713 ut
1317 656 1360 713 vel
1379 672 1443 714 cerm
1468 658 1554 715 semel
1573 659 1646 731 apud
1668 661 1697 716 S.
1723 661 1860 719 loannem

209 754 289 812 utiles
304 754 353 811 visi
370 762 443 822 sunt,
455 753 484 809 in
501 752 574 809 bunc
586 751 700 809 modum
710 750 838 823 suscepit.
1061 749 1091 806 in
1102 754 1158 818 (76)
1172 749 1286 825 bloytia,
1300 765 1349 824 per
1364 751 1514 825 Episcopus
1533 752 1692 826 Papiensem
1710 762 1738 811 et
1751 753 1860 811 Medio·

244 852 290 906 7⁵.
310 871 323 896 ι
337 851 396 920 Ego
410 847 546 905 Heuricus
563 849 635 916 Rex,
646 845 681 903 de
691 844 909 903 murmuratione
919 843 1008 902 etdis·
1060 841 1209 913 lunensem,
1223 859 1302 900 more
1317 843 1440 918 priorum
1458 848 1581 919 Regum,
1603 847 1730 904 coronari
1745 848 1859 920 permit·

207 941 344 1013 sensione,
358 958 441 1015 quam
462 957 535 998 nunc
557 940 658 997 habent
676 948 770 996 contra
796 955 843 996 me
868 937 1007 1011 Arcbiepl·
1059 944 1130 995 teret
1148 938 1218 1007 :vet
1232 939 1255 996 si
1266 937 1319 995 boc
1328 939 1414 997 nollet
1433 939 1492 998 lieri
1504 956 1555 1014 per
1569 940 1728 1013 huiusmodi
1745 942 1879 1014 Episco-

207 1037 292 1111 seopi,
309 1035 447 1110 Episcopi,
463 1037 556 1092 Duces
582 1042 609 1090 et
623 1035 755 1104 Comites,
771 1032 908 1105 ceterique
927 1033 1005 1089 Ptin·
1060 1047 1120 1104 pos,
1134 1040 1229 1105 utpote
1238 1034 1502 1105 excommunicatos,
1510 1035 1607 1092 saltem
1620 1035 1674 1092 boc
1687 1035 1859 1108 privilegium

208 1130 280 1204 cipes
293 1131 382 1202 Regni
398 1129 615 1187 Teutonicorum
634 1137 662 1185 et
680 1128 735 1197 alii,
751 1128 797 1200 qui
809 1127 895 1185 cosin
910 1126 1006 1184 eadem
1059 1125 1216 1198 Apostolica
1235 1126 1395 1184 auctoritate
1416 1127 1528 1187 cuilibet
1546 1128 1682 1202 Episcopo
1696 1129 1862 1187 concederet

207 1224 386 1307 dissensionis
398 1238 480 1281 eausa
497 1231 658 1295 sequuntur,
672 1219 743 1278 inira
756 1220 909 1278 terminum
922 1236 1006 1294 quem
1059 1219 1278 1292 exsequendum,
1300 1220 1337 1278 ob
1360 1222 1414 1279 boc
1437 1222 1556 1279 maxime
1578 1231 1708 1295 appetens
1721 1223 1858 1290 coronari,

207 1317 337 1375 dominus
358 1320 431 1391 Papa
447 1316 630 1385 constituerit,
643 1314 833 1388 autjustitiam
853 1314 1004 1373 secundum
1059 1321 1090 1370 ut
1101 1314 1296 1372 communione
1309 1315 1392 1372 etiam
1406 1319 1534 1390 Regnum
1547 1332 1563 1372 a
1576 1319 1705 1374 Romano
1726 1318 1860 1375 Pontilioe

204 1411 340 1485 judicium
354 1411 423 1485 eJus,
441 1420 489 1468 aut
501 1409 675 1470 concordiam
686 1411 837 1468 secundum
855 1409 1004 1467 consilium
1058 1407 1197 1466 videretur
1207 1408 1352 1483 recepisse.
1370 1409 1423 1468 Sed
1435 1412 1517 1483 Papa,
1537 1409 1713 1467 calliditatem
1730 1410 1789 1483 eius
1798 1410 1860 1485 jam

207 1505 266 1578 ejus
282 1504 392 1572 faciam,
409 1505 461 1562 uisi
484 1514 591 1562 certum
614 1504 841 1579 impedimentum
867 1503 937 1560 mihi
961 1502 1002 1559 vel
1057 1504 1124 1561 satis
1146 1512 1284 1576 expertus,
1315 1505 1392 1561 nullo
1416 1504 1501 1562 modo
1529 1504 1600 1562 rotis
1624 1503 1682 1578 ejus
1704 1504 1790 1561 voluit
1815 1521 1859 1563 ao·

207 1599 257 1656 ibi
269 1599 424 1657 obstiterit:
440 1615 494 1671 quo
508 1607 656 1669 transacto,
671 1598 706 1655 ad
727 1599 800 1656 idem
820 1597 1004 1672 peragendum
1058 1597 1195 1669 quiescere
1222 1618 1229 1656 ι
1253 1597 1396 1672 diligenter
1416 1613 1510 1656 secum
1527 1599 1584 1671 ipse
1611 1607 1739 1672 reputans
1752 1614 1782 1655 sc
1796 1599 1858 1672 qui·

207 1701 317 1766 paratus
332 1710 388 1750 ero.
411 1695 493 1763 item,
508 1693 532 1749 si
543 1692 616 1750 idem
628 1691 757 1750 dominus
771 1696 843 1766 Papa
853 1692 1004 1765 Gregorius
1058 1690 1122 1748 dem
1145 1707 1208 1749 eum
1231 1707 1282 1765 pro
1304 1691 1399 1750 multis
1420 1691 1589 1761 criminibus,
1611 1700 1639 1749 et
1661 1693 1782 1749 marimo
1805 1708 1857 1766 pro

206 1788 276 1844 ultra
296 1795 405 1844 montes
420 1787 459 1843 rel
474 1786 542 1844 alias
558 1794 647 1859 partes
663 1794 800 1844 terrarum
814 1787 854 1843 ire
877 1785 1003 1855 voluerit,
1018 1751 1451 1844 Binobedientiaetcontumacia
1464 1787 1629 1859 Apostolicae
1637 1786 1717 1844 Sedis
1726 1786 1856 1861 irrogata,

205 1896 317 1939 securus
329 1881 382 1939 erit
403 1897 437 1938 ex
457 1896 519 1937 mea
533 1889 620 1954 parte,
635 1889 663 1938 et
679 1897 775 1939 eorum
787 1896 856 1954 quos
868 1880 1003 1937 constrin·
1058 1895 1073 1937 a
1095 1882 1194 1953 Regno
1212 1880 1381 1953 deposuisse,
1404 1896 1553 1952 omnesque
1575 1880 1598 1937 ei
1608 1879 1716 1953 juratos
1744 1880 1779 1937 eb
1797 1879 1858 1954 ejus

205 1990 269 2049 gere
291 1983 397 2047 potero,
412 1976 446 2032 ab
460 1974 536 2033 omni
555 1974 667 2032 laesiorm
688 1976 752 2033 ultae
770 1983 798 2031 et
815 1974 1005 2031 membrorum
1057 1974 1171 2032 domino
1194 1974 1294 2033 liberos
1314 1973 1484 2032 reddidisse:
1506 1985 1533 2032 et
1556 1974 1593 2032 ob
1617 1975 1680 2043 boc,
1698 1974 1858 2033 nullatenus

206 2068 265 2141 ejus
286 2084 335 2126 seu
356 2068 491 2142 captione,
515 2077 573 2126 tam
590 2069 646 2143 ipse
658 2085 741 2142 quam
756 2069 802 2142 qui
823 2068 851 2126 in
864 2068 923 2141 ejus
940 2084 1006 2125 con·
1058 2084 1133 2139 eum,
1149 2068 1218 2126 sicut
1231 2085 1281 2125 nec
1298 2068 1391 2139 alium,
1408 2068 1435 2125 in
1449 2071 1554 2143 Regem
1567 2069 1748 2142 Principibus,
1761 2077 1857 2142 utpote

205 2160 290 2219 ductu
301 2162 357 2220 sire
369 2163 500 2219 comitatu
515 2162 624 2233 luerint,
645 2162 789 2228 ineundo,
813 2162 868 2219 sive
889 2161 926 2219 ibi
941 2177 1003 2218 mo·
1058 2160 1148 2219 liberis
1168 2161 1336 2236 bominibus,
1359 2163 1506 2236 superponi
1519 2162 1629 2232 debere,
1645 2162 1747 2236 absque
1760 2179 1858 2221 eorum

206 2256 304 2326 rando,
322 2271 371 2314 seu
383 2255 448 2313 inde
462 2256 618 2326 redeundo;
630 2273 719 2331 neque
731 2256 804 2314 aliud
818 2255 926 2329 aliquod
948 2255 1002 2312 im·
1057 2255 1198 2313 electione.
1212 2257 1283 2312 Nam
1297 2264 1347 2313 eta
1361 2264 1419 2314 toto
1432 2260 1527 2331 Regno
1542 2256 1577 2314 de
1588 2264 1631 2315 tot
1644 2272 1676 2314 ec
1686 2257 1771 2314 tantis
1783 2256 1857 2332 inju-

205 2349 394 2422 pedimentum
403 2350 513 2409 babebit
527 2367 560 2409 ex
581 2366 642 2408 meo
661 2366 807 2419 consensu,
819 2349 894 2424 quod
907 2358 1004 2406 contre
1056 2350 1106 2406 riis
1115 2365 1147 2406 ac
1162 2348 1283 2422 perlldiis
1303 2357 1361 2407 erat
1382 2350 1547 2423 inculpatus,
1571 2358 1602 2408 ut
1623 2350 1657 2408 de
1675 2350 1796 2408 biseum
1810 2366 1857 2408 nc-

205 2443 340 2500 bonorem
358 2460 440 2502 suum
463 2445 512 2513 sit,
529 2454 557 2503 et
567 2445 590 2502 si
606 2445 666 2518 quis
679 2445 704 2501 ei
723 2445 828 2516 lecerit,
846 2460 912 2502 cum
929 2443 1003 2501 bona
1056 2460 1131 2502 cesse
1146 2453 1220 2502 esset
1238 2445 1366 2517 primitus
1376 2446 1520 2519 erpurgari
1537 2446 1570 2514 (si
1585 2446 1738 2504 tameubcc
1751 2446 1855 2520 aliqua·

205 2536 440 2606 lide,secundum
451 2553 531 2611 posse
545 2553 650 2607 meum,
664 2538 928 2614 illumedjurabo.·
1056 2547 1136 2596 tenus
1158 2548 1249 2612 posset
1271 2538 1339 2607 lieri)
1368 2549 1396 2596 et
1423 2540 1463 2597 sic
1486 2539 1599 2597 demum
1627 2556 1692 2597 cum
1719 2555 1857 2598 consensu

241 2636 286 2689 76.
317 2634 388 2702 Rex,
414 2640 560 2705 postquam
593 2634 787 2690 communione
812 2643 930 2707 recepta;
953 2633 1003 2692 sed
1054 2633 1142 2690 totius
1155 2633 1243 2707 Regni
1266 2633 1387 2706 legitime
1408 2635 1543 2691 coronari.
1565 2636 1625 2691 Rex
1644 2632 1728 2707 igitur
1746 2649 1777 2691 ea
1797 2634 1857 2692 vioe

205 2724 356 2798 questore
380 2724 469 2798 Regni
495 2725 615 2794 dilatata,
646 2726 752 2784 solutus
782 2728 817 2784 ab
842 2727 1001 2800 Apostolico
1055 2742 1163 2799 quoque
1176 2728 1304 2785 dnlulata
1316 2727 1471 2786 obedientia
1487 2727 1560 2801 apud
1574 2733 1631 2796 (77)
1641 2729 1774 2802 bloytiam
1795 2732 1853 2786 Re·

203 2819 344 2889 discessit3
357 2835 454 2893 parum
466 2820 688 2894 attendensquod
700 2821 724 2878 ei
738 2821 767 2878 in
781 2822 1002 2879 reconciliatione
1054 2822 1126 2893 galia
1140 2821 1254 2894 insignia
1267 2838 1323 2879 non
1337 2822 1479 2896 usurparit
1497 2838 1580 2897 :quae
1595 2830 1685 2880 tamm
1698 2838 1755 2880 non
1766 2824 1854 2881 multo

55 2900 64 2913 '
119 2984 125 2989 Ι
203 2930 252 2971 sua
259 2913 420 2987 juramento
432 2913 599 2987 promiserit,
619 2913 654 2971 ad
666 2914 776 2972 solitam
795 2916 945 2989 nequitiam
956 2931 1000 2972 re-
1055 2922 1116 2986 post
1131 2923 1227 2972 contra
1243 2914 1366 2974 bannum
1382 2915 1488 2975 domini
1511 2917 1594 2989 Papae
1612 2932 1761 2987 resumere,
1774 2915 1878 2987 etim,

203 3007 275 3077 dire,
298 3016 327 3065 et
345 3007 566 3065 simoniacorum
581 3023 696 3065 suorum
709 3008 830 3065 consiliis
845 3018 941 3066 contra
950 3012 1002 3067 Pa·
1054 3006 1170 3067 terdicta
1184 3009 1271 3083 Regni
1283 3010 1468 3083 gubernacula
1481 3026 1614 3083 usurpare
1625 3026 1683 3069 uon
1695 3010 1799 3069 timuit

202 3116 266 3173 pam
278 3100 409 3156 assentire
428 3115 485 3155 non
500 3100 618 3173 expavit.
634 3101 739 3158 Omnes
760 3101 834 3156 euim
851 3101 998 3159 simoniaci
1017 3131 1041 3197 c
1091 3108 1135 3160 78.
1150 3104 1263 3159 interim
1278 3104 1409 3161 transibat
1426 3105 1572 3174 terminus,
1592 3120 1676 3178 quern
1695 3121 1744 3163 rex
1757 3120 1852 3163 coram

202 3204 354 3263 eorumque
376 3190 454 3256 socii,
479 3207 599 3264 quorum
621 3192 757 3264 tyrannidi
793 3192 851 3266 ipse
876 3204 999 3252 sanctam
1055 3196 1164 3269 Legatis
1182 3197 1435 3270 apostolicaesedis
1450 3215 1515 3256 cum
1532 3199 1698 3271 Principibus
1714 3199 1805 3272 Regni
1818 3198 1855 3257 ad

87 3314 91 3319 -
201 3287 320 3341 llatrem
333 3283 484 3341 Ecclesiam
499 3283 700 3357 subjugaverat,
715 3300 835 3358 qnorum
860 3288 945 3345 etiam
959 3287 999 3344 la·
1055 3294 1210 3365 Augustam
1222 3289 1250 3347 in
1263 3291 1455 3349 Purificationc
1468 3295 1497 3350 S.
1513 3293 1609 3350 Mariae
1628 3292 1797 3363 condixerat,
1813 3291 1849 3350 ad

201 3377 292 3435 ctione
309 3377 368 3452 jam
395 3376 501 3450 pridem
528 3377 717 3450 apostolicam
747 3379 846 3439 Sedem
874 3381 1001 3440 deaucto
1055 3400 1137 3458 quem
1153 3385 1212 3459 jam
1245 3389 1315 3459 Papa
1340 3386 1434 3444 venire
1451 3396 1636 3460 conceperat:
1660 3396 1688 3445 et
1712 3385 1768 3458 jam
1788 3386 1854 3444 illuc

200 3472 285 3529 rizare
306 3480 474 3541 tentaverat,
503 3470 563 3544 ipsi,
591 3472 715 3546 inquam,
748 3491 849 3533 omnes
874 3475 910 3533 ad
935 3493 1001 3535 eum
1055 3480 1232 3552 pervenisset,
1244 3481 1269 3538 si
1283 3496 1340 3539 non
1355 3480 1427 3538 idem
1437 3484 1507 3549 Rex,
1520 3491 1619 3539 contra
1634 3496 1781 3540 commune
1801 3481 1852 3539 de·

201 3567 403 3625 reconciliatum
424 3575 602 3634 recurrentes,
625 3584 680 3624 non
699 3576 835 3628 terrorem
855 3570 1000 3630 sedeuda·
1054 3581 1160 3632 cretum
1199 3575 1323 3632 omnium
1363 3575 1501 3649 ingressus
1529 3575 1644 3648 ltaliam,
1667 3575 1853 3633 conducmros

200 3661 273 3718 ciam
287 3659 321 3716 ab
344 3677 389 3728 eo,
403 3676 453 3733 pro
470 3668 622 3732 perpetrata
642 3661 794 3735 iniquitate,
818 3675 999 3738 acceperunt;
1054 3668 1249 3740 Apostolicum
1261 3685 1277 3725 a
1288 3667 1427 3727 conductu
1440 3669 1616 3727 detenmsset
1630 3688 1637 3726 :
1651 3670 1798 3740 terminus,
1812 3669 1853 3727 iu·

202 3753 361 3826 quinetiam
374 3753 402 3809 in
420 3751 754 3828 damnationeaposrollei
768 3758 839 3830 apud
861 3776 925 3816 eum
939 3776 1000 3817 con·
1054 3778 1149 3833 quam,
1176 3762 1222 3819 ubl
1255 3779 1350 3820 coram
1373 3763 1528 3837 Apostolico
1556 3762 1583 3820 in
1606 3763 1744 3822 audientia
1764 3763 1853 3823 totius

197 3846 306 3920 jurandi
331 3846 425 3904 locum
443 3847 612 3906 invenerunt.
628 3852 687 3923 lpse
708 3866 773 3908 vero
787 3852 900 3925 ejusque
921 3869 1000 3912 com·
1055 3856 1144 3929 Regni
1166 3858 1297 3916 canonice
1317 3857 1353 3915 de
1372 3856 1535 3915 criminibus
1551 3856 1630 3916 illatis
1644 3859 1801 3932 expurgari,
1826 3857 1850 3915 si

202 3940 297 4014 plices,
324 3941 549 4000 communionem
572 3952 711 4016 utcunque
737 3944 839 4002 idcirco
863 3945 1000 4006 festinare
1054 3949 1225 4023 inculpabilis
1248 3958 1330 4022 esset,
1357 3959 1520 4025 expurgatus
1537 3951 1659 4025 legitime
1671 3950 1699 4008 in
1711 3954 1851 4026 Regnum,

199 4035 409 4107 rantrecipere:
432 4037 506 4108 quia,
529 4036 607 4110 juata
619 4036 707 4110 legem
720 4039 947 4111 ΙΤιιιῑοιιῑιοιιιιιιΙ
971 4057 1001 4100 se
1053 4059 1118 4102 cum
1132 4060 1266 4102 consensu
1285 4045 1420 4114 omnium,
1442 4045 1549 4103 restitui
1570 4054 1685 4118 posset:
1710 4046 1745 4103 ad
1767 4060 1853 4118 quem

200 4128 310 4201 praediis
323 4128 501 4187 etbeneiiciis
516 4128 663 4202 privandos
677 4146 737 4189 esse
757 4149 814 4191 non
829 4134 999 4210 dubitabant,
1054 4138 1110 4212 ipse
1123 4138 1214 4196 venire
1226 4138 1400 4212 contempsit,
1413 4139 1469 4197 imo
1482 4155 1539 4197 suae
1557 4155 1647 4197 causae
1656 4137 1774 4208 diibsus,
1793 4154 1852 4196 non

200 4222 225 4280 si
237 4222 289 4280 sub
310 4210 595 4281 excommunicatione
618 4223 754 4298 integrum
775 4243 877 4285 annum
892 4245 998 4301 perma-
1054 4232 1249 4305 praesumpsit3
1264 4241 1291 4290 et
1305 4236 1418 4306 Papam,
1437 4248 1472 4289 ne
1483 4234 1523 4290 vel
1534 4234 1599 4293 illuc
1611 4233 1721 4305 renuet,
1741 4231 1852 4292 iraudu-

200 4324 315 4373 nerent:
330 4314 509 4390 cujusadbuc
519 4333 590 4375 unus
606 4318 706 4376 mensis
719 4319 864 4393 superfuit,
883 4322 950 4380 dum
964 4323 998 4381 ed
1051 4326 1139 4384 lenter
1152 4327 1181 4382 in
1191 4326 1383 4400 Langobardia
1398 4329 1608 4402 preoccupavit.

201 4410 452 4467 reconciliationem
480 4409 610 4468 redirent.
640 4413 872 4472 communionem
898 4416 997 4489 itaque,
1088 4426 1133 4477 79.
1153 4421 1223 4477 Cum
1235 4421 1317 4494 igitur
1340 4422 1475 4495 principes
1493 4424 1582 4497 Regni
1603 4423 1752 4481 terminum
1763 4438 1845 4495 geue·

201 4518 259 4561 non
273 4512 342 4562 utse
360 4503 537 4577 corrigerent,
551 4507 725 4578 repetebant3
738 4508 796 4578 sed,
818 4518 848 4566 ut
862 4510 997 4582 plurimos
1011 4510 1037 4573 1)
1051 4515 1100 4571 rali
1123 4513 1232 4572 decreto
1255 4523 1390 4572 statutum
1415 4518 1519 4590 Regem
1543 4515 1747 4591 subterfugisse,
1773 4524 1801 4573 et
1820 4530 1851 4575 se

198 4598 256 4672 jam
271 4597 377 4657 dudum
390 4598 425 4655 ab
439 4599 490 4656 illis
508 4598 682 4661 anathemate
699 4611 840 4677 separatos
853 4605 907 4662 sibi
921 4621 996 4663 reso·
1050 4609 1134 4665 etiam
1154 4608 1206 4665 bac
1233 4608 1300 4677 vice,
1319 4609 1399 4667 solita
1423 4610 1483 4684 ejus
1510 4610 1633 4684 perfidia,
1658 4610 1768 4668 delusos
1789 4625 1849 4668 esse

199 4690 322 4759 ciaranta
347 4693 442 4765 sicque
474 4701 552 4751 tanto
578 4696 719 4768 audacius,
749 4707 825 4756 taum
849 4700 996 4770 crudelius,
1052 4702 1325 4772 animadvertissent3
1346 4720 1464 4778 cumque
1491 4705 1550 4779 ejus
1574 4704 1721 4762 versutiam
1746 4703 1848 4761 necin

199 4794 304 4859 quanto
325 4785 538 4861 cumpluribus,
561 4788 639 4847 solita
653 4792 796 4865 tyrannide
810 4802 933 4851 sanctam
949 4797 998 4851 Ec·
1051 4797 1109 4869 ipsa
1120 4797 1339 4855 reconciliatione
1366 4798 1407 4855 rel
1429 4807 1523 4871 postea
1545 4814 1676 4871 cessasse,
1698 4796 1850 4855 certissima

199 4880 312 4937 ciceiam
324 4878 477 4954 opprimere
497 4891 615 4955 possent.
632 4885 704 4942 Nam
717 4887 812 4944 statim
828 4896 889 4961 post
903 4904 999 4946 recon-
1051 4889 1182 4948 relatione
1197 4891 1371 4960 didicissent3
1388 4907 1453 4949 mor
1478 4892 1508 4949 in
1522 4892 1616 4950 Suesia
1635 4891 1707 4965 apud
1722 4892 1848 4959 Ulmam,

199 4973 376 5044 ciliatiouem,
387 4983 419 5031 ut
431 4975 595 5048 praedictum
609 4988 663 5050 est,
681 4979 717 5037 ad
731 4980 878 5054 pristinum
896 4982 999 5041 voluta·
1051 4995 1188 5043 conventu
1210 4985 1293 5056 iacto,
1309 4986 1537 5057 deliberaverunt,
1564 5004 1599 5044 nc
1622 5003 1652 5044 se
1666 4987 1795 5059 deinceps
1813 4986 1848 5043 eb

197 5066 280 5125 brum
292 5067 391 5140 redire,
406 5068 454 5126 sed
465 5078 491 5126 et
497 5071 669 5142 simoniacis,
684 5080 779 5147 utpote
794 5074 836 5132 sui
849 5076 994 5143 similibus,
1050 5078 1096 5138 illo
1112 5078 1254 5152 ludificari,
1268 5081 1308 5138 vel
1319 5082 1411 5154 potius
1422 5080 1533 5153 pristina
1546 5081 1605 5155 ejus
1615 5077 1762 5138 calliditate
1774 5078 1849 5152 peri-

197 5171 293 5221 contra
317 5163 505 5237 Apostolicem
524 5164 623 5224 Smem
647 5169 778 5226 assentire
802 5183 860 5226 non
886 5169 995 5229 dubita·
1049 5173 1146 5231 cilitari
1172 5175 1374 5248 permitterent3
1401 5176 1449 5233 sed
1468 5190 1526 5233 suae
1549 5176 1641 5245 saluti
1669 5174 1698 5231 in
1732 5170 1848 5246 legitimi

194 5260 269 5314 runt·
1048 5268 1181 5342 Principis
1200 5268 1341 5339 electione,
1363 5268 1547 5341 providerent.
1580 5273 1613 5328 ln
1639 5268 1738 5327 eodem
1754 5274 1847 5325 autem

236 5461 555 5553 (ib'bisl'ddoloiositje
568 5465 700 5531 Adelosr'o
713 5471 897 5545 eutrldoloe's,
910 5472 995 5539 olrici
1048 5483 1174 5556 Augusta
1188 5471 1381 5541 Taurinorum
1526 5486 1531 5493 '
1736 5542 1744 5553 ,

200 5534 361 5611 Magnriredr
387 5540 552 5598 blarcluonrs
574 5543 692 5628 Secudae
715 5545 781 5613 lilia,
817 5560 903 5623 nupta
923 5568 995 5610 anno
1082 5557 1139 5623 (76)
1163 5554 1279 5612 Additur
1306 5556 1446 5627 innostro
1466 5546 1519 5613 bis.
1543 5550 1644 5612 Acium
1667 5550 1696 5612 b.
1719 5548 1781 5613 nal.
1798 5542 1847 5613 lb·

201 5609 463 5695 1014,·Rumberto
487 5615 600 5697 Saroni,
615 5631 644 5672 ιιι
666 5618 819 5676 Marcbioni
836 5623 954 5683 secusia
968 5633 997 5682 et
1049 5625 1165 5690 boant,
1180 5626 1327 5684 indictione
1346 5633 1389 5684 lb.

199 5681 301 5738 comitr
325 5681 469 5741 Sabaudrae
496 5687 711 5760 blaurrenrcque,
733 5690 770 5747 ob
793 5691 910 5763 plurima
933 5695 995 5754 Sodi
1083 5700 1138 5764 (77)
1166 5699 1311 5768 Modoetc'o,
1334 5706 1369 5757 10
1389 5696 1551 5758 milliaribus
1568 5698 1720 5756 lledioleno
1739 5696 1843 5766 distata

199 5751 378 5836 apostolice·
398 5753 528 5811 beneficia
543 5757 734 5843 prestitalllia
751 5762 778 5819 S.
794 5765 866 5846 Petri
882 5766 995 5837 diotae
1047 5766 1094 5828 ubi
1114 5768 1197 5828 etiam
1220 5771 1400 5846 imperatores
1423 5769 1546 5829 solebant
1568 5773 1705 5831 Coronam
1724 5767 1845 5829 terrem

196 5832 250 5882 uta
272 5832 393 5884 exemeri
414 5841 488 5885 anno
503 5832 586 5900 lotoe
605 5838 646 5888 utr
668 5830 772 5893 rudrcat
792 5836 943 5910 Prgnonius
965 5838 996 5898 ιιι
1046 5840 1178 5917 accipere.
1566 5884 1568 5889 ·
