<?xml version="1.0" encoding="UTF-8"?>
<!DOCTYPE html PUBLIC "-//W3C//DTD XHTML 1.0 Transitional//EN"
    "http://www.w3.org/TR/xhtml1/DTD/xhtml1-transitional.dtd">
<html xmlns="http://www.w3.org/1999/xhtml" xml:lang="en" lang="en">
 <head>
  <title>
</title>
<meta http-equiv="Content-Type" content="text/html;charset=utf-8" />
  <meta name='ocr-system' content='tesseract 3.04.00' />
  <meta name='ocr-capabilities' content='ocr_page ocr_carea ocr_par ocr_line ocrx_word'/>
</head>
<body>
  <div class='ocr_page' id='page_1' title='image "./lta-11000/patrologiaecurs02unkngoog/patrologiaecurs02unkngoog_0487.png"; bbox 0 0 3884 6158; ppageno 0'>
   <div class='ocr_carea' id='block_1_1' title="bbox 452 172 1785 293">
    <p class='ocr_par' dir='ltr' id='par_1_1' title="bbox 452 172 1785 293">
     <span class='ocr_line' id='line_1_1' title="bbox 452 172 1785 293; baseline 0.012 -22"><span class='ocrx_word' id='word_1_1' title='bbox 452 174 455 178; x_wconf 58' lang='grc'><strong>’</strong></span> <span class='ocrx_word' id='word_1_2' title='bbox 488 216 633 279; x_wconf 76' lang='lat' dir='ltr'><strong>urreuo.</strong></span> <span class='ocrx_word' id='word_1_3' title='bbox 652 216 696 273; x_wconf 88' lang='lat' dir='ltr'><strong>ur.</strong></span> <span class='ocrx_word' id='word_1_4' title='bbox 716 246 751 260; x_wconf 87' lang='lat'>-</span> <span class='ocrx_word' id='word_1_5' title='bbox 769 217 978 281; x_wconf 81' lang='lat' dir='ltr'><strong>uouuuuum</strong></span> <span class='ocrx_word' id='word_1_6' title='bbox 996 174 1225 282; x_wconf 79' lang='lat' dir='ltr'><strong>consonum.</strong></span> <span class='ocrx_word' id='word_1_7' title='bbox 1631 172 1696 293; x_wconf 23' lang='lat' dir='ltr'><strong>oro·</strong></span> <span class='ocrx_word' id='word_1_8' title='bbox 1770 272 1785 287; x_wconf 85' lang='grc'><strong>.,</strong></span> 
     </span>
    </p>
   </div>
   <div class='ocr_carea' id='block_1_2' title="bbox 121 340 1527 616">
    <p class='ocr_par' dir='ltr' id='par_1_2' title="bbox 121 340 1527 616">
     <span class='ocr_line' id='line_1_2' title="bbox 123 340 1527 433; baseline 0.015 -35"><span class='ocrx_word' id='word_1_9' title='bbox 123 341 216 416; x_wconf 88' lang='lat' dir='ltr'><strong>logum</strong></span> <span class='ocrx_word' id='word_1_10' title='bbox 239 340 341 399; x_wconf 91' lang='lat' dir='ltr'><strong>librum</strong></span> <span class='ocrx_word' id='word_1_11' title='bbox 356 345 431 410; x_wconf 78' lang='grc'>(577)</span> <span class='ocrx_word' id='word_1_12' title='bbox 443 343 496 399; x_wconf 93' lang='lat' dir='ltr'><strong>sibi</strong></span> <span class='ocrx_word' id='word_1_13' title='bbox 510 344 595 403; x_wconf 87' lang='lat' dir='ltr'><strong>dietat</strong></span> <span class='ocrx_word' id='word_1_14' title='bbox 609 345 702 404; x_wconf 87' lang='lat' dir='ltr'><strong>Guido</strong></span> <span class='ocrx_word' id='word_1_15' title='bbox 726 349 832 421; x_wconf 83' lang='lat' dir='ltr'><strong>peritus</strong></span> <span class='ocrx_word' id='word_1_16' title='bbox 847 356 874 419; x_wconf 79' lang='grc' dir='ltr'><strong>Α</strong></span> <span class='ocrx_word' id='word_1_17' title='bbox 888 355 966 424; x_wconf 85' lang='lat' dir='ltr'><strong>Quos</strong></span> <span class='ocrx_word' id='word_1_18' title='bbox 979 360 1111 428; x_wconf 85' lang='lat' dir='ltr'><strong>superant</strong></span> <span class='ocrx_word' id='word_1_19' title='bbox 1123 355 1167 412; x_wconf 89' lang='lat' dir='ltr'><strong>isti</strong></span> <span class='ocrx_word' id='word_1_20' title='bbox 1181 353 1307 413; x_wconf 91' lang='lat' dir='ltr'><strong>bellando</strong></span> <span class='ocrx_word' id='word_1_21' title='bbox 1322 354 1426 415; x_wconf 77' lang='lat' dir='ltr'><strong>dunter</strong></span> <span class='ocrx_word' id='word_1_22' title='bbox 1447 359 1527 433; x_wconf 84' lang='lat' dir='ltr'><strong>ipsis;</strong></span> 
     </span>
     <span class='ocr_line' id='line_1_3' title="bbox 121 435 1522 524; baseline 0.014 -33"><span class='ocrx_word' id='word_1_23' title='bbox 121 435 829 511; x_wconf 71' lang='lat' dir='ltr'><strong>ue,etmooaobus‚necnonheremitebeandusetc.</strong></span> <span class='ocrx_word' id='word_1_24' title='bbox 885 448 917 501; x_wconf 91' lang='grc' dir='ltr'><strong>Ιιι</strong></span> <span class='ocrx_word' id='word_1_25' title='bbox 932 447 1021 519; x_wconf 88' lang='lat' dir='ltr'><strong>prima</strong></span> <span class='ocrx_word' id='word_1_26' title='bbox 1036 447 1126 505; x_wconf 78' lang='lat' dir='ltr'><strong>fronte</strong></span> <span class='ocrx_word' id='word_1_27' title='bbox 1134 448 1292 506; x_wconf 86' lang='lat' dir='ltr'><strong>Bonilaoiue</strong></span> <span class='ocrx_word' id='word_1_28' title='bbox 1301 449 1402 507; x_wconf 87' lang='lat' dir='ltr'><strong>incutit</strong></span> <span class='ocrx_word' id='word_1_29' title='bbox 1412 450 1522 524; x_wconf 69' lang='lat' dir='ltr'><strong>bostem</strong></span> 
     </span>
     <span class='ocr_line' id='line_1_4' title="bbox 349 539 1510 616; baseline 0.005 -19"><span class='ocrx_word' id='word_1_30' title='bbox 349 542 468 599; x_wconf 80' lang='lat' dir='ltr'><strong>CAPUT</strong></span> <span class='ocrx_word' id='word_1_31' title='bbox 480 543 526 596; x_wconf 90' lang='lat' dir='ltr'><strong>Vl.</strong></span> <span class='ocrx_word' id='word_1_32' title='bbox 885 539 966 597; x_wconf 87' lang='lat' dir='ltr'><strong>Miles</strong></span> <span class='ocrx_word' id='word_1_33' title='bbox 978 557 1043 599; x_wconf 92' lang='lat' dir='ltr'><strong>eum</strong></span> <span class='ocrx_word' id='word_1_34' title='bbox 1058 541 1169 615; x_wconf 88' lang='lat' dir='ltr'><strong>quidam</strong></span> <span class='ocrx_word' id='word_1_35' title='bbox 1183 542 1324 616; x_wconf 79' lang='lat' dir='ltr'><strong>querebat</strong></span> <span class='ocrx_word' id='word_1_36' title='bbox 1333 559 1399 602; x_wconf 87' lang='lat' dir='ltr'><strong>roee</strong></span> <span class='ocrx_word' id='word_1_37' title='bbox 1413 542 1510 616; x_wconf 82' lang='lat' dir='ltr'><strong>ferina,</strong></span> 
     </span>
    </p>
   </div>
   <div class='ocr_carea' id='block_1_3' title="bbox 131 631 1594 714">
    <p class='ocr_par' dir='ltr' id='par_1_3' title="bbox 131 631 1594 714">
     <span class='ocr_line' id='line_1_5' title="bbox 131 631 1594 714; baseline 0.009 -26"><span class='ocrx_word' id='word_1_38' title='bbox 131 644 259 698; x_wconf 62' lang='lat' dir='ltr'><strong>muru</strong></span> <span class='ocrx_word' id='word_1_39' title='bbox 273 645 440 700; x_wconf 53' lang='lat' dir='ltr'><strong>mammonas</strong></span> <span class='ocrx_word' id='word_1_40' title='bbox 462 645 654 714; x_wconf 55' lang='lat' dir='ltr'><strong>pompm</strong></span> <span class='ocrx_word' id='word_1_41' title='bbox 666 647 832 704; x_wconf 56' lang='lat' dir='ltr'><strong>prugum</strong></span> <span class='ocrx_word' id='word_1_42' title='bbox 885 631 935 689; x_wconf 87' lang='lat' dir='ltr'><strong>cui</strong></span> <span class='ocrx_word' id='word_1_43' title='bbox 949 633 1004 691; x_wconf 84' lang='lat' dir='ltr'><strong>dux</strong></span> <span class='ocrx_word' id='word_1_44' title='bbox 1029 635 1145 708; x_wconf 88' lang='lat' dir='ltr'><strong>insignis</strong></span> <span class='ocrx_word' id='word_1_45' title='bbox 1157 645 1241 709; x_wconf 88' lang='lat' dir='ltr'><strong>caput</strong></span> <span class='ocrx_word' id='word_1_46' title='bbox 1260 635 1382 707; x_wconf 87' lang='lat' dir='ltr'><strong>abstulit,</strong></span> <span class='ocrx_word' id='word_1_47' title='bbox 1397 640 1528 698; x_wconf 89' lang='lat' dir='ltr'><strong>omnibus</strong></span> <span class='ocrx_word' id='word_1_48' title='bbox 1540 640 1594 701; x_wconf 84' lang='lat' dir='ltr'><strong>illis</strong></span> 
     </span>
    </p>
   </div>
   <div class='ocr_carea' id='block_1_4' title="bbox 121 715 1522 804">
    <p class='ocr_par' dir='ltr' id='par_1_4' title="bbox 121 715 1522 804">
     <span class='ocr_line' id='line_1_6' title="bbox 121 715 1522 804; baseline 0.016 -36"><span class='ocrx_word' id='word_1_49' title='bbox 121 729 196 769; x_wconf 75' lang='lat' dir='ltr'><strong>crore</strong></span> <span class='ocrx_word' id='word_1_50' title='bbox 208 715 383 771; x_wconf 72' lang='lat' dir='ltr'><strong><em>chonradum</em></strong></span> <span class='ocrx_word' id='word_1_51' title='bbox 397 733 415 771; x_wconf 89' lang='lat' dir='ltr'><strong>c</strong></span> <span class='ocrx_word' id='word_1_52' title='bbox 431 717 582 784; x_wconf 75' lang='lat' dir='ltr'><strong>Borttsou&#39;o,</strong></span> <span class='ocrx_word' id='word_1_53' title='bbox 598 723 624 772; x_wconf 87' lang='lat' dir='ltr'><strong>ot</strong></span> <span class='ocrx_word' id='word_1_54' title='bbox 638 721 709 788; x_wconf 82' lang='lat' dir='ltr'><strong>quod</strong></span> <span class='ocrx_word' id='word_1_55' title='bbox 719 722 832 788; x_wconf 68' lang='lat' dir='ltr'><strong>Bonita·</strong></span> <span class='ocrx_word' id='word_1_56' title='bbox 888 726 988 798; x_wconf 89' lang='lat' dir='ltr'><strong>lugens</strong></span> <span class='ocrx_word' id='word_1_57' title='bbox 1002 729 1132 785; x_wconf 88' lang='lat' dir='ltr'><strong>successit</strong></span> <span class='ocrx_word' id='word_1_58' title='bbox 1148 727 1267 787; x_wconf 79' lang='lat' dir='ltr'><strong>formido</strong></span> <span class='ocrx_word' id='word_1_59' title='bbox 1280 731 1390 802; x_wconf 86' lang='lat' dir='ltr'><strong>mortis,</strong></span> <span class='ocrx_word' id='word_1_60' title='bbox 1402 742 1429 789; x_wconf 95' lang='lat' dir='ltr'><strong>et</strong></span> <span class='ocrx_word' id='word_1_61' title='bbox 1439 734 1522 804; x_wconf 84' lang='lat' dir='ltr'><strong>emis,</strong></span> 
     </span>
    </p>
   </div>
   <div class='ocr_carea' id='block_1_5' title="bbox 121 785 1609 928">
    <p class='ocr_par' dir='ltr' id='par_1_5' title="bbox 121 785 1609 928">
     <span class='ocr_line' id='line_1_7' title="bbox 121 785 1609 928; baseline 0.027 -80"><span class='ocrx_word' id='word_1_62' title='bbox 121 785 832 928; x_wconf 44' lang='lat' dir='ltr'><strong>mlgffmtffirfgimowfflmffinffi</strong></span> <span class='ocrx_word' id='word_1_63' title='bbox 887 820 963 889; x_wconf 85' lang='lat' dir='ltr'><strong>Quos</strong></span> <span class='ocrx_word' id='word_1_64' title='bbox 976 819 1055 878; x_wconf 81' lang='lat' dir='ltr'><strong>eaedit</strong></span> <span class='ocrx_word' id='word_1_65' title='bbox 1074 821 1157 879; x_wconf 88' lang='lat' dir='ltr'><strong>dente</strong></span> <span class='ocrx_word' id='word_1_66' title='bbox 1171 829 1244 890; x_wconf 78' lang='lat'><strong>(⁵78)</strong></span> <span class='ocrx_word' id='word_1_67' title='bbox 1262 824 1352 882; x_wconf 83' lang='lat' dir='ltr'><strong>valido</strong></span> <span class='ocrx_word' id='word_1_68' title='bbox 1363 825 1523 885; x_wconf 88' lang='lat' dir='ltr'><strong>Bonilaclus</strong></span> <span class='ocrx_word' id='word_1_69' title='bbox 1534 843 1609 887; x_wconf 85' lang='lat' dir='ltr'><strong>enee.</strong></span> 
     </span>
    </p>
   </div>
   <div class='ocr_carea' id='block_1_6' title="bbox 121 912 1645 1089">
    <p class='ocr_par' dir='ltr' id='par_1_6' title="bbox 121 912 1645 1089">
     <span class='ocr_line' id='line_1_8' title="bbox 121 912 1588 1005; baseline 0.014 -44"><span class='ocrx_word' id='word_1_70' title='bbox 121 930 182 995; x_wconf 85' lang='lat' dir='ltr'><strong>mio,</strong></span> <span class='ocrx_word' id='word_1_71' title='bbox 198 933 224 983; x_wconf 51' lang='grc' dir='ltr'><strong>ες</strong></span> <span class='ocrx_word' id='word_1_72' title='bbox 244 930 381 986; x_wconf 58' lang='lat' dir='ltr'><strong>cmm,</strong></span> <span class='ocrx_word' id='word_1_73' title='bbox 400 932 431 985; x_wconf 65' lang='lat' dir='ltr'><strong>p„</strong></span> <span class='ocrx_word' id='word_1_74' title='bbox 452 930 592 1000; x_wconf 43' lang='lat' dir='ltr'><strong>quaudo,</strong></span> <span class='ocrx_word' id='word_1_75' title='bbox 619 934 667 1002; x_wconf 59' lang='lat'><strong>92„-</strong></span> <span class='ocrx_word' id='word_1_76' title='bbox 690 938 729 989; x_wconf 57' lang='lat' dir='ltr'><strong>esp</strong></span> <span class='ocrx_word' id='word_1_77' title='bbox 748 949 831 1005; x_wconf 57' lang='lat' dir='ltr'><strong>prope</strong></span> <span class='ocrx_word' id='word_1_78' title='bbox 886 914 1012 986; x_wconf 79' lang='lat' dir='ltr'>Cumque</span> <span class='ocrx_word' id='word_1_79' title='bbox 1035 912 1162 987; x_wconf 81' lang='lat' dir='ltr'><strong>fatigatus</strong></span> <span class='ocrx_word' id='word_1_80' title='bbox 1183 918 1267 973; x_wconf 90' lang='lat' dir='ltr'><strong>nimis</strong></span> <span class='ocrx_word' id='word_1_81' title='bbox 1280 927 1361 988; x_wconf 86' lang='lat' dir='ltr'><strong>esset,</strong></span> <span class='ocrx_word' id='word_1_82' title='bbox 1376 936 1432 976; x_wconf 93' lang='lat' dir='ltr'><strong>non</strong></span> <span class='ocrx_word' id='word_1_83' title='bbox 1444 930 1588 996; x_wconf 87' lang='lat' dir='ltr'><strong>superatus</strong></span> 
     </span>
     <span class='ocr_line' id='line_1_9' title="bbox 121 1001 1645 1089; baseline 0.014 -36"><span class='ocrx_word' id='word_1_84' title='bbox 121 1001 203 1064; x_wconf 74' lang='lat' dir='ltr'><strong>reram</strong></span> <span class='ocrx_word' id='word_1_85' title='bbox 220 1001 324 1056; x_wconf 80' lang='lat' dir='ltr'><strong>urben.</strong></span> <span class='ocrx_word' id='word_1_86' title='bbox 855 1050 867 1072; x_wconf 86' lang='grc'><strong><em>,</em></strong></span> <span class='ocrx_word' id='word_1_87' title='bbox 885 1007 974 1063; x_wconf 89' lang='lat' dir='ltr'><strong>Vertit</strong></span> <span class='ocrx_word' id='word_1_88' title='bbox 985 1023 1099 1081; x_wconf 86' lang='lat' dir='ltr'><strong>equum,</strong></span> <span class='ocrx_word' id='word_1_89' title='bbox 1108 1010 1214 1066; x_wconf 89' lang='lat' dir='ltr'><strong>cunctis</strong></span> <span class='ocrx_word' id='word_1_90' title='bbox 1226 1011 1405 1081; x_wconf 81' lang='lat' dir='ltr'><strong>gaudentibus</strong></span> <span class='ocrx_word' id='word_1_91' title='bbox 1416 1014 1538 1087; x_wconf 89' lang='lat' dir='ltr'><strong>undique</strong></span> <span class='ocrx_word' id='word_1_92' title='bbox 1546 1018 1645 1089; x_wconf 79' lang='lat' dir='ltr'><strong>turbis,</strong></span> 
     </span>
    </p>
   </div>
   <div class='ocr_carea' id='block_1_7' title="bbox 121 1090 1727 3888">
    <p class='ocr_par' dir='ltr' id='par_1_7' title="bbox 121 1090 1668 1274">
     <span class='ocr_line' id='line_1_10' title="bbox 121 1090 1668 1183; baseline 0.014 -35"><span class='ocrx_word' id='word_1_93' title='bbox 121 1091 178 1149; x_wconf 89' lang='lat' dir='ltr'><strong>ieos</strong></span> <span class='ocrx_word' id='word_1_94' title='bbox 191 1090 287 1149; x_wconf 84' lang='lat' dir='ltr'><strong>iratres</strong></span> <span class='ocrx_word' id='word_1_95' title='bbox 302 1091 398 1149; x_wconf 90' lang='lat' dir='ltr'><strong>redeat</strong></span> <span class='ocrx_word' id='word_1_96' title='bbox 409 1093 495 1166; x_wconf 82' lang='lat' dir='ltr'>stylus</span> <span class='ocrx_word' id='word_1_97' title='bbox 507 1093 552 1150; x_wconf 89' lang='lat' dir='ltr'><strong>bic</strong></span> <span class='ocrx_word' id='word_1_98' title='bbox 564 1095 648 1152; x_wconf 90' lang='lat' dir='ltr'><strong>modo</strong></span> <span class='ocrx_word' id='word_1_99' title='bbox 661 1098 742 1170; x_wconf 89' lang='lat' dir='ltr'><strong>plane</strong></span> <span class='ocrx_word' id='word_1_100' title='bbox 887 1101 1016 1157; x_wconf 83' lang='lat' dir='ltr'>Deseruit</span> <span class='ocrx_word' id='word_1_101' title='bbox 1033 1100 1136 1158; x_wconf 90' lang='lat' dir='ltr'><strong>bellum</strong></span> <span class='ocrx_word' id='word_1_102' title='bbox 1148 1101 1286 1172; x_wconf 81' lang='lat' dir='ltr'><strong>frendens,</strong></span> <span class='ocrx_word' id='word_1_103' title='bbox 1302 1104 1336 1161; x_wconf 89' lang='lat' dir='ltr'><strong>ad</strong></span> <span class='ocrx_word' id='word_1_104' title='bbox 1353 1121 1436 1177; x_wconf 90' lang='lat' dir='ltr'><strong>quem</strong></span> <span class='ocrx_word' id='word_1_105' title='bbox 1455 1109 1533 1181; x_wconf 81' lang='lat' dir='ltr'><strong>quasi</strong></span> <span class='ocrx_word' id='word_1_106' title='bbox 1559 1127 1668 1183; x_wconf 85' lang='lat' dir='ltr'><strong>cerrus,</strong></span> 
     </span>
     <span class='ocr_line' id='line_1_11' title="bbox 122 1186 1589 1274; baseline 0.014 -34"><span class='ocrx_word' id='word_1_107' title='bbox 122 1200 149 1240; x_wconf 90' lang='lat' dir='ltr'><strong>m</strong></span> <span class='ocrx_word' id='word_1_108' title='bbox 160 1199 268 1241; x_wconf 90' lang='lat' dir='ltr'><strong>summa</strong></span> <span class='ocrx_word' id='word_1_109' title='bbox 282 1187 411 1243; x_wconf 86' lang='lat' dir='ltr'><strong>canossae</strong></span> <span class='ocrx_word' id='word_1_110' title='bbox 426 1202 491 1243; x_wconf 91' lang='lat' dir='ltr'><strong>eura</strong></span> <span class='ocrx_word' id='word_1_111' title='bbox 505 1186 650 1257; x_wconf 81' lang='lat' dir='ltr'><strong>redundat,</strong></span> <span class='ocrx_word' id='word_1_112' title='bbox 887 1193 1051 1252; x_wconf 88' lang='lat' dir='ltr'><strong>Chonradus</strong></span> <span class='ocrx_word' id='word_1_113' title='bbox 1062 1196 1163 1261; x_wconf 90' lang='lat' dir='ltr'><strong>cultus,</strong></span> <span class='ocrx_word' id='word_1_114' title='bbox 1177 1214 1234 1271; x_wconf 95' lang='lat' dir='ltr'><strong>quo</strong></span> <span class='ocrx_word' id='word_1_115' title='bbox 1246 1213 1306 1254; x_wconf 91' lang='lat' dir='ltr'><strong>non</strong></span> <span class='ocrx_word' id='word_1_116' title='bbox 1323 1207 1364 1255; x_wconf 85' lang='lat' dir='ltr'><strong>est</strong></span> <span class='ocrx_word' id='word_1_117' title='bbox 1386 1198 1486 1257; x_wconf 83' lang='lat' dir='ltr'><strong>fortior</strong></span> <span class='ocrx_word' id='word_1_118' title='bbox 1505 1204 1589 1274; x_wconf 80' lang='lat' dir='ltr'><strong>ullus,</strong></span> 
     </span>
    </p>

    <p class='ocr_par' dir='ltr' id='par_1_8' title="bbox 121 1279 1543 1456">
     <span class='ocr_line' id='line_1_12' title="bbox 121 1279 1540 1364; baseline 0.011 -28"><span class='ocrx_word' id='word_1_119' title='bbox 121 1279 201 1350; x_wconf 85' lang='lat' dir='ltr'><strong>nitor,</strong></span> <span class='ocrx_word' id='word_1_120' title='bbox 213 1281 253 1337; x_wconf 88' lang='lat' dir='ltr'><strong>rel</strong></span> <span class='ocrx_word' id='word_1_121' title='bbox 266 1296 343 1350; x_wconf 83' lang='lat' dir='ltr'><strong>arus,</strong></span> <span class='ocrx_word' id='word_1_122' title='bbox 357 1281 398 1338; x_wconf 86' lang='lat' dir='ltr'><strong>ric</strong></span> <span class='ocrx_word' id='word_1_123' title='bbox 409 1282 484 1339; x_wconf 85' lang='lat' dir='ltr'><strong>illam</strong></span> <span class='ocrx_word' id='word_1_124' title='bbox 495 1298 604 1354; x_wconf 86' lang='lat' dir='ltr'>semper</span> <span class='ocrx_word' id='word_1_125' title='bbox 619 1290 756 1353; x_wconf 88' lang='lat' dir='ltr'><strong>amarunt,</strong></span> <span class='ocrx_word' id='word_1_126' title='bbox 887 1288 958 1344; x_wconf 78' lang='lat' dir='ltr'><strong>Exiit</strong></span> <span class='ocrx_word' id='word_1_127' title='bbox 971 1303 1006 1345; x_wconf 85' lang='lat' dir='ltr'><strong>ex</strong></span> <span class='ocrx_word' id='word_1_128' title='bbox 1023 1288 1104 1358; x_wconf 86' lang='lat' dir='ltr'><strong>lucis,</strong></span> <span class='ocrx_word' id='word_1_129' title='bbox 1117 1304 1181 1347; x_wconf 91' lang='lat' dir='ltr'><strong>cum</strong></span> <span class='ocrx_word' id='word_1_130' title='bbox 1196 1291 1350 1364; x_wconf 82' lang='lat' dir='ltr'><strong>quingentis</strong></span> <span class='ocrx_word' id='word_1_131' title='bbox 1359 1290 1416 1349; x_wconf 83' lang='lat' dir='ltr'><strong>lere</strong></span> <span class='ocrx_word' id='word_1_132' title='bbox 1429 1295 1517 1351; x_wconf 89' lang='lat' dir='ltr'><strong>scutis</strong></span> <span class='ocrx_word' id='word_1_133' title='bbox 1532 1315 1540 1352; x_wconf 89' lang='lat'>:</span> 
     </span>
     <span class='ocr_line' id='line_1_13' title="bbox 121 1375 1543 1456; baseline 0.009 -25"><span class='ocrx_word' id='word_1_134' title='bbox 121 1382 270 1444; x_wconf 86' lang='lat' dir='ltr'><strong>amatores,</strong></span> <span class='ocrx_word' id='word_1_135' title='bbox 280 1375 365 1433; x_wconf 91' lang='lat' dir='ltr'><strong>lortes</strong></span> <span class='ocrx_word' id='word_1_136' title='bbox 378 1384 443 1432; x_wconf 88' lang='lat' dir='ltr'><strong>sunt</strong></span> <span class='ocrx_word' id='word_1_137' title='bbox 452 1385 536 1450; x_wconf 92' lang='lat' dir='ltr'><strong>utque</strong></span> <span class='ocrx_word' id='word_1_138' title='bbox 551 1376 658 1446; x_wconf 81' lang='lat' dir='ltr'><strong>leones3</strong></span> <span class='ocrx_word' id='word_1_139' title='bbox 887 1383 942 1439; x_wconf 89' lang='lat' dir='ltr'><strong>Cur</strong></span> <span class='ocrx_word' id='word_1_140' title='bbox 954 1381 990 1438; x_wconf 89' lang='lat' dir='ltr'><strong>ite</strong></span> <span class='ocrx_word' id='word_1_141' title='bbox 1002 1382 1087 1439; x_wconf 86' lang='lat' dir='ltr'><strong>irater</strong></span> <span class='ocrx_word' id='word_1_142' title='bbox 1101 1383 1161 1440; x_wconf 89' lang='lat' dir='ltr'><strong>abis</strong></span> <span class='ocrx_word' id='word_1_143' title='bbox 1174 1383 1293 1456; x_wconf 83' lang='lat' dir='ltr'><strong>prudent</strong></span> <span class='ocrx_word' id='word_1_144' title='bbox 1305 1385 1353 1456; x_wconf 90' lang='lat' dir='ltr'><strong>ait,</strong></span> <span class='ocrx_word' id='word_1_145' title='bbox 1369 1385 1543 1444; x_wconf 78' lang='lat' dir='ltr'><strong>oBoniiacil</strong></span> 
     </span>
    </p>

    <p class='ocr_par' dir='ltr' id='par_1_9' title="bbox 121 1473 1577 1552">
     <span class='ocr_line' id='line_1_14' title="bbox 121 1473 1577 1552; baseline 0.008 -24"><span class='ocrx_word' id='word_1_146' title='bbox 121 1485 177 1528; x_wconf 85' lang='lat' dir='ltr'><strong>cem</strong></span> <span class='ocrx_word' id='word_1_147' title='bbox 192 1486 286 1528; x_wconf 83' lang='lat' dir='ltr'><strong>veram</strong></span> <span class='ocrx_word' id='word_1_148' title='bbox 301 1487 364 1529; x_wconf 92' lang='lat' dir='ltr'><strong>cum</strong></span> <span class='ocrx_word' id='word_1_149' title='bbox 373 1474 551 1545; x_wconf 83' lang='lat' dir='ltr'><strong>prosperitate</strong></span> <span class='ocrx_word' id='word_1_150' title='bbox 565 1473 704 1541; x_wconf 81' lang='lat' dir='ltr'><strong>tenebant,</strong></span> <span class='ocrx_word' id='word_1_151' title='bbox 886 1475 970 1532; x_wconf 90' lang='lat' dir='ltr'><strong>Sume</strong></span> <span class='ocrx_word' id='word_1_152' title='bbox 984 1484 1046 1533; x_wconf 87' lang='lat' dir='ltr'><strong>tuas</strong></span> <span class='ocrx_word' id='word_1_153' title='bbox 1060 1478 1140 1545; x_wconf 82' lang='lat' dir='ltr'><strong>vires,</strong></span> <span class='ocrx_word' id='word_1_154' title='bbox 1163 1477 1268 1550; x_wconf 85' lang='lat' dir='ltr'><strong>placeat</strong></span> <span class='ocrx_word' id='word_1_155' title='bbox 1288 1494 1453 1552; x_wconf 81' lang='lat' dir='ltr'><strong>mecumque</strong></span> <span class='ocrx_word' id='word_1_156' title='bbox 1474 1480 1577 1552; x_wconf 86' lang='lat' dir='ltr'><strong>redire,</strong></span> 
     </span>
    </p>

    <p class='ocr_par' dir='ltr' id='par_1_10' title="bbox 121 1566 1593 1738">
     <span class='ocr_line' id='line_1_15' title="bbox 121 1566 1593 1643; baseline 0.008 -22"><span class='ocrx_word' id='word_1_157' title='bbox 121 1580 165 1621; x_wconf 87' lang='lat' dir='ltr'><strong>am</strong></span> <span class='ocrx_word' id='word_1_158' title='bbox 178 1580 289 1635; x_wconf 71' lang='lat' dir='ltr'><strong>sevam,</strong></span> <span class='ocrx_word' id='word_1_159' title='bbox 303 1574 415 1639; x_wconf 89' lang='lat' dir='ltr'><strong>propter</strong></span> <span class='ocrx_word' id='word_1_160' title='bbox 425 1582 494 1639; x_wconf 92' lang='lat' dir='ltr'><strong>quos</strong></span> <span class='ocrx_word' id='word_1_161' title='bbox 509 1566 598 1639; x_wconf 84' lang='lat' dir='ltr'><strong>major</strong></span> <span class='ocrx_word' id='word_1_162' title='bbox 606 1566 724 1623; x_wconf 85' lang='lat' dir='ltr'><strong>habebat</strong></span> <span class='ocrx_word' id='word_1_163' title='bbox 888 1569 1021 1626; x_wconf 83' lang='lat' dir='ltr'><strong>Hostibus</strong></span> <span class='ocrx_word' id='word_1_164' title='bbox 1033 1567 1076 1626; x_wconf 90' lang='lat' dir='ltr'><strong>his</strong></span> <span class='ocrx_word' id='word_1_165' title='bbox 1088 1586 1201 1641; x_wconf 87' lang='lat' dir='ltr'><strong>campus</strong></span> <span class='ocrx_word' id='word_1_166' title='bbox 1211 1587 1266 1628; x_wconf 92' lang='lat' dir='ltr'><strong>non</strong></span> <span class='ocrx_word' id='word_1_167' title='bbox 1276 1570 1368 1643; x_wconf 86' lang='lat' dir='ltr'><strong>detur,</strong></span> <span class='ocrx_word' id='word_1_168' title='bbox 1377 1573 1426 1631; x_wconf 87' lang='lat' dir='ltr'><strong>sed</strong></span> <span class='ocrx_word' id='word_1_169' title='bbox 1439 1573 1593 1634; x_wconf 88' lang='lat' dir='ltr'><strong>redeamus.</strong></span> 
     </span>
     <span class='ocr_line' id='line_1_16' title="bbox 121 1659 1469 1738; baseline 0.007 -23"><span class='ocrx_word' id='word_1_170' title='bbox 121 1659 280 1716; x_wconf 84' lang='lat' dir='ltr'><strong>&gt;bardorum</strong></span> <span class='ocrx_word' id='word_1_171' title='bbox 293 1660 426 1717; x_wconf 88' lang='lat' dir='ltr'><strong>comitum</strong></span> <span class='ocrx_word' id='word_1_172' title='bbox 446 1676 521 1732; x_wconf 85' lang='lat' dir='ltr'><strong>pars,</strong></span> <span class='ocrx_word' id='word_1_173' title='bbox 533 1677 615 1717; x_wconf 90' lang='lat' dir='ltr'><strong>more</strong></span> <span class='ocrx_word' id='word_1_174' title='bbox 631 1662 776 1718; x_wconf 85' lang='lat' dir='ltr'><strong>malorum.</strong></span> <span class='ocrx_word' id='word_1_175' title='bbox 888 1664 1006 1718; x_wconf 87' lang='lat' dir='ltr'><strong>Hortatu</strong></span> <span class='ocrx_word' id='word_1_176' title='bbox 1019 1663 1097 1736; x_wconf 88' lang='lat' dir='ltr'><strong>cujus</strong></span> <span class='ocrx_word' id='word_1_177' title='bbox 1112 1663 1270 1722; x_wconf 85' lang='lat' dir='ltr'><strong>Bonilacius</strong></span> <span class='ocrx_word' id='word_1_178' title='bbox 1285 1665 1358 1722; x_wconf 88' lang='lat' dir='ltr'><strong>illico</strong></span> <span class='ocrx_word' id='word_1_179' title='bbox 1372 1665 1469 1738; x_wconf 85' lang='lat' dir='ltr'><strong>fultus,</strong></span> 
     </span>
    </p>

    <p class='ocr_par' dir='ltr' id='par_1_11' title="bbox 121 1739 1520 1820">
     <span class='ocr_line' id='line_1_17' title="bbox 121 1739 1520 1820; baseline 0.007 -12"><span class='ocrx_word' id='word_1_180' title='bbox 121 1751 240 1809; x_wconf 77' lang='lat' dir='ltr'><strong>inimum</strong></span> <span class='ocrx_word' id='word_1_181' title='bbox 261 1758 332 1820; x_wconf 84' lang='grc'>(573)</span> <span class='ocrx_word' id='word_1_182' title='bbox 347 1763 444 1810; x_wconf 90' lang='lat' dir='ltr'><strong>curant</strong></span> <span class='ocrx_word' id='word_1_183' title='bbox 456 1769 519 1810; x_wconf 91' lang='lat' dir='ltr'><strong>cum</strong></span> <span class='ocrx_word' id='word_1_184' title='bbox 534 1753 718 1811; x_wconf 89' lang='lat' dir='ltr'><strong>sollicitudine</strong></span> <span class='ocrx_word' id='word_1_185' title='bbox 743 1751 830 1810; x_wconf 91' lang='lat' dir='ltr'><strong>multa</strong></span> <span class='ocrx_word' id='word_1_186' title='bbox 848 1739 873 1802; x_wconf 90' lang='grc' dir='ltr'>Β</span> <span class='ocrx_word' id='word_1_187' title='bbox 889 1755 1005 1813; x_wconf 85' lang='lat' dir='ltr'><strong>vexillis</strong></span> <span class='ocrx_word' id='word_1_188' title='bbox 1017 1757 1103 1814; x_wconf 91' lang='lat' dir='ltr'><strong>tensis</strong></span> <span class='ocrx_word' id='word_1_189' title='bbox 1125 1757 1207 1815; x_wconf 90' lang='lat' dir='ltr'><strong>rediit</strong></span> <span class='ocrx_word' id='word_1_190' title='bbox 1218 1775 1281 1815; x_wconf 90' lang='lat' dir='ltr'><strong>cum</strong></span> <span class='ocrx_word' id='word_1_191' title='bbox 1294 1756 1378 1817; x_wconf 81' lang='lat' dir='ltr'><strong>fratre</strong></span> <span class='ocrx_word' id='word_1_192' title='bbox 1396 1761 1520 1819; x_wconf 88' lang='lat' dir='ltr'><strong>recenti:</strong></span> 
     </span>
    </p>

    <p class='ocr_par' dir='ltr' id='par_1_12' title="bbox 121 1844 1701 2114">
     <span class='ocr_line' id='line_1_18' title="bbox 121 1844 1701 1928; baseline 0.009 -26"><span class='ocrx_word' id='word_1_193' title='bbox 121 1853 178 1904; x_wconf 89' lang='lat' dir='ltr'><strong>nter</strong></span> <span class='ocrx_word' id='word_1_194' title='bbox 191 1844 289 1903; x_wconf 83' lang='lat' dir='ltr'><strong>iratres</strong></span> <span class='ocrx_word' id='word_1_195' title='bbox 303 1845 455 1904; x_wconf 79' lang='lat' dir='ltr'><strong>fraternam</strong></span> <span class='ocrx_word' id='word_1_196' title='bbox 471 1847 570 1904; x_wconf 84' lang='lat' dir='ltr'><strong>loedere</strong></span> <span class='ocrx_word' id='word_1_197' title='bbox 581 1864 685 1920; x_wconf 83' lang='lat' dir='ltr'><strong>pacem,</strong></span> <span class='ocrx_word' id='word_1_198' title='bbox 883 1849 1004 1907; x_wconf 85' lang='lat' dir='ltr'><strong>Pristiea</strong></span> <span class='ocrx_word' id='word_1_199' title='bbox 1028 1851 1099 1906; x_wconf 85' lang='lat' dir='ltr'><strong>bella</strong></span> <span class='ocrx_word' id='word_1_200' title='bbox 1113 1859 1225 1920; x_wconf 84' lang='lat' dir='ltr'><strong>novant,</strong></span> <span class='ocrx_word' id='word_1_201' title='bbox 1242 1852 1360 1909; x_wconf 88' lang='lat' dir='ltr'><strong>inimicis</strong></span> <span class='ocrx_word' id='word_1_202' title='bbox 1374 1869 1415 1911; x_wconf 66' lang='grc' dir='ltr'><strong>ιω</strong></span> <span class='ocrx_word' id='word_1_203' title='bbox 1433 1869 1542 1928; x_wconf 92' lang='lat' dir='ltr'><strong>quoque</strong></span> <span class='ocrx_word' id='word_1_204' title='bbox 1556 1854 1682 1917; x_wconf 86' lang='lat' dir='ltr'><strong>donant:</strong></span> <span class='ocrx_word' id='word_1_205' title='bbox 1696 1882 1701 1889; x_wconf 93' lang='lat'>·</span> 
     </span>
     <span class='ocr_line' id='line_1_19' title="bbox 121 1938 1667 2025; baseline 0.009 -29"><span class='ocrx_word' id='word_1_206' title='bbox 121 1954 163 1996; x_wconf 90' lang='lat' dir='ltr'><strong>om</strong></span> <span class='ocrx_word' id='word_1_207' title='bbox 175 1938 325 1997; x_wconf 79' lang='lat' dir='ltr'><strong>fraternum</strong></span> <span class='ocrx_word' id='word_1_208' title='bbox 340 1950 479 2013; x_wconf 90' lang='lat' dir='ltr'><strong>nequeunt</strong></span> <span class='ocrx_word' id='word_1_209' title='bbox 492 1941 591 1998; x_wconf 85' lang='lat' dir='ltr'><strong>elidere</strong></span> <span class='ocrx_word' id='word_1_210' title='bbox 603 1957 713 1998; x_wconf 91' lang='lat' dir='ltr'><strong>sensum</strong></span> <span class='ocrx_word' id='word_1_211' title='bbox 884 1945 955 1998; x_wconf 84' lang='lat' dir='ltr'><strong>Nam</strong></span> <span class='ocrx_word' id='word_1_212' title='bbox 964 1943 1112 2015; x_wconf 89' lang='lat' dir='ltr'><strong>perimunt,</strong></span> <span class='ocrx_word' id='word_1_213' title='bbox 1125 1945 1248 2014; x_wconf 73' lang='lat' dir='ltr'><strong>credunt,</strong></span> <span class='ocrx_word' id='word_1_214' title='bbox 1260 1962 1429 2020; x_wconf 81' lang='lat' dir='ltr'><strong>campusque</strong></span> <span class='ocrx_word' id='word_1_215' title='bbox 1437 1964 1534 2006; x_wconf 91' lang='lat' dir='ltr'><strong>eruore</strong></span> <span class='ocrx_word' id='word_1_216' title='bbox 1543 1952 1667 2025; x_wconf 89' lang='lat' dir='ltr'><strong>repletur</strong></span> 
     </span>
     <span class='ocr_line' id='line_1_20' title="bbox 121 2034 1541 2114; baseline 0.006 -24"><span class='ocrx_word' id='word_1_217' title='bbox 121 2034 150 2091; x_wconf 78' lang='lat' dir='ltr'><strong>tis</strong></span> <span class='ocrx_word' id='word_1_218' title='bbox 161 2043 251 2091; x_wconf 89' lang='lat' dir='ltr'><strong>ortam</strong></span> <span class='ocrx_word' id='word_1_219' title='bbox 261 2036 405 2093; x_wconf 86' lang='lat' dir='ltr'><strong>chonrado</strong></span> <span class='ocrx_word' id='word_1_220' title='bbox 416 2044 483 2093; x_wconf 88' lang='lat' dir='ltr'><strong>tune</strong></span> <span class='ocrx_word' id='word_1_221' title='bbox 493 2035 559 2093; x_wconf 84' lang='lat' dir='ltr'><strong>dare</strong></span> <span class='ocrx_word' id='word_1_222' title='bbox 573 2050 704 2108; x_wconf 89' lang='lat' dir='ltr'><strong>sponsam</strong></span> <span class='ocrx_word' id='word_1_223' title='bbox 884 2035 1072 2109; x_wconf 82' lang='lat' dir='ltr'><strong>Cornipedem</strong></span> <span class='ocrx_word' id='word_1_224' title='bbox 1084 2053 1162 2095; x_wconf 89' lang='lat' dir='ltr'><strong>crura</strong></span> <span class='ocrx_word' id='word_1_225' title='bbox 1176 2037 1248 2094; x_wconf 90' lang='lat' dir='ltr'><strong>liunt</strong></span> <span class='ocrx_word' id='word_1_226' title='bbox 1258 2037 1297 2095; x_wconf 93' lang='lat' dir='ltr'><strong>ibi</strong></span> <span class='ocrx_word' id='word_1_227' title='bbox 1304 2039 1434 2114; x_wconf 87' lang='lat' dir='ltr'><strong>sanguiue</strong></span> <span class='ocrx_word' id='word_1_228' title='bbox 1446 2043 1541 2113; x_wconf 85' lang='lat' dir='ltr'><strong>rubra,</strong></span> 
     </span>
    </p>

    <p class='ocr_par' dir='ltr' id='par_1_13' title="bbox 121 2128 1686 2485">
     <span class='ocr_line' id='line_1_21' title="bbox 121 2128 1686 2208; baseline 0.006 -22"><span class='ocrx_word' id='word_1_229' title='bbox 121 2130 193 2199; x_wconf 78' lang='lat' dir='ltr'><strong>¹sere,</strong></span> <span class='ocrx_word' id='word_1_230' title='bbox 209 2129 294 2185; x_wconf 90' lang='lat' dir='ltr'><strong>nimis</strong></span> <span class='ocrx_word' id='word_1_231' title='bbox 316 2129 425 2202; x_wconf 86' lang='lat' dir='ltr'><strong>juvenis</strong></span> <span class='ocrx_word' id='word_1_232' title='bbox 438 2129 511 2203; x_wconf 93' lang='lat' dir='ltr'><strong>quod</strong></span> <span class='ocrx_word' id='word_1_233' title='bbox 531 2128 646 2186; x_wconf 87' lang='lat' dir='ltr'><strong>credidit</strong></span> <span class='ocrx_word' id='word_1_234' title='bbox 659 2129 722 2197; x_wconf 86' lang='lat' dir='ltr'><strong>illis,</strong></span> <span class='ocrx_word' id='word_1_235' title='bbox 882 2131 960 2203; x_wconf 86' lang='lat' dir='ltr'><strong>Quos</strong></span> <span class='ocrx_word' id='word_1_236' title='bbox 974 2129 1010 2186; x_wconf 91' lang='lat' dir='ltr'><strong>illi</strong></span> <span class='ocrx_word' id='word_1_237' title='bbox 1030 2130 1153 2199; x_wconf 85' lang='lat' dir='ltr'><strong>volvunt,</strong></span> <span class='ocrx_word' id='word_1_238' title='bbox 1169 2130 1289 2205; x_wconf 86' lang='lat' dir='ltr'><strong>lugiunt,</strong></span> <span class='ocrx_word' id='word_1_239' title='bbox 1315 2133 1441 2191; x_wconf 87' lang='lat' dir='ltr'><strong>tribuunt</strong></span> <span class='ocrx_word' id='word_1_240' title='bbox 1461 2136 1535 2192; x_wconf 89' lang='lat' dir='ltr'><strong>male</strong></span> <span class='ocrx_word' id='word_1_241' title='bbox 1548 2134 1686 2208; x_wconf 67' lang='lat' dir='ltr'><strong>dorsum</strong></span> 
     </span>
     <span class='ocr_line' id='line_1_22' title="bbox 133 2221 1686 2302; baseline 0.007 -24"><span class='ocrx_word' id='word_1_242' title='bbox 133 2222 272 2278; x_wconf 90' lang='lat' dir='ltr'><strong>nonnullis</strong></span> <span class='ocrx_word' id='word_1_243' title='bbox 289 2222 413 2295; x_wconf 86' lang='lat' dir='ltr'><strong>privatim</strong></span> <span class='ocrx_word' id='word_1_244' title='bbox 429 2221 546 2294; x_wconf 90' lang='lat' dir='ltr'><strong>denique</strong></span> <span class='ocrx_word' id='word_1_245' title='bbox 558 2221 687 2295; x_wconf 85' lang='lat' dir='ltr'><strong>sumptis,</strong></span> <span class='ocrx_word' id='word_1_246' title='bbox 884 2226 963 2280; x_wconf 85' lang='lat' dir='ltr'><strong>Tunc</strong></span> <span class='ocrx_word' id='word_1_247' title='bbox 976 2231 1080 2297; x_wconf 85' lang='lat' dir='ltr'><strong>strages</strong></span> <span class='ocrx_word' id='word_1_248' title='bbox 1109 2224 1221 2298; x_wconf 88' lang='lat' dir='ltr'><strong>grandis</strong></span> <span class='ocrx_word' id='word_1_249' title='bbox 1244 2223 1391 2283; x_wconf 89' lang='lat' dir='ltr'><strong>homiuum</strong></span> <span class='ocrx_word' id='word_1_250' title='bbox 1408 2225 1471 2300; x_wconf 87' lang='lat' dir='ltr'><strong>tuit,</strong></span> <span class='ocrx_word' id='word_1_251' title='bbox 1487 2244 1558 2302; x_wconf 85' lang='lat' dir='ltr'><strong>eque</strong></span> <span class='ocrx_word' id='word_1_252' title='bbox 1572 2231 1686 2290; x_wconf 83' lang='lat' dir='ltr'><strong>cabellis</strong></span> 
     </span>
     <span class='ocr_line' id='line_1_23' title="bbox 121 2314 1685 2397; baseline 0.007 -24"><span class='ocrx_word' id='word_1_253' title='bbox 121 2314 248 2373; x_wconf 84' lang='lat' dir='ltr'><strong>islratris</strong></span> <span class='ocrx_word' id='word_1_254' title='bbox 258 2316 316 2372; x_wconf 88' lang='lat' dir='ltr'><strong>sine</strong></span> <span class='ocrx_word' id='word_1_255' title='bbox 330 2323 409 2383; x_wconf 83' lang='lat' dir='ltr'><strong>nutu,</strong></span> <span class='ocrx_word' id='word_1_256' title='bbox 425 2317 511 2390; x_wconf 89' lang='lat' dir='ltr'><strong>pergit</strong></span> <span class='ocrx_word' id='word_1_257' title='bbox 522 2316 609 2372; x_wconf 87' lang='lat' dir='ltr'><strong>inanis</strong></span> <span class='ocrx_word' id='word_1_258' title='bbox 886 2317 993 2374; x_wconf 82' lang='lat' dir='ltr'><strong>Lancea</strong></span> <span class='ocrx_word' id='word_1_259' title='bbox 1007 2317 1081 2390; x_wconf 91' lang='lat' dir='ltr'><strong>quod</strong></span> <span class='ocrx_word' id='word_1_260' title='bbox 1101 2317 1194 2392; x_wconf 87' lang='lat' dir='ltr'><strong>longa,</strong></span> <span class='ocrx_word' id='word_1_261' title='bbox 1210 2319 1287 2392; x_wconf 89' lang='lat' dir='ltr'><strong>quasi</strong></span> <span class='ocrx_word' id='word_1_262' title='bbox 1308 2319 1421 2377; x_wconf 87' lang='lat' dir='ltr'><strong>brachia</strong></span> <span class='ocrx_word' id='word_1_263' title='bbox 1436 2321 1522 2392; x_wconf 85' lang='lat' dir='ltr'><strong>mille,</strong></span> <span class='ocrx_word' id='word_1_264' title='bbox 1538 2322 1685 2397; x_wconf 67' lang='lat' dir='ltr'><strong>eltrudem</strong></span> 
     </span>
     <span class='ocr_line' id='line_1_24' title="bbox 122 2408 1485 2485; baseline 0.004 -19"><span class='ocrx_word' id='word_1_265' title='bbox 122 2408 206 2467; x_wconf 88' lang='lat' dir='ltr'><strong>mites</strong></span> <span class='ocrx_word' id='word_1_266' title='bbox 220 2410 293 2477; x_wconf 75' lang='lat' dir='ltr'><strong>illos,</strong></span> <span class='ocrx_word' id='word_1_267' title='bbox 304 2425 373 2483; x_wconf 93' lang='lat' dir='ltr'><strong>quos</strong></span> <span class='ocrx_word' id='word_1_268' title='bbox 386 2411 468 2476; x_wconf 81' lang='lat' dir='ltr'><strong>visos,</strong></span> <span class='ocrx_word' id='word_1_269' title='bbox 481 2411 585 2482; x_wconf 91' lang='lat' dir='ltr'><strong>respuit</strong></span> <span class='ocrx_word' id='word_1_270' title='bbox 599 2410 670 2479; x_wconf 87' lang='lat' dir='ltr'><strong>illos,</strong></span> <span class='ocrx_word' id='word_1_271' title='bbox 885 2412 967 2466; x_wconf 76' lang='lat' dir='ltr'><strong>Estne</strong></span> <span class='ocrx_word' id='word_1_272' title='bbox 978 2410 1111 2468; x_wconf 83' lang='lat' dir='ltr'><strong>Bonilocii</strong></span> <span class='ocrx_word' id='word_1_273' title='bbox 1126 2412 1217 2469; x_wconf 83' lang='lat' dir='ltr'><strong>visum</strong></span> <span class='ocrx_word' id='word_1_274' title='bbox 1236 2414 1342 2470; x_wconf 90' lang='lat' dir='ltr'><strong>cunctis</strong></span> <span class='ocrx_word' id='word_1_275' title='bbox 1356 2414 1485 2485; x_wconf 87' lang='lat' dir='ltr'><strong>inimicis,</strong></span> 
     </span>
    </p>

    <p class='ocr_par' dir='ltr' id='par_1_14' title="bbox 121 2502 1687 2953">
     <span class='ocr_line' id='line_1_25' title="bbox 121 2502 1590 2581; baseline 0.003 -21"><span class='ocrx_word' id='word_1_276' title='bbox 121 2503 165 2560; x_wconf 84' lang='lat' dir='ltr'><strong>eui</strong></span> <span class='ocrx_word' id='word_1_277' title='bbox 177 2511 298 2561; x_wconf 89' lang='lat' dir='ltr'><strong>mentem</strong></span> <span class='ocrx_word' id='word_1_278' title='bbox 310 2503 433 2575; x_wconf 87' lang='lat' dir='ltr'><strong>placavit,</strong></span> <span class='ocrx_word' id='word_1_279' title='bbox 446 2519 511 2560; x_wconf 85' lang='lat' dir='ltr'><strong>mox</strong></span> <span class='ocrx_word' id='word_1_280' title='bbox 525 2505 705 2560; x_wconf 82' lang='lat' dir='ltr'><strong>vehementer</strong></span> <span class='ocrx_word' id='word_1_281' title='bbox 886 2502 1077 2576; x_wconf 77' lang='lat' dir='ltr'><strong>chonradique</strong></span> <span class='ocrx_word' id='word_1_282' title='bbox 1092 2513 1167 2578; x_wconf 84' lang='lat' dir='ltr'><strong>spata</strong></span> <span class='ocrx_word' id='word_1_283' title='bbox 1180 2514 1293 2564; x_wconf 90' lang='lat' dir='ltr'><strong>eentum</strong></span> <span class='ocrx_word' id='word_1_284' title='bbox 1310 2507 1417 2564; x_wconf 88' lang='lat' dir='ltr'><strong>cubitos</strong></span> <span class='ocrx_word' id='word_1_285' title='bbox 1431 2508 1507 2581; x_wconf 89' lang='lat' dir='ltr'><strong>quasi</strong></span> <span class='ocrx_word' id='word_1_286' title='bbox 1522 2509 1590 2569; x_wconf 88' lang='lat' dir='ltr'><strong>leta.</strong></span> 
     </span>
     <span class='ocr_line' id='line_1_26' title="bbox 121 2596 1519 2673; baseline 0.004 -19"><span class='ocrx_word' id='word_1_287' title='bbox 121 2597 273 2666; x_wconf 79' lang='lat' dir='ltr'><strong>teneordes,</strong></span> <span class='ocrx_word' id='word_1_288' title='bbox 284 2596 391 2654; x_wconf 82' lang='lat' dir='ltr'><strong>confusi</strong></span> <span class='ocrx_word' id='word_1_289' title='bbox 406 2606 472 2655; x_wconf 89' lang='lat' dir='ltr'><strong>sunt</strong></span> <span class='ocrx_word' id='word_1_290' title='bbox 483 2599 519 2654; x_wconf 93' lang='lat' dir='ltr'><strong>ob</strong></span> <span class='ocrx_word' id='word_1_291' title='bbox 534 2596 562 2653; x_wconf 92' lang='lat' dir='ltr'><strong>id</strong></span> <span class='ocrx_word' id='word_1_292' title='bbox 576 2596 686 2664; x_wconf 80' lang='lat' dir='ltr'><strong>hostes3</strong></span> <span class='ocrx_word' id='word_1_293' title='bbox 885 2597 940 2666; x_wconf 87' lang='lat' dir='ltr'><strong>Qui</strong></span> <span class='ocrx_word' id='word_1_294' title='bbox 956 2596 1049 2666; x_wconf 89' lang='lat' dir='ltr'><strong>procul</strong></span> <span class='ocrx_word' id='word_1_295' title='bbox 1061 2597 1141 2670; x_wconf 89' lang='lat' dir='ltr'><strong>ejecti</strong></span> <span class='ocrx_word' id='word_1_296' title='bbox 1153 2599 1196 2654; x_wconf 85' lang='lat' dir='ltr'><strong>rix</strong></span> <span class='ocrx_word' id='word_1_297' title='bbox 1215 2598 1391 2673; x_wconf 89' lang='lat' dir='ltr'><strong>hospitioque</strong></span> <span class='ocrx_word' id='word_1_298' title='bbox 1405 2603 1519 2672; x_wconf 84' lang='lat' dir='ltr'><strong>reversi,</strong></span> 
     </span>
     <span class='ocr_line' id='line_1_27' title="bbox 121 2688 1687 2767; baseline 0.003 -18"><span class='ocrx_word' id='word_1_299' title='bbox 121 2690 332 2757; x_wconf 72' lang='lat' dir='ltr'><strong>inuehentem,</strong></span> <span class='ocrx_word' id='word_1_300' title='bbox 348 2707 451 2760; x_wconf 85' lang='lat' dir='ltr'><strong>servos,</strong></span> <span class='ocrx_word' id='word_1_301' title='bbox 469 2691 558 2747; x_wconf 88' lang='lat' dir='ltr'><strong>ierant</strong></span> <span class='ocrx_word' id='word_1_302' title='bbox 572 2688 683 2746; x_wconf 88' lang='lat' dir='ltr'><strong>titulato</strong></span> <span class='ocrx_word' id='word_1_303' title='bbox 697 2691 784 2761; x_wconf 79' lang='grc'>(574),</span> <span class='ocrx_word' id='word_1_304' title='bbox 888 2688 1006 2746; x_wconf 90' lang='lat' dir='ltr'><strong>Lumina</strong></span> <span class='ocrx_word' id='word_1_305' title='bbox 1016 2697 1155 2747; x_wconf 81' lang='lat' dir='ltr'><strong>vertentes</strong></span> <span class='ocrx_word' id='word_1_306' title='bbox 1166 2701 1227 2764; x_wconf 87' lang='lat' dir='ltr'><strong>post</strong></span> <span class='ocrx_word' id='word_1_307' title='bbox 1237 2700 1344 2766; x_wconf 89' lang='lat' dir='ltr'><strong>tergum</strong></span> <span class='ocrx_word' id='word_1_308' title='bbox 1359 2709 1431 2766; x_wconf 80' lang='lat' dir='ltr'><strong>sape</strong></span> <span class='ocrx_word' id='word_1_309' title='bbox 1440 2695 1580 2754; x_wconf 87' lang='lat' dir='ltr'><strong>timentes.</strong></span> <span class='ocrx_word' id='word_1_310' title='bbox 1668 2743 1687 2767; x_wconf 83' lang='lat'><strong>.‚</strong></span> 
     </span>
     <span class='ocr_line' id='line_1_28' title="bbox 121 2782 1599 2861; baseline 0.003 -19"><span class='ocrx_word' id='word_1_311' title='bbox 121 2800 157 2844; x_wconf 90' lang='lat' dir='ltr'><strong>no</strong></span> <span class='ocrx_word' id='word_1_312' title='bbox 174 2786 300 2860; x_wconf 89' lang='lat' dir='ltr'><strong>princeps</strong></span> <span class='ocrx_word' id='word_1_313' title='bbox 318 2786 416 2844; x_wconf 90' lang='lat' dir='ltr'><strong>doctus</strong></span> <span class='ocrx_word' id='word_1_314' title='bbox 430 2784 589 2843; x_wconf 85' lang='lat' dir='ltr'><strong>Bonilacius</strong></span> <span class='ocrx_word' id='word_1_315' title='bbox 603 2785 655 2841; x_wconf 91' lang='lat' dir='ltr'><strong>iste</strong></span> <span class='ocrx_word' id='word_1_316' title='bbox 888 2782 1050 2841; x_wconf 86' lang='lat' dir='ltr'><strong>Cbonradus</strong></span> <span class='ocrx_word' id='word_1_317' title='bbox 1064 2782 1177 2853; x_wconf 89' lang='lat' dir='ltr'><strong>ductor,</strong></span> <span class='ocrx_word' id='word_1_318' title='bbox 1189 2785 1349 2843; x_wconf 86' lang='lat' dir='ltr'><strong>Bonilaciue</strong></span> <span class='ocrx_word' id='word_1_319' title='bbox 1372 2787 1489 2861; x_wconf 85' lang='lat' dir='ltr'><strong>inclytus</strong></span> <span class='ocrx_word' id='word_1_320' title='bbox 1514 2789 1599 2859; x_wconf 85' lang='lat' dir='ltr'><strong>ultor,</strong></span> 
     </span>
     <span class='ocr_line' id='line_1_29' title="bbox 133 2874 1580 2953; baseline 0 -16"><span class='ocrx_word' id='word_1_321' title='bbox 133 2878 224 2953; x_wconf 88' lang='lat' dir='ltr'><strong>longe,</strong></span> <span class='ocrx_word' id='word_1_322' title='bbox 236 2879 358 2937; x_wconf 89' lang='lat' dir='ltr'><strong>dominis</strong></span> <span class='ocrx_word' id='word_1_323' title='bbox 366 2880 425 2936; x_wconf 89' lang='lat' dir='ltr'><strong>aliis</strong></span> <span class='ocrx_word' id='word_1_324' title='bbox 438 2879 513 2936; x_wconf 87' lang='lat' dir='ltr'><strong>dedit</strong></span> <span class='ocrx_word' id='word_1_325' title='bbox 527 2894 636 2936; x_wconf 89' lang='lat' dir='ltr'><strong>omnes.</strong></span> <span class='ocrx_word' id='word_1_326' title='bbox 890 2874 1021 2933; x_wconf 80' lang='lat' dir='ltr'><strong>condunt</strong></span> <span class='ocrx_word' id='word_1_327' title='bbox 1033 2876 1140 2949; x_wconf 83' lang='lat' dir='ltr'><strong>vaginis</strong></span> <span class='ocrx_word' id='word_1_328' title='bbox 1156 2893 1306 2934; x_wconf 89' lang='lat' dir='ltr'><strong>mucrones</strong></span> <span class='ocrx_word' id='word_1_329' title='bbox 1323 2880 1455 2951; x_wconf 89' lang='lat' dir='ltr'><strong>sangnine</strong></span> <span class='ocrx_word' id='word_1_330' title='bbox 1468 2880 1580 2949; x_wconf 87' lang='lat' dir='ltr'><strong>tiuctos,</strong></span> 
     </span>
    </p>

    <p class='ocr_par' dir='ltr' id='par_1_15' title="bbox 121 2970 1652 3141">
     <span class='ocr_line' id='line_1_30' title="bbox 121 2970 1652 3046; baseline 0.001 -17"><span class='ocrx_word' id='word_1_331' title='bbox 121 2974 158 3030; x_wconf 86' lang='lat' dir='ltr'><strong>rio</strong></span> <span class='ocrx_word' id='word_1_332' title='bbox 170 2973 324 3030; x_wconf 83' lang='lat' dir='ltr'><strong>Ricbildom</strong></span> <span class='ocrx_word' id='word_1_333' title='bbox 337 2981 504 3046; x_wconf 71' lang='lat' dir='ltr'><strong>pretaxatus</strong></span> <span class='ocrx_word' id='word_1_334' title='bbox 514 2972 695 3040; x_wconf 87' lang='lat' dir='ltr'><strong>comitissam,</strong></span> <span class='ocrx_word' id='word_1_335' title='bbox 891 2973 1021 3043; x_wconf 88' lang='lat' dir='ltr'><strong>Dumque</strong></span> <span class='ocrx_word' id='word_1_336' title='bbox 1030 2985 1110 3026; x_wconf 89' lang='lat' dir='ltr'><strong>suum</strong></span> <span class='ocrx_word' id='word_1_337' title='bbox 1134 2970 1211 3043; x_wconf 89' lang='lat' dir='ltr'><strong>ponit</strong></span> <span class='ocrx_word' id='word_1_338' title='bbox 1224 2970 1395 3040; x_wconf 84' lang='lat' dir='ltr'><strong>Cbonradus,</strong></span> <span class='ocrx_word' id='word_1_339' title='bbox 1410 2971 1481 3029; x_wconf 90' lang='lat' dir='ltr'><strong>llens</strong></span> <span class='ocrx_word' id='word_1_340' title='bbox 1495 2973 1652 3044; x_wconf 71' lang='lat' dir='ltr'><strong>tetolonis,</strong></span> 
     </span>
     <span class='ocr_line' id='line_1_31' title="bbox 121 3062 1571 3141; baseline -0.001 -17"><span class='ocrx_word' id='word_1_341' title='bbox 121 3065 262 3124; x_wconf 75' lang='lat' dir='ltr'><strong>Gieelberti</strong></span> <span class='ocrx_word' id='word_1_342' title='bbox 277 3066 310 3123; x_wconf 92' lang='lat' dir='ltr'><strong>de</strong></span> <span class='ocrx_word' id='word_1_343' title='bbox 325 3068 457 3141; x_wconf 89' lang='lat' dir='ltr'><strong>sanguine</strong></span> <span class='ocrx_word' id='word_1_344' title='bbox 476 3066 605 3140; x_wconf 91' lang='lat' dir='ltr'><strong>principis</strong></span> <span class='ocrx_word' id='word_1_345' title='bbox 620 3073 708 3123; x_wconf 82' lang='lat' dir='ltr'><strong>exstat</strong></span> <span class='ocrx_word' id='word_1_346' title='bbox 723 3066 798 3133; x_wconf 91' lang='grc'>(575)</span> <span class='ocrx_word' id='word_1_347' title='bbox 892 3062 1013 3120; x_wconf 85' lang='lat' dir='ltr'><strong>Candida</strong></span> <span class='ocrx_word' id='word_1_348' title='bbox 1028 3063 1125 3133; x_wconf 85' lang='lat' dir='ltr'><strong>lorica,</strong></span> <span class='ocrx_word' id='word_1_349' title='bbox 1140 3064 1227 3121; x_wconf 89' lang='lat' dir='ltr'><strong>cernit</strong></span> <span class='ocrx_word' id='word_1_350' title='bbox 1239 3063 1315 3138; x_wconf 91' lang='lat' dir='ltr'><strong>quod</strong></span> <span class='ocrx_word' id='word_1_351' title='bbox 1329 3067 1463 3141; x_wconf 86' lang='lat' dir='ltr'><strong>sanguine</strong></span> <span class='ocrx_word' id='word_1_352' title='bbox 1474 3067 1571 3138; x_wconf 90' lang='lat' dir='ltr'><strong>stillat,</strong></span> 
     </span>
    </p>

    <p class='ocr_par' dir='ltr' id='par_1_16' title="bbox 121 3136 1727 3513">
     <span class='ocr_line' id='line_1_32' title="bbox 128 3136 1727 3237; baseline 0.001 -20"><span class='ocrx_word' id='word_1_353' title='bbox 128 3159 158 3217; x_wconf 87' lang='lat' dir='ltr'><strong>in</strong></span> <span class='ocrx_word' id='word_1_354' title='bbox 169 3175 295 3231; x_wconf 86' lang='lat' dir='ltr'><strong>uxorem,</strong></span> <span class='ocrx_word' id='word_1_355' title='bbox 309 3159 398 3217; x_wconf 87' lang='lat' dir='ltr'><strong>iuerat</strong></span> <span class='ocrx_word' id='word_1_356' title='bbox 410 3161 474 3233; x_wconf 93' lang='lat' dir='ltr'><strong>quia</strong></span> <span class='ocrx_word' id='word_1_357' title='bbox 489 3159 565 3217; x_wconf 86' lang='lat' dir='ltr'><strong>dives</strong></span> <span class='ocrx_word' id='word_1_358' title='bbox 577 3160 684 3216; x_wconf 90' lang='lat' dir='ltr'><strong>bonore</strong></span> <span class='ocrx_word' id='word_1_359' title='bbox 697 3176 705 3215; x_wconf 80' lang='lat' dir='ltr'><strong>t</strong></span> <span class='ocrx_word' id='word_1_360' title='bbox 848 3136 871 3200; x_wconf 79' lang='lat' dir='ltr'>C</span> <span class='ocrx_word' id='word_1_361' title='bbox 888 3159 958 3213; x_wconf 88' lang='lat' dir='ltr'><strong>Ecce</strong></span> <span class='ocrx_word' id='word_1_362' title='bbox 969 3156 1060 3215; x_wconf 88' lang='lat' dir='ltr'><strong>sciens</strong></span> <span class='ocrx_word' id='word_1_363' title='bbox 1072 3158 1171 3216; x_wconf 88' lang='lat' dir='ltr'><strong>vulnus</strong></span> <span class='ocrx_word' id='word_1_364' title='bbox 1184 3158 1296 3216; x_wconf 81' lang='lat' dir='ltr'><strong>fratrem</strong></span> <span class='ocrx_word' id='word_1_365' title='bbox 1312 3157 1452 3217; x_wconf 85' lang='lat' dir='ltr'><strong>confortat</strong></span> <span class='ocrx_word' id='word_1_366' title='bbox 1465 3160 1621 3230; x_wconf 85' lang='lat' dir='ltr'><strong>alumnum,</strong></span> <span class='ocrx_word' id='word_1_367' title='bbox 1715 3222 1727 3237; x_wconf 61' lang='lat'><em>,</em></span> 
     </span>
     <span class='ocr_line' id='line_1_33' title="bbox 121 3249 1604 3327; baseline 0 -16"><span class='ocrx_word' id='word_1_368' title='bbox 121 3268 238 3327; x_wconf 79' lang='lat' dir='ltr'><strong>agapem</strong></span> <span class='ocrx_word' id='word_1_369' title='bbox 256 3255 371 3310; x_wconf 91' lang='lat' dir='ltr'><strong>multam</strong></span> <span class='ocrx_word' id='word_1_370' title='bbox 387 3254 492 3311; x_wconf 89' lang='lat' dir='ltr'><strong>miseris</strong></span> <span class='ocrx_word' id='word_1_371' title='bbox 514 3253 599 3311; x_wconf 89' lang='lat' dir='ltr'><strong>dabat</strong></span> <span class='ocrx_word' id='word_1_372' title='bbox 614 3263 696 3326; x_wconf 87' lang='lat' dir='ltr'><strong>atque</strong></span> <span class='ocrx_word' id='word_1_373' title='bbox 713 3250 829 3316; x_wconf 86' lang='lat' dir='ltr'><strong>tributa,</strong></span> <span class='ocrx_word' id='word_1_374' title='bbox 885 3251 1053 3324; x_wconf 83' lang='lat' dir='ltr'><strong>litorumque</strong></span> <span class='ocrx_word' id='word_1_375' title='bbox 1065 3249 1183 3324; x_wconf 82' lang='lat' dir='ltr'><strong>phalanx</strong></span> <span class='ocrx_word' id='word_1_376' title='bbox 1198 3267 1331 3325; x_wconf 90' lang='lat' dir='ltr'><strong>campum</strong></span> <span class='ocrx_word' id='word_1_377' title='bbox 1347 3253 1457 3327; x_wconf 81' lang='lat' dir='ltr'><strong>collegit</strong></span> <span class='ocrx_word' id='word_1_378' title='bbox 1474 3261 1503 3311; x_wconf 88' lang='lat' dir='ltr'><strong>et</strong></span> <span class='ocrx_word' id='word_1_379' title='bbox 1516 3270 1604 3324; x_wconf 90' lang='lat' dir='ltr'><strong>erma,</strong></span> 
     </span>
     <span class='ocr_line' id='line_1_34' title="bbox 121 3342 1613 3421; baseline 0.001 -17"><span class='ocrx_word' id='word_1_380' title='bbox 121 3342 239 3404; x_wconf 82' lang='lat' dir='ltr'><strong>lefuncta</strong></span> <span class='ocrx_word' id='word_1_381' title='bbox 245 3346 319 3421; x_wconf 90' lang='lat' dir='ltr'><strong>jacet</strong></span> <span class='ocrx_word' id='word_1_382' title='bbox 329 3347 388 3404; x_wconf 88' lang='lat' dir='ltr'><strong>sine</strong></span> <span class='ocrx_word' id='word_1_383' title='bbox 399 3346 612 3421; x_wconf 89' lang='lat' dir='ltr'><strong>pignoribusque</strong></span> <span class='ocrx_word' id='word_1_384' title='bbox 622 3349 738 3420; x_wconf 79' lang='lat' dir='ltr'><strong>Nogorae</strong></span> <span class='ocrx_word' id='word_1_385' title='bbox 745 3351 830 3414; x_wconf 85' lang='grc'>(575).</span> <span class='ocrx_word' id='word_1_386' title='bbox 889 3344 961 3401; x_wconf 89' lang='lat' dir='ltr'><strong>Urbs</strong></span> <span class='ocrx_word' id='word_1_387' title='bbox 972 3359 1082 3417; x_wconf 92' lang='lat' dir='ltr'><strong>quoque</strong></span> <span class='ocrx_word' id='word_1_388' title='bbox 1096 3346 1206 3418; x_wconf 83' lang='lat' dir='ltr'><strong>Regina</strong></span> <span class='ocrx_word' id='word_1_389' title='bbox 1221 3345 1371 3403; x_wconf 87' lang='lat' dir='ltr'><strong>Chourado</strong></span> <span class='ocrx_word' id='word_1_390' title='bbox 1386 3347 1434 3404; x_wconf 91' lang='lat' dir='ltr'><strong>dat</strong></span> <span class='ocrx_word' id='word_1_391' title='bbox 1446 3346 1613 3405; x_wconf 89' lang='lat' dir='ltr'><strong>medicinam</strong></span> 
     </span>
     <span class='ocr_line' id='line_1_35' title="bbox 122 3437 1582 3513; baseline 0.001 -15"><span class='ocrx_word' id='word_1_392' title='bbox 122 3455 157 3498; x_wconf 88' lang='lat' dir='ltr'><strong>ue</strong></span> <span class='ocrx_word' id='word_1_393' title='bbox 170 3440 254 3498; x_wconf 87' lang='lat' dir='ltr'><strong>duces</strong></span> <span class='ocrx_word' id='word_1_394' title='bbox 269 3440 314 3499; x_wconf 91' lang='lat' dir='ltr'><strong>isti</strong></span> <span class='ocrx_word' id='word_1_395' title='bbox 328 3441 433 3498; x_wconf 87' lang='lat' dir='ltr'><strong>eunctis</strong></span> <span class='ocrx_word' id='word_1_396' title='bbox 450 3451 541 3498; x_wconf 90' lang='lat' dir='ltr'><strong>essent</strong></span> <span class='ocrx_word' id='word_1_397' title='bbox 555 3440 672 3497; x_wconf 90' lang='lat' dir='ltr'><strong>inimicis</strong></span> <span class='ocrx_word' id='word_1_398' title='bbox 886 3437 998 3494; x_wconf 80' lang='lat' dir='ltr'><strong>Erstitit</strong></span> <span class='ocrx_word' id='word_1_399' title='bbox 1007 3437 1051 3494; x_wconf 90' lang='lat' dir='ltr'><strong>bio</strong></span> <span class='ocrx_word' id='word_1_400' title='bbox 1060 3437 1151 3495; x_wconf 87' lang='lat' dir='ltr'><strong>clarus</strong></span> <span class='ocrx_word' id='word_1_401' title='bbox 1162 3439 1245 3496; x_wconf 87' lang='lat' dir='ltr'><strong>miles</strong></span> <span class='ocrx_word' id='word_1_402' title='bbox 1259 3448 1407 3513; x_wconf 89' lang='lat' dir='ltr'><strong>postquam</strong></span> <span class='ocrx_word' id='word_1_403' title='bbox 1419 3440 1477 3499; x_wconf 87' lang='lat' dir='ltr'><strong>lere</strong></span> <span class='ocrx_word' id='word_1_404' title='bbox 1488 3457 1582 3511; x_wconf 86' lang='lat' dir='ltr'><strong>sanus,</strong></span> 
     </span>
    </p>

    <p class='ocr_par' dir='ltr' id='par_1_17' title="bbox 121 3531 1493 3608">
     <span class='ocr_line' id='line_1_36' title="bbox 121 3531 1493 3608; baseline -0.001 -16"><span class='ocrx_word' id='word_1_405' title='bbox 121 3550 139 3604; x_wconf 88' lang='lat' dir='ltr'><strong>r,</strong></span> <span class='ocrx_word' id='word_1_406' title='bbox 153 3543 181 3592; x_wconf 86' lang='lat' dir='ltr'><strong>et</strong></span> <span class='ocrx_word' id='word_1_407' title='bbox 193 3534 313 3608; x_wconf 65' lang='lat' dir='ltr'><strong>mandes</strong></span> <span class='ocrx_word' id='word_1_408' title='bbox 326 3535 398 3592; x_wconf 83' lang='lat' dir='ltr'><strong>velut</strong></span> <span class='ocrx_word' id='word_1_409' title='bbox 413 3544 504 3592; x_wconf 88' lang='lat' dir='ltr'><strong>esseut</strong></span> <span class='ocrx_word' id='word_1_410' title='bbox 513 3535 612 3607; x_wconf 84' lang='lat' dir='ltr'><strong>quippe</strong></span> <span class='ocrx_word' id='word_1_411' title='bbox 626 3535 758 3607; x_wconf 84' lang='lat' dir='ltr'><strong>gigantes,</strong></span> <span class='ocrx_word' id='word_1_412' title='bbox 887 3531 980 3603; x_wconf 90' lang='lat' dir='ltr'><strong>Surgit</strong></span> <span class='ocrx_word' id='word_1_413' title='bbox 991 3531 1120 3601; x_wconf 84' lang='lat' dir='ltr'><strong>ludendo,</strong></span> <span class='ocrx_word' id='word_1_414' title='bbox 1135 3548 1191 3588; x_wconf 90' lang='lat' dir='ltr'><strong>non</strong></span> <span class='ocrx_word' id='word_1_415' title='bbox 1205 3547 1234 3589; x_wconf 88' lang='lat' dir='ltr'><strong>ee</strong></span> <span class='ocrx_word' id='word_1_416' title='bbox 1243 3532 1364 3590; x_wconf 89' lang='lat' dir='ltr'><strong>custodit</strong></span> <span class='ocrx_word' id='word_1_417' title='bbox 1376 3534 1493 3601; x_wconf 83' lang='lat' dir='ltr'><strong>edendo,</strong></span> 
     </span>
    </p>

    <p class='ocr_par' dir='ltr' id='par_1_18' title="bbox 121 3625 1628 3795">
     <span class='ocr_line' id='line_1_37' title="bbox 124 3625 1628 3703; baseline 0.001 -18"><span class='ocrx_word' id='word_1_418' title='bbox 124 3629 239 3703; x_wconf 89' lang='lat' dir='ltr'><strong>populus</strong></span> <span class='ocrx_word' id='word_1_419' title='bbox 250 3629 357 3685; x_wconf 91' lang='lat' dir='ltr'><strong>multus</strong></span> <span class='ocrx_word' id='word_1_420' title='bbox 370 3629 600 3701; x_wconf 89' lang='lat' dir='ltr'><strong>inimicorumque</strong></span> <span class='ocrx_word' id='word_1_421' title='bbox 619 3626 765 3696; x_wconf 90' lang='lat' dir='ltr'><strong>tumultus,</strong></span> <span class='ocrx_word' id='word_1_422' title='bbox 888 3626 970 3681; x_wconf 89' lang='lat' dir='ltr'><strong>Unde</strong></span> <span class='ocrx_word' id='word_1_423' title='bbox 988 3625 1069 3681; x_wconf 90' lang='lat' dir='ltr'><strong>nimis</strong></span> <span class='ocrx_word' id='word_1_424' title='bbox 1084 3627 1205 3682; x_wconf 90' lang='lat' dir='ltr'><strong>multum</strong></span> <span class='ocrx_word' id='word_1_425' title='bbox 1225 3636 1402 3684; x_wconf 90' lang='lat' dir='ltr'><strong>commotum</strong></span> <span class='ocrx_word' id='word_1_426' title='bbox 1422 3626 1514 3684; x_wconf 89' lang='lat' dir='ltr'><strong>denuo</strong></span> <span class='ocrx_word' id='word_1_427' title='bbox 1528 3628 1628 3686; x_wconf 81' lang='lat' dir='ltr'><strong>vulnus</strong></span> 
     </span>
     <span class='ocr_line' id='line_1_38' title="bbox 121 3718 1514 3795; baseline -0.001 -18"><span class='ocrx_word' id='word_1_428' title='bbox 121 3729 240 3795; x_wconf 86' lang='lat' dir='ltr'><strong>guototo</strong></span> <span class='ocrx_word' id='word_1_429' title='bbox 252 3738 414 3795; x_wconf 89' lang='lat' dir='ltr'><strong>prosperans</strong></span> <span class='ocrx_word' id='word_1_430' title='bbox 426 3722 453 3778; x_wconf 93' lang='lat' dir='ltr'><strong>iu</strong></span> <span class='ocrx_word' id='word_1_431' title='bbox 467 3720 600 3780; x_wconf 74' lang='lat' dir='ltr'><strong>cuviliolo</strong></span> <span class='ocrx_word' id='word_1_432' title='bbox 617 3725 690 3788; x_wconf 91' lang='grc'>(577)</span> <span class='ocrx_word' id='word_1_433' title='bbox 890 3719 941 3774; x_wconf 87' lang='lat' dir='ltr'><strong>Per</strong></span> <span class='ocrx_word' id='word_1_434' title='bbox 955 3718 1046 3791; x_wconf 91' lang='lat' dir='ltr'><strong>plures</strong></span> <span class='ocrx_word' id='word_1_435' title='bbox 1067 3735 1156 3776; x_wconf 90' lang='lat' dir='ltr'><strong>annos</strong></span> <span class='ocrx_word' id='word_1_436' title='bbox 1168 3719 1245 3776; x_wconf 89' lang='lat' dir='ltr'><strong>lratri</strong></span> <span class='ocrx_word' id='word_1_437' title='bbox 1259 3719 1342 3776; x_wconf 91' lang='lat' dir='ltr'><strong>llctus</strong></span> <span class='ocrx_word' id='word_1_438' title='bbox 1358 3720 1423 3776; x_wconf 92' lang='lat' dir='ltr'><strong>tulit</strong></span> <span class='ocrx_word' id='word_1_439' title='bbox 1433 3721 1514 3790; x_wconf 84' lang='lat' dir='ltr'><strong>altos,</strong></span> 
     </span>
    </p>

    <p class='ocr_par' dir='ltr' id='par_1_19' title="bbox 121 3811 1635 3888">
     <span class='ocr_line' id='line_1_39' title="bbox 121 3811 1635 3888; baseline 0.001 -17"><span class='ocrx_word' id='word_1_440' title='bbox 121 3812 203 3871; x_wconf 73' lang='lat' dir='ltr'><strong>&gt;ditur</strong></span> <span class='ocrx_word' id='word_1_441' title='bbox 216 3824 335 3886; x_wconf 82' lang='lat' dir='ltr'><strong>certans,</strong></span> <span class='ocrx_word' id='word_1_442' title='bbox 348 3817 417 3874; x_wconf 88' lang='lat' dir='ltr'><strong>istos</strong></span> <span class='ocrx_word' id='word_1_443' title='bbox 428 3815 573 3873; x_wconf 82' lang='lat' dir='ltr'><strong>devincere</strong></span> <span class='ocrx_word' id='word_1_444' title='bbox 587 3824 707 3883; x_wconf 89' lang='lat' dir='ltr'><strong>tentans,</strong></span> <span class='ocrx_word' id='word_1_445' title='bbox 889 3812 958 3866; x_wconf 87' lang='lat' dir='ltr'><strong>Nam</strong></span> <span class='ocrx_word' id='word_1_446' title='bbox 968 3811 1078 3884; x_wconf 85' lang='lat' dir='ltr'><strong>juvenis</strong></span> <span class='ocrx_word' id='word_1_447' title='bbox 1090 3813 1202 3885; x_wconf 85' lang='lat' dir='ltr'><strong>pulcher</strong></span> <span class='ocrx_word' id='word_1_448' title='bbox 1218 3811 1252 3870; x_wconf 91' lang='lat' dir='ltr'><strong>de</strong></span> <span class='ocrx_word' id='word_1_449' title='bbox 1266 3829 1381 3888; x_wconf 88' lang='lat' dir='ltr'><strong>corpore</strong></span> <span class='ocrx_word' id='word_1_450' title='bbox 1398 3814 1539 3887; x_wconf 84' lang='lat' dir='ltr'><strong>migratio</strong></span> <span class='ocrx_word' id='word_1_451' title='bbox 1553 3814 1635 3883; x_wconf 84' lang='lat' dir='ltr'><strong>urbe;</strong></span> 
     </span>
    </p>
   </div>
   <div class='ocr_carea' id='block_1_8' title="bbox 121 3988 1690 4273">
    <p class='ocr_par' dir='ltr' id='par_1_20' title="bbox 121 3988 1690 4273">
     <span class='ocr_line' id='line_1_40' title="bbox 121 3988 1690 4072; baseline 0.004 -30"><span class='ocrx_word' id='word_1_452' title='bbox 121 4000 264 4067; x_wconf 62' lang='lat' dir='ltr'><strong>„Auctor</strong></span> <span class='ocrx_word' id='word_1_453' title='bbox 278 3997 338 4072; x_wconf 75' lang='lat' dir='ltr'><strong>ejus</strong></span> <span class='ocrx_word' id='word_1_454' title='bbox 351 3997 443 4056; x_wconf 75' lang='lat' dir='ltr'><strong>quido</strong></span> <span class='ocrx_word' id='word_1_455' title='bbox 463 3997 614 4056; x_wconf 70' lang='lat' dir='ltr'><strong>monachus</strong></span> <span class='ocrx_word' id='word_1_456' title='bbox 628 3995 833 4053; x_wconf 75' lang='lat' dir='ltr'><strong>Benedictinus.</strong></span> <span class='ocrx_word' id='word_1_457' title='bbox 926 3988 1111 4047; x_wconf 77' lang='lat' dir='ltr'><strong>Aeresirehon</strong></span> <span class='ocrx_word' id='word_1_458' title='bbox 1126 3990 1186 4047; x_wconf 72' lang='lat' dir='ltr'><strong>Vide</strong></span> <span class='ocrx_word' id='word_1_459' title='bbox 1200 3991 1229 4045; x_wconf 77' lang='lat' dir='ltr'><strong>ln</strong></span> <span class='ocrx_word' id='word_1_460' title='bbox 1244 3990 1339 4048; x_wconf 59' lang='lat' dir='ltr'><strong>litteris</strong></span> <span class='ocrx_word' id='word_1_461' title='bbox 1352 3990 1501 4048; x_wconf 69' lang='lat' dir='ltr'><strong>initialibus</strong></span> <span class='ocrx_word' id='word_1_462' title='bbox 1514 3991 1616 4048; x_wconf 77' lang='lat' dir='ltr'><strong>horum</strong></span> <span class='ocrx_word' id='word_1_463' title='bbox 1633 4007 1690 4048; x_wconf 70' lang='lat' dir='ltr'><strong>Vel&#39;·</strong></span> 
     </span>
     <span class='ocr_line' id='line_1_41' title="bbox 121 4062 1688 4142; baseline -0.003 -18"><span class='ocrx_word' id='word_1_464' title='bbox 121 4083 164 4137; x_wconf 77' lang='lat' dir='ltr'><strong>us,</strong></span> <span class='ocrx_word' id='word_1_465' title='bbox 178 4072 219 4125; x_wconf 87' lang='lat' dir='ltr'><strong>De</strong></span> <span class='ocrx_word' id='word_1_466' title='bbox 232 4070 329 4126; x_wconf 88' lang='lat' dir='ltr'><strong>scient.</strong></span> <span class='ocrx_word' id='word_1_467' title='bbox 353 4072 500 4138; x_wconf 81' lang='lat' dir='ltr'><strong>mutuom,</strong></span> <span class='ocrx_word' id='word_1_468' title='bbox 521 4086 579 4141; x_wconf 79' lang='lat' dir='ltr'><strong>cap.</strong></span> <span class='ocrx_word' id='word_1_469' title='bbox 595 4076 640 4138; x_wconf 70' lang='grc' dir='ltr'><strong>ι),</strong></span> <span class='ocrx_word' id='word_1_470' title='bbox 655 4085 716 4142; x_wconf 76' lang='lat' dir='ltr'><strong>pag.</strong></span> <span class='ocrx_word' id='word_1_471' title='bbox 731 4074 765 4124; x_wconf 75' lang='lat'><strong>95,</strong></span> <span class='ocrx_word' id='word_1_472' title='bbox 778 4083 836 4124; x_wconf 86' lang='lat' dir='ltr'><strong>non</strong></span> <span class='ocrx_word' id='word_1_473' title='bbox 890 4075 983 4130; x_wconf 84' lang='lat' dir='ltr'><strong>suum,</strong></span> <span class='ocrx_word' id='word_1_474' title='bbox 996 4062 1158 4133; x_wconf 83' lang='lat' dir='ltr'><strong>etquidem,</strong></span> <span class='ocrx_word' id='word_1_475' title='bbox 1173 4062 1322 4135; x_wconf 74' lang='lat' dir='ltr'><strong>duplicem,</strong></span> <span class='ocrx_word' id='word_1_476' title='bbox 1343 4078 1442 4134; x_wconf 86' lang='lat' dir='ltr'><strong>ucmpe</strong></span> <span class='ocrx_word' id='word_1_477' title='bbox 1461 4063 1571 4130; x_wconf 81' lang='lat' dir='ltr'><strong>Gnido‚</strong></span> <span class='ocrx_word' id='word_1_478' title='bbox 1585 4063 1688 4120; x_wconf 84' lang='lat' dir='ltr'><strong>Gnido-</strong></span> 
     </span>
     <span class='ocr_line' id='line_1_42' title="bbox 121 4132 1686 4210; baseline 0.004 -27"><span class='ocrx_word' id='word_1_479' title='bbox 121 4164 124 4196; x_wconf 58' lang='grc' dir='ltr'>Ι</span> <span class='ocrx_word' id='word_1_480' title='bbox 147 4148 219 4196; x_wconf 64' lang='lat' dir='ltr'><strong>enat</strong></span> <span class='ocrx_word' id='word_1_481' title='bbox 237 4157 372 4209; x_wconf 61' lang='lat' dir='ltr'><strong>morem,</strong></span> <span class='ocrx_word' id='word_1_482' title='bbox 390 4142 570 4197; x_wconf 66' lang='lat' dir='ltr'><strong>Trjrhpmium</strong></span> <span class='ocrx_word' id='word_1_483' title='bbox 595 4156 694 4210; x_wconf 67' lang='lat' dir='ltr'><strong>nempe</strong></span> <span class='ocrx_word' id='word_1_484' title='bbox 715 4148 834 4207; x_wconf 70' lang='lat' dir='ltr'><strong>securus,</strong></span> <span class='ocrx_word' id='word_1_485' title='bbox 890 4132 989 4203; x_wconf 86' lang='lat' dir='ltr'><strong>incipit</strong></span> <span class='ocrx_word' id='word_1_486' title='bbox 1000 4142 1092 4189; x_wconf 90' lang='lat' dir='ltr'><strong>eutem</strong></span> <span class='ocrx_word' id='word_1_487' title='bbox 1099 4134 1228 4205; x_wconf 88' lang='lat' dir='ltr'><strong>prologus</strong></span> <span class='ocrx_word' id='word_1_488' title='bbox 1240 4134 1319 4191; x_wconf 89' lang='lat' dir='ltr'><strong>libri:</strong></span> <span class='ocrx_word' id='word_1_489' title='bbox 1339 4137 1372 4190; x_wconf 90' lang='lat' dir='ltr'><strong>Ut</strong></span> <span class='ocrx_word' id='word_1_490' title='bbox 1385 4151 1427 4189; x_wconf 79' lang='lat' dir='ltr'><strong>ure</strong></span> <span class='ocrx_word' id='word_1_491' title='bbox 1440 4141 1467 4189; x_wconf 88' lang='lat' dir='ltr'><strong>et</strong></span> <span class='ocrx_word' id='word_1_492' title='bbox 1480 4136 1617 4190; x_wconf 83' lang='lat' dir='ltr'><strong>naturalis</strong></span> <span class='ocrx_word' id='word_1_493' title='bbox 1628 4150 1686 4189; x_wconf 88' lang='lat' dir='ltr'><strong>con.</strong></span> 
     </span>
     <span class='ocr_line' id='line_1_43' title="bbox 121 4204 1689 4273; baseline -0.006 -6"><span class='ocrx_word' id='word_1_494' title='bbox 121 4225 185 4267; x_wconf 88' lang='lat' dir='ltr'><strong>eum</strong></span> <span class='ocrx_word' id='word_1_495' title='bbox 213 4211 338 4267; x_wconf 91' lang='lat' dir='ltr'><strong>lloruisse</strong></span> <span class='ocrx_word' id='word_1_496' title='bbox 375 4213 476 4268; x_wconf 79' lang='lat' dir='ltr'><strong>scribac</strong></span> <span class='ocrx_word' id='word_1_497' title='bbox 498 4228 570 4268; x_wconf 79' lang='lat' dir='ltr'><strong>anno</strong></span> <span class='ocrx_word' id='word_1_498' title='bbox 598 4216 675 4267; x_wconf 80' lang='lat'>1070,</span> <span class='ocrx_word' id='word_1_499' title='bbox 702 4212 837 4267; x_wconf 58' lang='lat' dir='ltr'><strong>Praeterea</strong></span> <span class='ocrx_word' id='word_1_500' title='bbox 890 4204 969 4267; x_wconf 83' lang='lat' dir='ltr'><strong>ditio,</strong></span> <span class='ocrx_word' id='word_1_501' title='bbox 984 4208 1010 4259; x_wconf 85' lang='lat' dir='ltr'><strong>et</strong></span> <span class='ocrx_word' id='word_1_502' title='bbox 1019 4206 1126 4259; x_wconf 80' lang='lat' dir='ltr'><strong>horroris</strong></span> <span class='ocrx_word' id='word_1_503' title='bbox 1135 4208 1259 4271; x_wconf 83' lang='lat' dir='ltr'><strong>imitatio,</strong></span> <span class='ocrx_word' id='word_1_504' title='bbox 1275 4205 1559 4263; x_wconf 76' lang='lat' dir='ltr'><strong>commeruisutilitatis</strong></span> <span class='ocrx_word' id='word_1_505' title='bbox 1572 4207 1689 4273; x_wconf 76' lang='lat' dir='ltr'><strong>diligen·</strong></span> 
     </span>
    </p>
   </div>
   <div class='ocr_carea' id='block_1_9' title="bbox 121 4277 1762 4911">
    <p class='ocr_par' dir='ltr' id='par_1_21' title="bbox 121 4277 1762 4498">
     <span class='ocr_line' id='line_1_44' title="bbox 121 4277 1762 4356; baseline 0.004 -19"><span class='ocrx_word' id='word_1_506' title='bbox 121 4281 505 4340; x_wconf 80' lang='lat' dir='ltr'><strong>clurmiacitcoenobiisuucti</strong></span> <span class='ocrx_word' id='word_1_507' title='bbox 517 4283 644 4340; x_wconf 88' lang='lat' dir='ltr'><strong>Leulredi</strong></span> <span class='ocrx_word' id='word_1_508' title='bbox 659 4281 733 4353; x_wconf 90' lang='lat' dir='ltr'><strong>apud</strong></span> <span class='ocrx_word' id='word_1_509' title='bbox 744 4280 837 4337; x_wconf 80' lang='lat' dir='ltr'><strong>b’broi·</strong></span> <span class='ocrx_word' id='word_1_510' title='bbox 891 4278 944 4328; x_wconf 69' lang='lat' dir='ltr'><strong>itm</strong></span> <span class='ocrx_word' id='word_1_511' title='bbox 959 4277 1071 4343; x_wconf 72' lang='lat' dir='ltr'><strong>(acuet,</strong></span> <span class='ocrx_word' id='word_1_512' title='bbox 1087 4277 1235 4356; x_wconf 52' lang='lat' dir='ltr'><strong>cleptim&amp;</strong></span> <span class='ocrx_word' id='word_1_513' title='bbox 1251 4278 1309 4330; x_wconf 55' lang='lat'><strong>⁰15⁰</strong></span> <span class='ocrx_word' id='word_1_514' title='bbox 1319 4281 1450 4331; x_wconf 62' lang='lat' dir='ltr'><strong>illistam</strong></span> <span class='ocrx_word' id='word_1_515' title='bbox 1462 4281 1555 4347; x_wconf 82' lang='lat' dir='ltr'><strong>pueris</strong></span> <span class='ocrx_word' id='word_1_516' title='bbox 1572 4279 1690 4343; x_wconf 61' lang='grc' dir='ltr'><strong>ΐΐᾶἄθΐθ,</strong></span> <span class='ocrx_word' id='word_1_517' title='bbox 1759 4328 1762 4332; x_wconf 83' lang='lat'>-</span> 
     </span>
     <span class='ocr_line' id='line_1_45' title="bbox 121 4345 1688 4423; baseline 0.004 -27"><span class='ocrx_word' id='word_1_518' title='bbox 121 4369 143 4421; x_wconf 61' lang='grc' dir='ltr'><strong>ς,</strong></span> <span class='ocrx_word' id='word_1_519' title='bbox 160 4364 219 4409; x_wconf 72' lang='lat' dir='ltr'><strong>pum</strong></span> <span class='ocrx_word' id='word_1_520' title='bbox 237 4355 264 4411; x_wconf 65' lang='lat' dir='ltr'><strong>s,</strong></span> <span class='ocrx_word' id='word_1_521' title='bbox 284 4359 318 4410; x_wconf 69' lang='lat' dir='ltr'><strong>p,</strong></span> <span class='ocrx_word' id='word_1_522' title='bbox 341 4356 373 4410; x_wconf 77' lang='grc' dir='ltr'><strong>Ε,</strong></span> <span class='ocrx_word' id='word_1_523' title='bbox 390 4355 569 4423; x_wconf 58' lang='lat' dir='ltr'><strong>cardinalem,</strong></span> <span class='ocrx_word' id='word_1_524' title='bbox 594 4363 623 4411; x_wconf 63' lang='lat' dir='ltr'><strong>et</strong></span> <span class='ocrx_word' id='word_1_525' title='bbox 646 4370 701 4411; x_wconf 69' lang='lat'>„011</span> <span class='ocrx_word' id='word_1_526' title='bbox 723 4351 836 4409; x_wconf 60' lang='lat' dir='ltr'><strong>ultuma</strong></span> <span class='ocrx_word' id='word_1_527' title='bbox 891 4352 944 4399; x_wconf 90' lang='lat' dir='ltr'><strong>etc.</strong></span> <span class='ocrx_word' id='word_1_528' title='bbox 972 4345 1049 4402; x_wconf 77' lang='lat' dir='ltr'><strong>Alios</strong></span> <span class='ocrx_word' id='word_1_529' title='bbox 1067 4362 1106 4401; x_wconf 86' lang='lat' dir='ltr'><strong>rer</strong></span> <span class='ocrx_word' id='word_1_530' title='bbox 1123 4346 1235 4403; x_wconf 79' lang='lat' dir='ltr'><strong>musicae</strong></span> <span class='ocrx_word' id='word_1_531' title='bbox 1247 4347 1392 4418; x_wconf 87' lang='lat' dir='ltr'><strong>scriptores</strong></span> <span class='ocrx_word' id='word_1_532' title='bbox 1410 4348 1601 4419; x_wconf 83' lang='lat' dir='ltr'><strong>complectitur</strong></span> <span class='ocrx_word' id='word_1_533' title='bbox 1617 4346 1688 4404; x_wconf 87' lang='lat' dir='ltr'><strong>idem</strong></span> 
     </span>
     <span class='ocr_line' id='line_1_46' title="bbox 121 4414 1079 4498; baseline 0 -18"><span class='ocrx_word' id='word_1_534' title='bbox 121 4424 223 4493; x_wconf 80' lang='lat' dir='ltr'><strong>nunde,</strong></span> <span class='ocrx_word' id='word_1_535' title='bbox 254 4424 836 4498; x_wconf 76' lang='lat' dir='ltr'><strong>uiadrersusberengariumhaeresiarcham</strong></span> <span class='ocrx_word' id='word_1_536' title='bbox 890 4414 986 4472; x_wconf 68' lang='lat' dir='ltr'><strong>codex·</strong></span> <span class='ocrx_word' id='word_1_537' title='bbox 1002 4421 1079 4474; x_wconf 80' lang='lat' dir='ltr'><strong>Mun.</strong></span> 
     </span>
    </p>

    <p class='ocr_par' dir='ltr' id='par_1_22' title="bbox 121 4442 1496 4570">
     <span class='ocr_line' id='line_1_47' title="bbox 121 4442 1496 4570; baseline 0.004 -19"><span class='ocrx_word' id='word_1_538' title='bbox 121 4495 158 4552; x_wconf 86' lang='lat' dir='ltr'><strong>it.</strong></span> <span class='ocrx_word' id='word_1_539' title='bbox 175 4442 289 4553; x_wconf 53' lang='lat' dir='ltr'><strong>Vivebat</strong></span> <span class='ocrx_word' id='word_1_540' title='bbox 302 4508 395 4554; x_wconf 78' lang='lat' dir='ltr'><strong>curtem</strong></span> <span class='ocrx_word' id='word_1_541' title='bbox 410 4497 501 4554; x_wconf 91' lang='lat' dir='ltr'><strong>Guido</strong></span> <span class='ocrx_word' id='word_1_542' title='bbox 524 4498 576 4553; x_wconf 90' lang='lat' dir='ltr'><strong>iste</strong></span> <span class='ocrx_word' id='word_1_543' title='bbox 589 4497 744 4553; x_wconf 88' lang='lat' dir='ltr'><strong>monachus</strong></span> <span class='ocrx_word' id='word_1_544' title='bbox 763 4511 837 4552; x_wconf 84' lang='lat' dir='ltr'><strong>rere·</strong></span> <span class='ocrx_word' id='word_1_545' title='bbox 927 4492 1002 4554; x_wconf 82' lang='grc'>(573)</span> <span class='ocrx_word' id='word_1_546' title='bbox 1010 4488 1079 4570; x_wconf 78' lang='lat' dir='ltr'><strong>cod.</strong></span> <span class='ocrx_word' id='word_1_547' title='bbox 1094 4497 1149 4544; x_wconf 68' lang='lat'>³111·</span> <span class='ocrx_word' id='word_1_548' title='bbox 1165 4507 1172 4544; x_wconf 67' lang='grc' dir='ltr'>ἰ</span> <span class='ocrx_word' id='word_1_549' title='bbox 1188 4491 1256 4547; x_wconf 70' lang='lat' dir='ltr'><strong>Nam</strong></span> <span class='ocrx_word' id='word_1_550' title='bbox 1269 4490 1395 4544; x_wconf 60' lang='lat' dir='ltr'><strong>nimivm·</strong></span> <span class='ocrx_word' id='word_1_551' title='bbox 1410 4490 1496 4561; x_wconf 64' lang='lat' dir='ltr'><strong>Lm·</strong></span> 
     </span>
    </p>

    <p class='ocr_par' dir='ltr' id='par_1_23' title="bbox 121 4557 1687 4713">
     <span class='ocr_line' id='line_1_48' title="bbox 121 4557 1687 4637; baseline -0.002 -16"><span class='ocrx_word' id='word_1_552' title='bbox 121 4608 123 4621; x_wconf 91' lang='lat'>.</span> <span class='ocrx_word' id='word_1_553' title='bbox 137 4565 232 4624; x_wconf 88' lang='lat' dir='ltr'><strong>litteris</strong></span> <span class='ocrx_word' id='word_1_554' title='bbox 245 4569 378 4624; x_wconf 88' lang='lat' dir='ltr'><strong>musicam</strong></span> <span class='ocrx_word' id='word_1_555' title='bbox 396 4576 485 4624; x_wconf 88' lang='lat' dir='ltr'><strong>artem</strong></span> <span class='ocrx_word' id='word_1_556' title='bbox 506 4568 657 4624; x_wconf 88' lang='lat' dir='ltr'><strong>mandabat</strong></span> <span class='ocrx_word' id='word_1_557' title='bbox 670 4584 741 4624; x_wconf 89' lang='lat' dir='ltr'><strong>anno</strong></span> <span class='ocrx_word' id='word_1_558' title='bbox 756 4572 836 4637; x_wconf 77' lang='lat'>1022,</span> <span class='ocrx_word' id='word_1_559' title='bbox 851 4557 877 4623; x_wconf 81' lang='grc' dir='ltr'><strong>Ι)</strong></span> <span class='ocrx_word' id='word_1_560' title='bbox 928 4560 962 4615; x_wconf 87' lang='lat'><strong>111</strong></span> <span class='ocrx_word' id='word_1_561' title='bbox 971 4557 1064 4617; x_wconf 78' lang='lat' dir='ltr'><strong>eodtce</strong></span> <span class='ocrx_word' id='word_1_562' title='bbox 1076 4576 1185 4633; x_wconf 90' lang='lat' dir='ltr'><strong>quoque</strong></span> <span class='ocrx_word' id='word_1_563' title='bbox 1199 4561 1328 4633; x_wconf 86' lang='lat' dir='ltr'><strong>Regiensi</strong></span> <span class='ocrx_word' id='word_1_564' title='bbox 1343 4559 1553 4616; x_wconf 70' lang='lat' dir='ltr'><strong>hebetantem</strong></span> <span class='ocrx_word' id='word_1_565' title='bbox 1562 4559 1687 4615; x_wconf 77' lang='lat' dir='ltr'><strong>nimium.</strong></span> 
     </span>
     <span class='ocr_line' id='line_1_49' title="bbox 121 4633 1309 4713; baseline -0.005 -18"><span class='ocrx_word' id='word_1_566' title='bbox 121 4639 282 4706; x_wconf 66' lang='lat' dir='ltr'><strong>terminos,</strong></span> <span class='ocrx_word' id='word_1_567' title='bbox 299 4641 367 4696; x_wconf 89' lang='lat' dir='ltr'><strong>etin</strong></span> <span class='ocrx_word' id='word_1_568' title='bbox 390 4640 575 4711; x_wconf 87' lang='lat' dir='ltr'><strong>Pompusieno</strong></span> <span class='ocrx_word' id='word_1_569' title='bbox 591 4638 756 4696; x_wconf 89' lang='lat' dir='ltr'><strong>monasterio</strong></span> <span class='ocrx_word' id='word_1_570' title='bbox 772 4654 838 4695; x_wconf 90' lang='lat' dir='ltr'><strong>enu·</strong></span> <span class='ocrx_word' id='word_1_571' title='bbox 892 4633 973 4689; x_wconf 79' lang='lat' dir='ltr'><strong>blun.</strong></span> <span class='ocrx_word' id='word_1_572' title='bbox 1304 4702 1309 4713; x_wconf 30' lang='grc' dir='ltr'>ι</span> 
     </span>
    </p>

    <p class='ocr_par' dir='ltr' id='par_1_24' title="bbox 121 4698 1691 4911">
     <span class='ocr_line' id='line_1_50' title="bbox 121 4698 1691 4783; baseline 0.005 -17"><span class='ocrx_word' id='word_1_573' title='bbox 121 4712 318 4782; x_wconf 80' lang='lat' dir='ltr'><strong>.EJusautem</strong></span> <span class='ocrx_word' id='word_1_574' title='bbox 332 4712 401 4767; x_wconf 84' lang='lat' dir='ltr'><strong>liber</strong></span> <span class='ocrx_word' id='word_1_575' title='bbox 415 4711 715 4783; x_wconf 75' lang='lat' dir='ltr'><strong>antequadringcntos</strong></span> <span class='ocrx_word' id='word_1_576' title='bbox 730 4709 838 4766; x_wconf 89' lang='lat' dir='ltr'><strong>utmilri</strong></span> <span class='ocrx_word' id='word_1_577' title='bbox 928 4706 1002 4771; x_wconf 75' lang='lat'>(⁵⁷⁴)</span> <span class='ocrx_word' id='word_1_578' title='bbox 1028 4703 1088 4759; x_wconf 60' lang='lat'><strong>11⁰⁰</strong></span> <span class='ocrx_word' id='word_1_579' title='bbox 1116 4711 1158 4759; x_wconf 72' lang='grc' dir='ltr'><strong>θδῑ</strong></span> <span class='ocrx_word' id='word_1_580' title='bbox 1186 4716 1277 4759; x_wconf 67' lang='lat' dir='ltr'><strong>llll⁰⁵</strong></span> <span class='ocrx_word' id='word_1_581' title='bbox 1302 4702 1374 4773; x_wconf 51' lang='lat'><strong>¹¹¹⁰&amp;</strong></span> <span class='ocrx_word' id='word_1_582' title='bbox 1398 4701 1444 4775; x_wconf 90' lang='lat' dir='ltr'><strong>qui</strong></span> <span class='ocrx_word' id='word_1_583' title='bbox 1465 4715 1530 4757; x_wconf 66' lang='lat' dir='ltr'><strong>lum</strong></span> <span class='ocrx_word' id='word_1_584' title='bbox 1560 4698 1691 4772; x_wconf 66' lang='grc' dir='ltr'><strong>Ρῐῖθᾶῗθῑθ</strong></span> 
     </span>
     <span class='ocr_line' id='line_1_51' title="bbox 121 4771 1690 4851; baseline -0.005 -14"><span class='ocrx_word' id='word_1_585' title='bbox 121 4790 197 4851; x_wconf 87' lang='lat' dir='ltr'><strong>atur,</strong></span> <span class='ocrx_word' id='word_1_586' title='bbox 221 4797 307 4837; x_wconf 88' lang='lat' dir='ltr'><strong>annos</strong></span> <span class='ocrx_word' id='word_1_587' title='bbox 323 4799 405 4838; x_wconf 92' lang='lat' dir='ltr'><strong>manu</strong></span> <span class='ocrx_word' id='word_1_588' title='bbox 420 4789 558 4848; x_wconf 78' lang='lat' dir='ltr'><strong>exaratus,</strong></span> <span class='ocrx_word' id='word_1_589' title='bbox 576 4790 732 4838; x_wconf 87' lang='lat' dir='ltr'><strong>asservator</strong></span> <span class='ocrx_word' id='word_1_590' title='bbox 750 4782 840 4840; x_wconf 87' lang='lat' dir='ltr'><strong>adhue</strong></span> <span class='ocrx_word' id='word_1_591' title='bbox 892 4773 1037 4833; x_wconf 82' lang='lat' dir='ltr'><strong>chonrado</strong></span> <span class='ocrx_word' id='word_1_592' title='bbox 1056 4774 1151 4830; x_wconf 88' lang='lat' dir='ltr'><strong>ierant.</strong></span> <span class='ocrx_word' id='word_1_593' title='bbox 1167 4776 1207 4829; x_wconf 89' lang='lat' dir='ltr'><strong>lta</strong></span> <span class='ocrx_word' id='word_1_594' title='bbox 1222 4782 1249 4829; x_wconf 91' lang='lat' dir='ltr'><strong>et</strong></span> <span class='ocrx_word' id='word_1_595' title='bbox 1263 4771 1335 4830; x_wconf 87' lang='lat' dir='ltr'><strong>inira</strong></span> <span class='ocrx_word' id='word_1_596' title='bbox 1362 4780 1525 4848; x_wconf 65' lang='lat' dir='ltr'><strong>praetexatus</strong></span> <span class='ocrx_word' id='word_1_597' title='bbox 1548 4787 1598 4844; x_wconf 92' lang='lat' dir='ltr'><strong>pro</strong></span> <span class='ocrx_word' id='word_1_598' title='bbox 1610 4782 1690 4831; x_wconf 83' lang='lat' dir='ltr'><strong>antea</strong></span> 
     </span>
     <span class='ocr_line' id='line_1_52' title="bbox 122 4848 1169 4911; baseline 0.001 -2"><span class='ocrx_word' id='word_1_599' title='bbox 122 4850 184 4909; x_wconf 92' lang='lat' dir='ltr'><strong>ebri</strong></span> <span class='ocrx_word' id='word_1_600' title='bbox 198 4854 362 4910; x_wconf 83' lang='lat' dir='ltr'><strong>bibliotheca</strong></span> <span class='ocrx_word' id='word_1_601' title='bbox 377 4854 561 4911; x_wconf 78' lang='lat' dir='ltr'><strong>Anrbrosiena</strong></span> <span class='ocrx_word' id='word_1_602' title='bbox 573 4852 837 4909; x_wconf 88' lang='lat' dir='ltr'><strong>cumhoecetitulo:</strong></span> <span class='ocrx_word' id='word_1_603' title='bbox 891 4855 1070 4902; x_wconf 64' lang='lat' dir='ltr'><strong>memmius·</strong></span> <span class='ocrx_word' id='word_1_604' title='bbox 1086 4848 1169 4901; x_wconf 78' lang='lat' dir='ltr'><strong>MUR·</strong></span> 
     </span>
    </p>
   </div>
   <div class='ocr_carea' id='block_1_10' title="bbox 121 4914 1493 4995">
    <p class='ocr_par' dir='ltr' id='par_1_25' title="bbox 121 4914 1493 4995">
     <span class='ocr_line' id='line_1_53' title="bbox 121 4914 1493 4995; baseline -0.001 -14"><span class='ocrx_word' id='word_1_605' title='bbox 121 4925 198 4995; x_wconf 80' lang='lat' dir='ltr'><strong>loqur</strong></span> <span class='ocrx_word' id='word_1_606' title='bbox 210 4925 241 4981; x_wconf 74' lang='grc' dir='ltr'><strong>ἑά</strong></span> <span class='ocrx_word' id='word_1_607' title='bbox 250 4929 289 4981; x_wconf 84' lang='lat' dir='ltr'><strong>est</strong></span> <span class='ocrx_word' id='word_1_608' title='bbox 303 4926 386 4983; x_wconf 83' lang='lat' dir='ltr'><strong>breuis</strong></span> <span class='ocrx_word' id='word_1_609' title='bbox 398 4943 487 4984; x_wconf 82' lang='lat' dir='ltr'><strong>sermo</strong></span> <span class='ocrx_word' id='word_1_610' title='bbox 507 4926 539 4980; x_wconf 86' lang='lat' dir='ltr'><strong>de</strong></span> <span class='ocrx_word' id='word_1_611' title='bbox 553 4927 665 4980; x_wconf 83' lang='lat' dir='ltr'><strong>musico.</strong></span> <span class='ocrx_word' id='word_1_612' title='bbox 677 4922 840 4981; x_wconf 84' lang='lat' dir='ltr'><strong>Praecedunt</strong></span> <span class='ocrx_word' id='word_1_613' title='bbox 928 4916 1155 4986; x_wconf 71' lang='lat' dir='ltr'><strong>(57⁵)00d·³1¹l·‚</strong></span> <span class='ocrx_word' id='word_1_614' title='bbox 1168 4914 1391 4980; x_wconf 54' lang='lat' dir='ltr'><strong>cnutonem.</strong></span> <span class='ocrx_word' id='word_1_615' title='bbox 1408 4915 1493 4973; x_wconf 70' lang='lat' dir='ltr'><strong>Lm·</strong></span> 
     </span>
    </p>
   </div>
   <div class='ocr_carea' id='block_1_11' title="bbox 121 4986 1691 5408">
    <p class='ocr_par' dir='ltr' id='par_1_26' title="bbox 121 4986 1688 5058">
     <span class='ocr_line' id='line_1_54' title="bbox 121 4986 1688 5058; baseline -0.001 -13"><span class='ocrx_word' id='word_1_616' title='bbox 121 5010 197 5052; x_wconf 73' lang='lat' dir='ltr'><strong>rone:</strong></span> <span class='ocrx_word' id='word_1_617' title='bbox 927 4988 1021 5044; x_wconf 82' lang='lat' dir='ltr'><strong>Codex</strong></span> <span class='ocrx_word' id='word_1_618' title='bbox 1033 4987 1191 5045; x_wconf 89' lang='lat' dir='ltr'><strong>Padoliron.</strong></span> <span class='ocrx_word' id='word_1_619' title='bbox 1206 4995 1233 5043; x_wconf 90' lang='lat' dir='ltr'><strong>et</strong></span> <span class='ocrx_word' id='word_1_620' title='bbox 1251 4988 1309 5058; x_wconf 90' lang='lat' dir='ltr'><strong>ipse</strong></span> <span class='ocrx_word' id='word_1_621' title='bbox 1323 4996 1414 5058; x_wconf 90' lang='lat' dir='ltr'><strong>aperte</strong></span> <span class='ocrx_word' id='word_1_622' title='bbox 1427 4986 1521 5053; x_wconf 86' lang='lat' dir='ltr'><strong>habet,</strong></span> <span class='ocrx_word' id='word_1_623' title='bbox 1541 4990 1610 5043; x_wconf 77' lang='lat' dir='ltr'><strong>enit.</strong></span> <span class='ocrx_word' id='word_1_624' title='bbox 1624 4988 1688 5043; x_wconf 86' lang='lat' dir='ltr'><strong>Jam</strong></span> 
     </span>
    </p>

    <p class='ocr_par' dir='ltr' id='par_1_27' title="bbox 121 5058 1691 5408">
     <span class='ocr_line' id='line_1_55' title="bbox 887 5058 1689 5132; baseline -0.004 -16"><span class='ocrx_word' id='word_1_625' title='bbox 887 5075 948 5131; x_wconf 90' lang='lat' dir='ltr'><strong>cap.</strong></span> <span class='ocrx_word' id='word_1_626' title='bbox 964 5066 991 5129; x_wconf 84' lang='lat' dir='ltr'><strong>e,</strong></span> <span class='ocrx_word' id='word_1_627' title='bbox 1008 5074 1069 5131; x_wconf 87' lang='lat' dir='ltr'><strong>pag.</strong></span> <span class='ocrx_word' id='word_1_628' title='bbox 1086 5064 1120 5116; x_wconf 94' lang='grc'><strong>55</strong></span> <span class='ocrx_word' id='word_1_629' title='bbox 1133 5059 1267 5132; x_wconf 79' lang='lat' dir='ltr'><strong>Antiquit.</strong></span> <span class='ocrx_word' id='word_1_630' title='bbox 1278 5062 1371 5115; x_wconf 85' lang='lat' dir='ltr'><strong>Esten.</strong></span> <span class='ocrx_word' id='word_1_631' title='bbox 1391 5058 1510 5125; x_wconf 88' lang='lat' dir='ltr'><strong>ostendi,</strong></span> <span class='ocrx_word' id='word_1_632' title='bbox 1536 5058 1689 5115; x_wconf 77' lang='lat' dir='ltr'><strong>Ricbildom</strong></span> 
     </span>
     <span class='ocr_line' id='line_1_56' title="bbox 121 5129 1691 5203; baseline -0.005 -10"><span class='ocrx_word' id='word_1_633' title='bbox 121 5140 200 5193; x_wconf 81' lang='lat' dir='ltr'><strong>eeuol</strong></span> <span class='ocrx_word' id='word_1_634' title='bbox 213 5137 296 5193; x_wconf 86' lang='lat' dir='ltr'><strong>cordo</strong></span> <span class='ocrx_word' id='word_1_635' title='bbox 306 5139 370 5192; x_wconf 76' lang='lat' dir='ltr'><strong>oncis</strong></span> <span class='ocrx_word' id='word_1_636' title='bbox 385 5137 523 5193; x_wconf 82' lang='lat' dir='ltr'><strong>bominum</strong></span> <span class='ocrx_word' id='word_1_637' title='bbox 539 5138 644 5193; x_wconf 84' lang='lat' dir='ltr'><strong>mollito</strong></span> <span class='ocrx_word' id='word_1_638' title='bbox 657 5134 799 5203; x_wconf 74' lang='lat' dir='ltr'><strong>Comanis,</strong></span> <span class='ocrx_word' id='word_1_639' title='bbox 889 5131 960 5188; x_wconf 88' lang='lat' dir='ltr'><strong>banc</strong></span> <span class='ocrx_word' id='word_1_640' title='bbox 985 5133 1145 5188; x_wconf 72' lang='lat' dir='ltr'><strong>camitissam</strong></span> <span class='ocrx_word' id='word_1_641' title='bbox 1162 5147 1219 5187; x_wconf 91' lang='lat' dir='ltr'><strong>non</strong></span> <span class='ocrx_word' id='word_1_642' title='bbox 1233 5131 1380 5189; x_wconf 88' lang='lat' dir='ltr'><strong>Giselberti</strong></span> <span class='ocrx_word' id='word_1_643' title='bbox 1399 5129 1506 5186; x_wconf 88' lang='lat' dir='ltr'><strong>comitis</strong></span> <span class='ocrx_word' id='word_1_644' title='bbox 1519 5129 1691 5186; x_wconf 85' lang='lat' dir='ltr'><strong>Lucembur·</strong></span> 
     </span>
     <span class='ocr_line' id='line_1_57' title="bbox 121 5200 1689 5330; baseline -0.004 -67"><span class='ocrx_word' id='word_1_645' title='bbox 121 5223 139 5263; x_wconf 86' lang='lat' dir='ltr'><strong>o</strong></span> <span class='ocrx_word' id='word_1_646' title='bbox 154 5209 223 5263; x_wconf 75' lang='lat' dir='ltr'><strong>eribo·</strong></span> <span class='ocrx_word' id='word_1_647' title='bbox 233 5211 320 5264; x_wconf 85' lang='lat' dir='ltr'><strong>uirtus</strong></span> <span class='ocrx_word' id='word_1_648' title='bbox 334 5215 488 5264; x_wconf 83' lang='lat' dir='ltr'><strong>numeratos</strong></span> <span class='ocrx_word' id='word_1_649' title='bbox 501 5209 613 5264; x_wconf 82' lang='lat' dir='ltr'><strong>eontulit</strong></span> <span class='ocrx_word' id='word_1_650' title='bbox 629 5212 715 5276; x_wconf 84' lang='lat' dir='ltr'><strong>ictus;</strong></span> <span class='ocrx_word' id='word_1_651' title='bbox 888 5203 992 5330; x_wconf 38' lang='lat' dir='ltr'><strong>pensis,</strong></span> <span class='ocrx_word' id='word_1_652' title='bbox 1006 5202 1054 5259; x_wconf 92' lang='lat' dir='ltr'><strong>sed</strong></span> <span class='ocrx_word' id='word_1_653' title='bbox 1068 5203 1181 5274; x_wconf 88' lang='lat' dir='ltr'><strong>quidem</strong></span> <span class='ocrx_word' id='word_1_654' title='bbox 1201 5201 1348 5260; x_wconf 87' lang='lat' dir='ltr'><strong>Glselberti</strong></span> <span class='ocrx_word' id='word_1_655' title='bbox 1360 5202 1389 5259; x_wconf 92' lang='lat' dir='ltr'><strong>in</strong></span> <span class='ocrx_word' id='word_1_656' title='bbox 1401 5203 1478 5258; x_wconf 87' lang='lat' dir='ltr'><strong>ltalia</strong></span> <span class='ocrx_word' id='word_1_657' title='bbox 1490 5203 1595 5257; x_wconf 77' lang='lat' dir='ltr'><strong>comete</strong></span> <span class='ocrx_word' id='word_1_658' title='bbox 1609 5200 1689 5259; x_wconf 83' lang='lat' dir='ltr'><strong>Pelo·</strong></span> 
     </span>
     <span class='ocr_line' id='line_1_58' title="bbox 126 5271 1687 5350; baseline -0.004 -15"><span class='ocrx_word' id='word_1_659' title='bbox 126 5278 187 5335; x_wconf 82' lang='lat' dir='ltr'><strong>eceli</strong></span> <span class='ocrx_word' id='word_1_660' title='bbox 196 5295 298 5335; x_wconf 76' lang='lat' dir='ltr'><strong>mmmo</strong></span> <span class='ocrx_word' id='word_1_661' title='bbox 311 5282 470 5350; x_wconf 82' lang='lat' dir='ltr'><strong>gratissima</strong></span> <span class='ocrx_word' id='word_1_662' title='bbox 484 5281 607 5334; x_wconf 82' lang='lat' dir='ltr'><strong>earmina</strong></span> <span class='ocrx_word' id='word_1_663' title='bbox 620 5280 717 5348; x_wconf 77' lang='lat' dir='ltr'><strong>tundo,</strong></span> <span class='ocrx_word' id='word_1_664' title='bbox 901 5277 924 5330; x_wconf 83' lang='lat' dir='ltr'><strong>ii</strong></span> <span class='ocrx_word' id='word_1_665' title='bbox 937 5271 1124 5339; x_wconf 81' lang='lat' dir='ltr'><strong>uttamloisse.</strong></span> <span class='ocrx_word' id='word_1_666' title='bbox 1139 5284 1166 5330; x_wconf 91' lang='lat' dir='ltr'><strong>ct</strong></span> <span class='ocrx_word' id='word_1_667' title='bbox 1177 5290 1210 5331; x_wconf 86' lang='lat' dir='ltr'><strong>ex</strong></span> <span class='ocrx_word' id='word_1_668' title='bbox 1219 5273 1540 5342; x_wconf 77' lang='lat' dir='ltr'><strong>notioeeboopobordiou</strong></span> <span class='ocrx_word' id='word_1_669' title='bbox 1552 5272 1687 5345; x_wconf 87' lang='lat' dir='ltr'><strong>originem</strong></span> 
     </span>
     <span class='ocr_line' id='line_1_59' title="bbox 121 5345 1113 5408; baseline -0.003 -3"><span class='ocrx_word' id='word_1_670' title='bbox 121 5364 151 5406; x_wconf 80' lang='lat' dir='ltr'><strong>et</strong></span> <span class='ocrx_word' id='word_1_671' title='bbox 164 5351 235 5405; x_wconf 78' lang='lat' dir='ltr'><strong>nolu</strong></span> <span class='ocrx_word' id='word_1_672' title='bbox 250 5352 460 5406; x_wconf 78' lang='lat' dir='ltr'><strong>Cirr-istimumrs</strong></span> <span class='ocrx_word' id='word_1_673' title='bbox 472 5367 532 5406; x_wconf 80' lang='lat' dir='ltr'><strong>oum</strong></span> <span class='ocrx_word' id='word_1_674' title='bbox 544 5352 744 5408; x_wconf 80' lang='lat' dir='ltr'><strong>bereministri.</strong></span> <span class='ocrx_word' id='word_1_675' title='bbox 889 5345 1014 5402; x_wconf 80' lang='lat' dir='ltr'><strong>traxisse.</strong></span> <span class='ocrx_word' id='word_1_676' title='bbox 1031 5347 1113 5402; x_wconf 80' lang='lat' dir='ltr'><strong>Mun.</strong></span> 
     </span>
    </p>
   </div>
   <div class='ocr_carea' id='block_1_12' title="bbox 121 5412 1528 5493">
    <p class='ocr_par' dir='ltr' id='par_1_28' title="bbox 121 5412 1528 5493">
     <span class='ocr_line' id='line_1_60' title="bbox 121 5412 1528 5493; baseline -0.006 -16"><span class='ocrx_word' id='word_1_677' title='bbox 121 5420 180 5477; x_wconf 71' lang='lat' dir='ltr'><strong>tem</strong></span> <span class='ocrx_word' id='word_1_678' title='bbox 190 5438 231 5478; x_wconf 89' lang='lat' dir='ltr'><strong>me</strong></span> <span class='ocrx_word' id='word_1_679' title='bbox 240 5425 333 5493; x_wconf 75' lang='lat' dir='ltr'><strong>pinei,</strong></span> <span class='ocrx_word' id='word_1_680' title='bbox 348 5426 437 5493; x_wconf 85' lang='lat' dir='ltr'><strong>primo</strong></span> <span class='ocrx_word' id='word_1_681' title='bbox 452 5425 502 5492; x_wconf 82' lang='lat' dir='ltr'><strong>qui</strong></span> <span class='ocrx_word' id='word_1_682' title='bbox 519 5424 640 5477; x_wconf 82' lang='lat' dir='ltr'><strong>eorrnirm</strong></span> <span class='ocrx_word' id='word_1_683' title='bbox 650 5425 729 5490; x_wconf 79' lang='lat' dir='ltr'><strong>finci.</strong></span> <span class='ocrx_word' id='word_1_684' title='bbox 927 5422 999 5483; x_wconf 83' lang='grc'>(576)</span> <span class='ocrx_word' id='word_1_685' title='bbox 1013 5419 1047 5472; x_wconf 89' lang='grc' dir='ltr'><strong>Ιιι</strong></span> <span class='ocrx_word' id='word_1_686' title='bbox 1062 5416 1163 5488; x_wconf 91' lang='lat' dir='ltr'><strong>oppido</strong></span> <span class='ocrx_word' id='word_1_687' title='bbox 1178 5415 1347 5472; x_wconf 88' lang='lat' dir='ltr'><strong>Veronensis</strong></span> <span class='ocrx_word' id='word_1_688' title='bbox 1363 5430 1377 5470; x_wconf 93' lang='lat' dir='ltr'><strong>a</strong></span> <span class='ocrx_word' id='word_1_689' title='bbox 1412 5412 1430 5469; x_wconf 91' lang='lat' dir='ltr'><strong>i.</strong></span> <span class='ocrx_word' id='word_1_690' title='bbox 1445 5414 1528 5470; x_wconf 79' lang='lat' dir='ltr'><strong>tlon.</strong></span> 
     </span>
    </p>
   </div>
   <div class='ocr_carea' id='block_1_13' title="bbox 121 5481 1690 5851">
    <p class='ocr_par' dir='ltr' id='par_1_29' title="bbox 121 5481 1690 5851">
     <span class='ocr_line' id='line_1_61' title="bbox 121 5481 1687 5570; baseline -0.008 -21"><span class='ocrx_word' id='word_1_691' title='bbox 121 5495 324 5549; x_wconf 73' lang='lat' dir='ltr'><strong>mmsiomosos</strong></span> <span class='ocrx_word' id='word_1_692' title='bbox 335 5496 440 5565; x_wconf 81' lang='lat' dir='ltr'><strong>placuit</strong></span> <span class='ocrx_word' id='word_1_693' title='bbox 451 5509 573 5549; x_wconf 78' lang='lat' dir='ltr'><strong>revocure</strong></span> <span class='ocrx_word' id='word_1_694' title='bbox 584 5495 695 5556; x_wconf 85' lang='lat' dir='ltr'><strong>solutus,</strong></span> <span class='ocrx_word' id='word_1_695' title='bbox 926 5491 1000 5556; x_wconf 90' lang='grc'>(577)</span> <span class='ocrx_word' id='word_1_696' title='bbox 1022 5490 1073 5545; x_wconf 85' lang='lat' dir='ltr'><strong>bis.</strong></span> <span class='ocrx_word' id='word_1_697' title='bbox 1086 5487 1177 5570; x_wconf 30' lang='lat' dir='ltr'><strong>&#39;codex</strong></span> <span class='ocrx_word' id='word_1_698' title='bbox 1196 5491 1289 5544; x_wconf 83' lang='lat' dir='ltr'><strong>Esten.</strong></span> <span class='ocrx_word' id='word_1_699' title='bbox 1306 5485 1360 5570; x_wconf 79' lang='lat' dir='ltr'><strong>ubi</strong></span> <span class='ocrx_word' id='word_1_700' title='bbox 1394 5485 1498 5568; x_wconf 77' lang='lat' dir='ltr'><strong>pitome</strong></span> <span class='ocrx_word' id='word_1_701' title='bbox 1519 5481 1687 5569; x_wconf 64' lang='grc' dir='ltr'><strong>ῌιιιιίιοιιὶι,</strong></span> 
     </span>
     <span class='ocr_line' id='line_1_62' title="bbox 122 5555 1690 5684; baseline -0.009 -63"><span class='ocrx_word' id='word_1_702' title='bbox 122 5568 238 5649; x_wconf 69' lang='lat' dir='ltr'><strong>pateant</strong></span> <span class='ocrx_word' id='word_1_703' title='bbox 252 5567 471 5649; x_wconf 33' lang='lat' dir='ltr'><strong>pomisqbobtte</strong></span> <span class='ocrx_word' id='word_1_704' title='bbox 484 5567 535 5648; x_wconf 70' lang='lat' dir='ltr'><strong>viis</strong></span> <span class='ocrx_word' id='word_1_705' title='bbox 550 5566 678 5620; x_wconf 82' lang='lat' dir='ltr'><strong>lroctceus</strong></span> <span class='ocrx_word' id='word_1_706' title='bbox 693 5566 767 5620; x_wconf 84' lang='lat' dir='ltr'><strong>ultis.</strong></span> <span class='ocrx_word' id='word_1_707' title='bbox 892 5558 959 5644; x_wconf 35' lang='lat' dir='ltr'><strong>haee&#39;</strong></span> <span class='ocrx_word' id='word_1_708' title='bbox 979 5559 1151 5643; x_wconf 65' lang='lat' dir='ltr'><strong>suppeditat:</strong></span> <span class='ocrx_word' id='word_1_709' title='bbox 1172 5561 1208 5615; x_wconf 82' lang='lat' dir='ltr'><strong>Et</strong></span> <span class='ocrx_word' id='word_1_710' title='bbox 1221 5561 1269 5614; x_wconf 86' lang='lat' dir='ltr'><strong>boo</strong></span> <span class='ocrx_word' id='word_1_711' title='bbox 1279 5560 1379 5683; x_wconf 45' lang='lat' dir='ltr'><strong>imm</strong></span> <span class='ocrx_word' id='word_1_712' title='bbox 1387 5555 1595 5684; x_wconf 45' lang='grc' dir='ltr'><strong>ιζπεᾞέιαιιιιᾶιὲὴ</strong></span> <span class='ocrx_word' id='word_1_713' title='bbox 1633 5564 1690 5682; x_wconf 55' lang='lat' dir='ltr'><strong>gig</strong></span> 
     </span>
     <span class='ocr_line' id='line_1_63' title="bbox 121 5632 1289 5781; baseline -0.007 -20"><span class='ocrx_word' id='word_1_714' title='bbox 121 5632 788 5781; x_wconf 56' lang='lat' dir='ltr'><strong>ttrttlpttttllblltlttbmm</strong></span> <span class='ocrx_word' id='word_1_715' title='bbox 892 5633 1241 5758; x_wconf 60' lang='lat' dir='ltr'><strong>ltttltlllw</strong></span> <span class='ocrx_word' id='word_1_716' title='bbox 1263 5644 1289 5683; x_wconf 75' lang='lat'><strong>&#39;¹⁸</strong></span> 
     </span>
     <span class='ocr_line' id='line_1_64' title="bbox 121 5770 1373 5851; baseline -0.008 -15"><span class='ocrx_word' id='word_1_717' title='bbox 121 5777 185 5835; x_wconf 79' lang='lat' dir='ltr'><strong>diae</strong></span> <span class='ocrx_word' id='word_1_718' title='bbox 196 5794 239 5835; x_wconf 85' lang='lat' dir='ltr'><strong>me</strong></span> <span class='ocrx_word' id='word_1_719' title='bbox 247 5782 340 5851; x_wconf 77' lang='lat' dir='ltr'><strong>pinei,</strong></span> <span class='ocrx_word' id='word_1_720' title='bbox 349 5782 444 5851; x_wconf 78' lang='lat' dir='ltr'><strong>primo</strong></span> <span class='ocrx_word' id='word_1_721' title='bbox 455 5781 505 5848; x_wconf 86' lang='lat' dir='ltr'><strong>qui</strong></span> <span class='ocrx_word' id='word_1_722' title='bbox 516 5780 638 5834; x_wconf 79' lang='lat' dir='ltr'><strong>carmina</strong></span> <span class='ocrx_word' id='word_1_723' title='bbox 649 5779 728 5848; x_wconf 70' lang='lat' dir='ltr'><strong>proci.</strong></span> <span class='ocrx_word' id='word_1_724' title='bbox 929 5776 1002 5840; x_wconf 80' lang='lat' dir='ltr'><strong>(ete)</strong></span> <span class='ocrx_word' id='word_1_725' title='bbox 1016 5772 1084 5830; x_wconf 90' lang='lat' dir='ltr'><strong>Ced.</strong></span> <span class='ocrx_word' id='word_1_726' title='bbox 1102 5779 1172 5841; x_wconf 80' lang='lat' dir='ltr'><strong>aut,</strong></span> <span class='ocrx_word' id='word_1_727' title='bbox 1182 5771 1270 5827; x_wconf 72' lang='lat' dir='ltr'><strong>detto.</strong></span> <span class='ocrx_word' id='word_1_728' title='bbox 1286 5770 1373 5826; x_wconf 71' lang='lat' dir='ltr'><strong>Lete.</strong></span> 
     </span>
    </p>
   </div>
   <div class='ocr_carea' id='block_1_14' title="bbox 187 5862 1511 5951">
    <p class='ocr_par' dir='ltr' id='par_1_30' title="bbox 187 5862 1511 5951">
     <span class='ocr_line' id='line_1_65' title="bbox 187 5862 1511 5951; baseline -0.011 -26"><span class='ocrx_word' id='word_1_729' title='bbox 187 5868 302 5925; x_wconf 73' lang='lat' dir='ltr'><strong>Person</strong></span> <span class='ocrx_word' id='word_1_730' title='bbox 320 5868 453 5924; x_wconf 81' lang='lat' dir='ltr'><strong>cxtvtlt.</strong></span> <span class='ocrx_word' id='word_1_731' title='bbox 1396 5947 1398 5951; x_wconf 6' lang='grc' dir='ltr'><strong>ἲ</strong></span> <span class='ocrx_word' id='word_1_732' title='bbox 1480 5862 1511 5913; x_wconf 85' lang='lat' dir='ltr'><strong>st</strong></span> 
     </span>
    </p>
   </div>
   <div class='ocr_carea' id='block_1_15' title="bbox 0 0 1946 6148">
    <p class='ocr_par' dir='ltr' id='par_1_31' title="bbox 0 0 1946 6148">
     <span class='ocr_line' id='line_1_66' title="bbox 0 0 1946 6148; baseline 0 0"><span class='ocrx_word' id='word_1_733' title='bbox 0 0 1946 6148; x_wconf 95' lang='lat' dir='ltr'><strong> </strong></span> 
     </span>
    </p>
   </div>
  </div>
 </body>
</html>
