3870 6164
136 255 206 311 loeo
637 246 683 303 ΑΙ)
703 245 818 301 oraha
835 244 863 300 S.
883 237 1045 300 cnutonis
1062 245 1280 301 appenninus.
1716 243 1776 300 luet

170 379 228 433 Nec
247 376 331 434 reiert
344 373 419 448 quod
439 371 513 443 apud
525 369 712 427 Trithemium
727 369 827 440 legitur
849 369 1007 435 Bernaldus,
1027 369 1057 424 iu
1071 367 1175 425 nostris
1189 385 1258 425 vero
1282 368 1423 426 codicillus
1436 369 1601 430 Bernaldus,
1621 366 1686 438 quia
1706 367 1780 423 tmius

136 447 235 505 litterae
247 446 392 504 discrimen
404 443 507 500 censeri
524 457 580 497 non
593 441 675 497 debet
696 439 784 496 lacere
803 437 950 495 discrimen
965 455 1161 510 personarum
1183 440 1334 512 praesertim
1352 441 1376 496 si
1391 449 1489 497 enters
1507 446 1678 504 consonent,
1698 445 1729 493 ut
1740 438 1781 494 hie

134 529 209 576 certe
221 524 389 574 consonant.
413 513 484 584 Quid
507 511 583 585 quod
596 512 747 568 Bernaldus
762 527 811 566 seu
833 509 987 566 Bernaldus
1007 519 1104 567 noster
1123 527 1183 567 esse
1204 512 1312 568 ridetur
1326 510 1473 568 Bertoldus
1488 511 1636 583 presbyter
1651 510 1781 566 Constan-

136 588 294 660 tiensis,qui
308 585 394 643 edidit
407 585 564 642 chronicon
577 599 670 639 rernm
684 591 824 665 gestarum
839 589 902 651 post
918 581 1025 638 obitum
1040 581 1191 638 Hermanni
1203 584 1352 647 Contracti,
1366 584 1484 639 ilenrico
1503 585 1540 639 tv
1554 586 1720 639 Romanum
1733 580 1781 634 irn-

137 660 241 731 perinm
253 658 434 741 gubernante,
448 657 482 713 ab
496 670 570 711 anno
587 654 699 710 Domini
712 659 784 709 11151
796 667 884 724 nsque
898 652 932 708 ad
944 653 1002 725 ejus
1015 653 1106 710 saculi
1123 653 1217 722 linem,
1233 655 1313 710 annis
1324 655 1462 711 continuis
1473 657 1572 710 xuvtt
1586 652 1686 710 Nemi
1704 660 1781 707 semet

135 731 265 786 chronici
283 726 625 785 illiuseditorBertoldum
639 725 775 793 nominat,
789 724 910 778 nonnisi
926 739 959 780 ex
975 724 1133 794 cuspiniani
1146 726 1327 792 auctoritate;
1343 735 1380 789 et,
1397 741 1459 796 quae
1479 723 1659 780 Tnthsmius
1694 724 1779 778 eBer·

135 802 219 857 noldo
230 800 342 867 Scribit,
355 800 414 855 haeo
426 800 475 855 iste
484 798 519 853 ad
535 794 700 855 Bertoldum
713 795 806 851 refert.
822 795 856 848 Et
871 811 956 865 quam
968 811 1049 867 parva
1068 805 1110 851 est
1122 794 1281 851 differentia
1297 796 1367 852 inter
1377 795 1435 852 hace
1449 796 1503 851 tria
1517 816 1523 852 ε
1541 794 1710 858 Berrialdus,
1724 796 1779 850 Ber

138 872 247 935 ualdus,
263 872 417 926 Bertoldus.
439 872 520 937 Nam,
537 867 612 941 qnod
631 867 715 939 aliqui
735 866 861 922 videntur
882 875 1004 922 mutasse
1027 868 1055 920 in
1076 868 1255 934 Berrmrdum,
1272 864 1301 922 id
1316 866 1425 938 longius
1444 867 1592 937 paulnma
1613 881 1681 921 vera
1698 865 1780 920 ortbo

136 943 248 1069 grapgria
269 943 363 1012 distat,
377 940 429 998 etsi
449 956 503 996 nec
516 947 594 995 tanta
614 946 658 994 est
683 938 797 994 varietas
811 950 874 1008 quae
899 937 929 993 in
942 937 1055 993 nomine
1079 937 1177 993 litteris
1197 946 1256 994 tam
1279 936 1409 994 allinibus
1422 946 1568 995 constante
1594 952 1655 993 non
1671 936 1778 1008 pomedt

136 1030 192 1071 acci
214 1029 270 1069 ere.

172 1085 268 1141 Fuisse
284 1091 378 1140 autem
394 1080 576 1149 Bemaldum,
596 1095 645 1136 seu
660 1077 828 1134 Bernaldum
842 1079 928 1135 istum
944 1095 1034 1137 causae
1055 1081 1180 1153 Gregorii
1197 1079 1329 1148 vl1‚hoc
1346 1086 1386 1136 est
1400 1095 1489 1137 causae
1510 1078 1622 1152 legibus
1636 1077 1778 1134 divini-hu

135 1156 265 1227 manique
275 1154 348 1228 iuris
361 1161 563 1218 consentanea,
578 1150 810 1216 addictissimum,
831 1148 1008 1207 manifestum
1023 1152 1059 1208 sit
1081 1160 1141 1207 tum
1156 1168 1189 1207 ex
1202 1153 1244 1207 his
1258 1167 1326 1223 quas
1339 1151 1426 1209 modo
1448 1152 1596 1222 vulgamus
1616 1148 1776 1206 lucubratio

137 1227 229 1294 nibus,
247 1234 308 1281 tum
321 1241 353 1279 ex
367 1224 504 1280 chronico
517 1223 598 1288 illius,
617 1221 662 1279 ubi
677 1221 845 1293 Gregorium
857 1223 908 1278 Vll
922 1237 1029 1294 semper
1043 1231 1074 1278 ut
1088 1225 1177 1278 virum
1189 1231 1329 1289 sanctum,
1351 1224 1423 1279 sicut
1442 1237 1535 1279 revera
1552 1231 1623 1287 erat,
1640 1220 1776 1291 predere

136 1306 164 1354 et
176 1297 345 1354 adversarios
355 1296 415 1367 ejus
429 1295 539 1352 meritis
551 1292 778 1349 insectationibus
791 1292 976 1364 prosequitur,
987 1295 1026 1350 ita
1040 1303 1072 1350 ut
1086 1294 1216 1351 haeretico
1230 1292 1329 1350 editori
1343 1293 1428 1351 bilem
1442 1293 1652 1366 propemodum
1667 1292 1704 1348 ob
1716 1291 1776 1349 hane

137 1384 251 1425 causam
266 1367 392 1424 moverit.

86 1434 99 1447 ‘
173 1439 330 1495 Bernardus
344 1438 400 1506 ille,
421 1436 455 1493 ad
468 1450 550 1509 quem
562 1441 649 1490 exstat
659 1433 765 1504 primus
778 1440 910 1490 tractatus
931 1435 1070 1503 Bernaldi,
1091 1446 1119 1492 et
1134 1436 1286 1506 prasertim
1299 1435 1362 1493 duae
1372 1435 1442 1491 taliae
1454 1434 1582 1506 ejusdem
1605 1433 1775 1491 Bemaldiad

137 1510 266 1567 eumdem
285 1509 467 1574 Bernardum,
484 1517 512 1564 et
527 1522 581 1563 una
596 1506 727 1561 Bernardi
743 1503 779 1560 ad
798 1506 975 1574 Bernaldum,
995 1508 1066 1563 alius
1090 1507 1214 1563 nonfuit
1232 1523 1315 1579 quam
1330 1508 1353 1563 is
1367 1506 1401 1561 de
1421 1522 1475 1577 quo
1489 1505 1667 1561 Trithemius
1679 1506 1736 1561 haic
1752 1506 1773 1561 in

137 1581 206 1638 libro
221 1584 262 1637 De
280 1581 346 1637 viris
367 1579 517 1635 illustribus
531 1577 700 1642 Germaniae,
724 1585 752 1632 ct
773 1577 801 1631 in
826 1577 950 1645 catalogo
974 1579 1141 1649 scriptorum
1167 1579 1414 1634 ecclesiasticorum
1437 1577 1621 1633 :Bernardus
1642 1577 1773 1632 monachus

136 1653 249 1708 cenobii
261 1653 289 1709 S.
306 1652 372 1714 Viti,
387 1651 549 1706 corbeiensis
562 1651 592 1703 in
605 1649 727 1705 Senecio
741 1647 845 1703 ordinis
859 1650 887 1705 S.
903 1650 1053 1712 Benedicti,
1068 1651 1112 1703 uir
1127 1652 1157 1703 in
1177 1652 1277 1705 diuinis
1290 1651 1441 1720 scripturis
1455 1649 1595 1703 studiosus
1612 1653 1641 1704 et
1655 1648 1773 1716 erudiar,

135 1730 221 1795 atque
232 1726 263 1778 in
274 1722 449 1779 secularibus
467 1722 565 1776 litteris
579 1722 746 1788 sufficienter
757 1719 859 1782 doctm,
872 1721 978 1788 inperii)
993 1722 1098 1775 subtilis
1112 1726 1138 1775 ct
1150 1722 1239 1776 clarus
1252 1722 1365 1790 eloquio,
1381 1722 1500 1774 camnine
1519 1721 1635 1789 peritus
1651 1725 1678 1774 et
1692 1734 1772 1790 prem.

134 1797 247 1866 Scripsit
259 1792 393 1850 manullo
406 1795 507 1862 inperii
514 1794 560 1846 sui
567 1791 706 1860 opusculo,
724 1790 821 1859 quibus
831 1805 925 1845 riomm
933 1808 1011 1846 suum
1024 1795 1137 1862 poste-ris
1154 1798 1248 1847 rictum
1257 1794 1330 1858 tecit.
1348 1792 1395 1851 dd
1407 1793 1578 1847 flammicam
1590 1791 1635 1857 (in
1650 1790 1773 1847 Chronico

133 1865 256 1922 Bertoldi
269 1873 383 1922 vocatur
394 1862 563 1989 Hartungus)
575 1862 832 1931 Mopdeburqensem
852 1863 1089 1933 archiepiscopum,
1106 1863 1191 1917 edidit
1211 1865 1345 1932 volumen,
1361 1864 1493 1918 tumlento
1504 1862 1622 1932 quidem
1636 1862 1685 1917 sed
1697 1876 1773 1916 mnae

135 1954 265 2002 sermone,
279 1943 372 1992 contro
385 1937 542 2001 Henrieuml
564 1936 685 2002 Vreqem
701 1933 747 1986 sed
759 1934 871 1986 tertium
885 1935 1092 2003 imperatorum
1112 1935 1139 1988 in
1158 1950 1210 2004 quo
1230 1936 1301 1989 olore
1316 1938 1393 2005 patet
1410 1949 1494 2004 quam
1514 1936 1612 2002 prauis
1635 1938 1663 1987 et
1682 1932 1772 1988 adibus

137 2009 225 2075 suerit
239 2009 311 2063 idern
326 2009 456 2063 Hmrinrs
470 2004 633 2061 Senonibus.
659 2004 772 2073 Scripsit
786 2008 917 2071 praterea
939 2006 1039 2059 medios
1060 2010 1087 2059 et
1106 2008 1198 2060 comos
1213 2006 1347 2074 epistolas,
1368 2013 1422 2060 etc.
1444 2004 1551 2060 claruit
1565 2004 1693 2075 eiusdem
1712 2005 1771 2059 Ber·

135 2082 185 2134 rici
195 2081 239 2135 IV
247 2078 415 2148 temporibus,
427 2091 495 2130 amm
508 2076 616 2131 Domini
641 2079 720 2142 1010,
742 2076 767 2127 et
779 2075 861 2127 uaria
873 2078 1107 2145 composuitrllaeo
1120 2076 1299 2132 Trithemius.

172 2160 328 2224 Antequam
344 2152 517 2224 proliteretnr
530 2150 614 2205 vitam
631 2146 820 2215 monasticam,
834 2150 964 2220 magister
982 2151 1139 2206 scholarum
1153 2151 1404 2208 Constantiensium
1421 2149 1525 2219 iuerat,
1544 2158 1576 2205 nt
1593 2158 1714 2206 testatur
1728 2150 1771 2221 ipss

136 2224 287 2280 Bernaldus
309 2240 357 2280 sen
371 2220 526 2278 Bemoldns
540 2221 569 2276 in
593 2219 731 2277 chronico
754 2231 805 2272 suo
821 2234 831 2300 ,³
854 2221 935 2277 Anno
956 2228 1035 2290 1088,
1048 2224 1204 2278 Bernardum
1217 2224 1462 2279 Gomtontiensium
1475 2224 1612 2291 maqister
1625 2222 1770 2285 subdurum,

137 2298 182 2350 uir
200 2295 409 2357 eruditissimus,
430 2295 459 2347 in
477 2308 557 2347 causa
570 2294 598 2348 S.
616 2293 691 2345 Petri
708 2291 932 2357 ferumtissimus,
950 2294 980 2347 in
1001 2296 1124 2349 Sooonio
1145 2293 1290 2360 mimirum
1304 2295 1332 2349 in
1355 2292 1524 2349 monasterio
1538 2293 1719 2358 corbeiensi),
1731 2293 1771 2346 urb

137 2368 285 2421 ηισηαεῆω
294 2367 462 2436 prefessicne
476 2365 610 2433 miprooit
626 2362 663 2416 od
677 2361 824 2415 dominum.
839 2363 884 2441 ,De
902 2361 999 2419 ecdem
1014 2364 1155 2420 Bernardc
1170 2365 1242 2420 idem
1259 2364 1420 2431 Bemoldns,
1433 2378 1506 2419 anno
1524 2370 1593 2419 11191
1612 2382 1620 2419 :
1635 2363 1772 2420 &modu

137 2453 241 2506 quoque
257 2436 463 2492 Constantiensis
480 2437 608 2503 maoister
621 2432 780 2493 sabulonem,
799 2446 876 2501 curus
895 2434 998 2489 obitum
1011 2451 1096 2504 supro
1115 2438 1276 2499 notavimus,
1296 2438 1383 2492 multa
1401 2435 1476 2491 nobis
1495 2437 1543 2489 sui
1564 2438 1671 2503 imerii
1690 2450 1770 2489 mons·

135 2514 227 2563 menta
235 2509 355 2577 reliquit,
365 2507 505 2576 multaque
516 2521 568 2576 pro
582 2503 725 2559 Catholicis
736 2505 830 2559 contro
838 2506 1019 2562 schismaticos
1029 2509 1074 2560 sui
1087 2510 1215 2576 temporis
1227 2509 1428 2576 elepantissime
1439 2507 1561 2576 scripsit.
1576 2509 1614 2561 Et
1625 2513 1685 2577 post
1698 2505 1770 2561 mtdta

136 2578 200 2642 alia,
215 2593 277 2649 quae
290 2593 374 2651 supra
388 2578 416 2632 in
430 2577 565 2648 Apologia
577 2590 627 2646 pro
641 2574 778 2642 Gregorio
793 2573 842 2653 Vll
855 2576 1015 2632 testimonio
1030 2577 1138 2633 decimo
1154 2592 1227 2633 nono
1241 2579 1429 2645 recitavimus,
1444 2575 1534 2649 deque
1550 2576 1688 2633 Bemardi
1702 2575 1771 2647 hujus

136 2648 224 2704 nimio
238 2649 308 2716 uelo,
321 2664 354 2711 eo
367 2663 453 2719 usquc
468 2661 611 2719 progresso
622 2654 653 2700 ut
664 2654 964 2703 excommunicatorum
977 2657 1148 2704 sacramenta
1163 2649 1253 2704 valere
1267 2658 1387 2722 negaret,
1402 2647 1497 2703 subdit
1510 2649 1669 2704 Bernaldus
1684 2667 1691 2702 :
1705 2647 1773 2702 ciete

136 2736 208 2784 rum,
223 2723 249 2775 si
278 2722 321 2776 uis
332 2721 439 2790 plenius
455 2719 510 2773 hac
521 2732 596 2773 ruste
609 2717 755 2783 desiderat,
766 2715 896 2784 seriptum
909 2719 1053 2788 cujusdam
1065 2721 1102 2775 ad
1111 2720 1234 2775 eumdem
1242 2721 1416 2776 Manedum
1426 2719 1459 2775 de
1468 2719 1562 2774 eadem
1574 2721 1722 2790 questione
1733 2717 1769 2772 di·

136 2796 238 2847 reolum
270 2792 454 2875 ilipcntissime
468 2789 590 2860 perlepot
601 2807 609 2855 ;
622 2791 652 2842 in
686 2804 719 2843 uo
732 2791 889 2843 testimoniis
908 2791 955 2847 SS.
971 2793 1085 2845 Petrum
1097 2792 1293 2847 euidentissime
1306 2792 1444 2847 docebitur
1462 2790 1529 2860 quid
1541 2794 1636 2846 sancti
1648 2794 1736 2846 Patris
1745 2788 1772 2843 dr

136 2863 188 2917 illa
231 2866 358 2917 nostrone
377 2862 525 2917 oemuertut
549 2861 651 2915 senties
673 2875 728 2914 um.
746 2860 813 2928 Quis
829 2867 871 2914 est
890 2859 935 2916 ille
954 2862 1075 2932 quidam,
1097 2862 1176 2933 cujus
1193 2863 1326 2932 scriptum
1343 2861 1457 2918 antidoti
1470 2861 1531 2916 loco
1548 2861 1619 2918 citat
1641 2859 1772 2916 &melden

136 2948 185 2989 seu
249 2932 374 3000 rnoldus,
389 2932 441 2987 nisi
462 2931 579 3001 ipsemet
598 2930 730 2986 chronici
747 2931 820 2986 illius
838 2931 956 3001 scriptor
976 2941 1005 2988 et
1029 2935 1140 2988 auctor?
1154 2931 1234 3002 Quod
1248 2942 1290 2988 est
1306 2933 1359 2989 hoc
1371 2936 1511 3003 scriptum,
1527 2932 1585 2987 nisi
1601 2934 1707 3004 primus
1726 2939 1773 2985 tra

137 3011 227 3060 elatus
240 3004 275 3059 de
295 3002 474 3060 sacramentis
492 3001 797 3058 excommunicatorum
817 3000 853 3057 ad
872 3003 1041 3059 Bernardum
1057 3001 1227 3069 destinatus,
1266 3007 1426 3061 nemetiam
1436 3008 1633 3075 preceptorem
1647 3003 1771 3075 appellnt?

136 3075 189 3132 cui
207 3073 277 3131 adde
290 3074 501 3148 apologeticum
532 3089 562 3128 ro
573 3071 687 3128 decretis
699 3072 825 3154 Gregorii
836 3074 884 3127 Vll
898 3074 1078 3155 stepistolam
1094 3074 1128 3130 ad
1141 3019 1325 3143 Bernardum,
1342 3091 1427 3148 quam
1440 3072 1514 3130 inira
1532 3074 1669 3137 invenies,
1687 3074 1772 3155 inqua

137 3144 237 3202 refellit
249 3145 394 3217 epistolam
406 3088 547 3211 bernardi,
563 3151 697 3268 wetinus
709 3159 724 3198 a
737 3153 848 3200 veritate
862 3142 972 3212 abibat3
987 3153 1018 3200 ut
1030 3145 1144 3216 proinde
1155 3145 1262 3201 nullum
1280 3146 1398 3219 amplius
1408 3147 1443 3202 de
1457 3145 1597 3203 Bernaldo
1614 3146 1662 3219 qui
1677 3144 1770 3212 sonht,

136 3226 166 3272 et
182 3214 217 3272 de
228 3216 365 3272 Bernardo
378 3216 412 3272 ad
424 3231 505 3287 quern
518 3215 572 3270 scri
592 3214 623 3280 it,
638 3212 751 3269 dubium
768 3215 896 3286 supersit.

174 3288 359 3361 Eiscngrinius
370 3288 400 3343 in
413 3286 544 3359 catalogo
558 3285 671 3341 testium
687 3287 807 3343 veritatis
819 3284 924 3358 profert
932 3285 1019 3341 alium
1034 3286 1206 3343 Bernardum
1222 3287 1391 3343 monachum
1399 3288 1426 3343 S.
1442 3285 1578 3354 Blasii,in
1592 3286 1690 3344 οοάεω

136 3367 232 3415 mento
247 3358 378 3415 adversus
391 3358 582 3415 schismaticos
597 3365 748 3423 versatum;
763 3358 803 3414 sic
824 3357 897 3412 enim
911 3357 1006 3413 scribit
1024 3375 1031 3412 ι
1047 3359 1203 3414 Bernartius
1223 3361 1367 3414 monachus
1390 3358 1424 3414 de
1438 3360 1467 3415 S.
1480 3359 1572 3413 Blasio
1593 3362 1704 3415 natiom
1761 3382 1772 3397 ·

135 3434 268 3498 monicus,
284 3433 327 3485 uir
347 3446 487 3486 sacrarum
504 3430 655 3484 litterarum
668 3429 767 3484 studiis
779 3430 882 3491 doctrin
898 3432 923 3483 et
934 3431 963 3484 in
974 3431 1073 3498 primis
1088 3430 1219 3493 eruditus,
1232 3432 1341 3499 inqenio
1360 3428 1461 3493 clanis
1481 3445 1513 3484 ac
1533 3429 1657 3486 dmerbes
1672 3430 1771 3499 elaqvu,

135 3504 200 3572 tldei
212 3506 395 3572 propugnator
408 3502 564 3567 adurimus,
577 3503 704 3570 princeps
714 3517 770 3556 suoi
779 3503 868 3555 utatis
877 3500 1097 3570 philosophorum
1105 3515 1296 3571 sacrarumque
1309 3502 1464 3556 litterarum
1478 3501 1572 3555 doctor
1580 3502 1770 3565 subolem

134 3576 188 3629 scri
205 3576 242 3628 sit
259 3573 436 3642 opoloqeticos
448 3575 580 3627 orationes
600 3576 695 3625 eontra
708 3574 938 3628 schematicorum
955 3571 1111 3640 objectiones
1129 3572 1165 3626 ad
1177 3572 1352 3627 adelbertum
1373 3573 1527 3642 spirensem
1540 3576 1734 3643 propediem
1747 3571 1772 3624 in

136 3646 186 3713 qui
246 3646 383 3713 precipue
395 3644 427 3699 de
443 3644 518 3697 aedit
532 3641 602 3711 quod
617 3644 673 3711 ipse
687 3649 711 3698 et
724 3645 776 3698 olii
785 3643 912 3698 monaehi
923 3644 952 3699 S.
973 3642 1061 3698 Blasii
1072 3645 1165 3697 merito
1180 3645 1214 3698 ab
1228 3645 1465 3698 excommunicatis
1480 3643 1649 3698 abstineant.
1666 3646 1770 3702 cucus-

135 3716 225 3782 fertnr
236 3717 261 3768 et
276 3713 395 3782 eiusdem
459 3714 514 3781 leqe
523 3716 802 3770 cacommunicotionis
816 3714 928 3785 epistola
948 3712 986 3768 ad
998 3714 1171 3768 adelbertum
1189 3714 1411 3783 Arqentinensem
1427 3717 1617 3784 prepositum.
1638 3718 1678 3771 Be
1693 3712 1771 3769 ude·

136 3799 241 3853 quoque
254 3784 415 3910 rleiaeepislt'olo
428 3784 490 3838 dua
499 3782 536 3836 ad
549 3783 694 3838 Beohonem
706 3786 857 3855 quemdam,
869 3789 894 3839 et
905 3785 988 3855 pluro
996 3786 1054 3839 alia
1071 3789 1267 3856 scripturorum
1279 3785 1338 3856 dus
1347 3785 1511 3840 monimoita
1524 3787 1654 3842 Ecclesia
1662 3787 1712 3842 Dei
1716 3798 1769 3856 ptr

152 3860 246 3908 utura.
313 3869 327 3908 c
339 3854 347 3908 i
369 3869 393 3908 e.
1199 3855 1201 3859 ’

137 3857 155 3923 r
171 3922 308 3996 Adjungit
323 3923 451 3993 Epitome
469 3921 646 3980 Gesnerianae
658 3921 836 3981 Bibliotheca
854 3944 861 3979 :
876 3925 923 3980 Ad
939 3928 1084 3996 paulinam
1095 3927 1128 3982 de
1144 3929 1273 3998 emptione
1290 3927 1461 3983 ecclesiarum
1473 3928 1601 4009 epistole
1614 3928 1735 3999 Epistola
1743 3922 1772 3981 ad

136 3997 278 4068 quemdam
287 3995 450 4050 sacerdotem
465 3995 498 4049 de
508 3994 618 4051 Othonis
629 3996 744 4065 episcopi
759 3998 970 4053 constantiensis
979 4000 1131 4069 rejectione,
1150 4004 1175 4052 et
1187 3999 1301 4053 alterius
1318 4000 1347 4053 in
1362 3999 1446 4053 locum
1464 4015 1522 4069 erus
1534 3998 1773 4054 substitutionem

136 4068 225 4138 officio
233 4068 460 4138 presbyterorum,
473 4065 510 4120 ad
522 4065 624 4131 fratres
637 4067 667 4118 in
677 4067 912 4122 miraracula
928 4068 1119 4124 Uduualterum
1131 4070 1293 4125 sacerdotem
1305 4074 1435 4125 tractatus
1448 4070 1629 4125 desolatione
1643 4072 1772 4140 iurante·

137 4144 235 4195 tuum.
251 4138 298 4192 Ad
322 4137 494 4192 reverendiss.
506 4137 655 4191 antistitem
678 4133 866 4194 Gebeliurdum
886 4137 920 4192 de
937 4142 1225 4195 ercommunioatorum
1245 4140 1429 4207 ordinatione,
1446 4145 1473 4194 et
1486 4141 1582 4196 salute

137 4212 187 4280 qui
198 4211 233 4265 ab
244 4211 477 4266 communicatis
491 4208 625 4277 baptizoti
636 4211 709 4273 sunt,
720 4213 746 4264 et
758 4211 823 4265 aliis
840 4209 1007 4280 quibusdam
1021 4212 1058 4265 ad
1068 4212 1209 4267 mundium
1216 4214 1342 4282 prouime
1353 4214 1480 4280 futurum
1493 4214 1709 4282 permeatus.
1723 4212 1773 4267 llic-

136 4283 194 4336 ruit
207 4284 280 4337 eirca
293 4296 396 4336 annum
407 4281 517 4337 Domini
531 4283 608 4334 1066.

171 4354 302 4408 Testatur
313 4351 409 4407 eadem
431 4350 557 4421 lipitome
572 4350 644 4405 hunc
657 4351 826 4406 Bernardum
842 4350 870 4406 in
886 4352 920 4408 V.
939 4352 969 4410 c.
984 4352 1076 4409 vocari
1091 4355 1267 4411 Bernaldum.
1283 4355 1319 4411 Et
1332 4352 1380 4410 nbi
1397 4352 1432 4411 de
1450 4353 1595 4413 Bernaldo
1609 4370 1626 4412 a
1648 4355 1680 4419 ·t.
1692 4350 1773 4411 siels-

135 4424 248 4496 quitur:
265 4424 415 4480 Bemoldus
424 4422 564 4493 presbyter
576 4422 698 4476 ccelesiis
720 4421 929 4479 Constantiensis
942 4428 997 4480 scri
1016 4428 1052 4479 sit
1070 4427 1192 4481 ordinem
1208 4428 1358 4482 Rununum
1377 4426 1425 4480 lib.
1443 4443 1464 4490 r,
1479 4432 1506 4481 et
1526 4429 1599 4482 allen
1647 4429 1705 4483 isit
1716 4436 1775 4481 aust

136 4502 215 4551 1060.
228 4498 307 4552 Forte
327 4496 370 4549 hio
383 4500 423 4549 est
442 4493 594 4554 Bernaldus
617 4491 650 4547 dc
662 4493 691 4549 S.
711 4493 811 4549 Blasio.
834 4494 887 4551 Sed
904 4444 1072 4567 probabilius
1094 4505 1207 4553 estnon
1225 4512 1294 4553 osse.
1315 4499 1390 4553 Nam
1405 4497 1595 4568 Bisengrioius
1616 4495 1773 4554 semelen

45 4628 48 4633 ,
136 4566 374 4622 Constantiensem
389 4564 533 4635 distinguit
549 4578 565 4619 a
583 4560 724 4617 Demardo
738 4560 773 4618 de
786 4568 814 4619 S.
830 4565 933 4620 Blasio.
949 4568 986 4622 Et
998 4581 1133 4638 nusquam
1148 4568 1202 4623 ulla
1217 4576 1326 4624 exstant
1345 4568 1456 4639 vestigia
1469 4568 1548 4639 quod
1569 4568 1773 4624 Bernaldusset

138 4636 300 4704 Bernaldus,
315 4636 395 4708 cujus
409 4651 483 4690 nunc
498 4634 599 4704 scripta
613 4633 767 4706 vulgamus,
787 4636 968 4719 monasticam
983 4638 1068 4694 vitam
1081 4637 1220 4709 protessus
1234 4639 1326 4695 luerit.
1343 4638 1413 4707 Quid
1429 4639 1451 4693 si
1466 4638 1558 4698 istiex
1574 4637 1720 4696 Bernardo
1731 4650 1773 4692 no·

138 4715 195 4762 stro
208 4706 344 4763 monacho
360 4706 531 4772 corbeiensi,
551 4706 628 4776 prius
641 4704 774 4776 magistro
792 4705 949 4763 scholarum
969 4709 1229 4776 Constantiensium,
1246 4709 1389 4766 audissent
1399 4708 1478 4766 nobis
1491 4711 1670 4767 monachum
1682 4712 1710 4765 S.
1722 4704 1773 4764 tm

137 4777 191 4832 sii?
205 4779 285 4858 llam,
309 4777 412 4849 siquis
433 4777 494 4832 talis
508 4775 624 4842 exstitit,
642 4774 805 4848 quilectum
819 4786 850 4833 ut
867 4776 895 4834 lu
915 4787 974 4836 eret
994 4781 1190 4863 Trithemium,
1207 4780 1256 4853 qui
1270 4783 1378 4837 nullum
1400 4779 1576 4839 Bernardum
1589 4782 1626 4841 de
1644 4786 1674 4838 S·
1695 4776 1773 4836 sade

138 4846 1302 4999 titillentedentii'lllltitillabitseclllltitlltltfli
1312 4851 1773 4996 iltlllihl‘dlltic

135 4991 243 5056 tiensis,
257 4990 309 5045 etsi
330 4990 357 5044 in
370 4991 496 5059 Epitome
509 4988 676 5045 Gesnenana
688 5000 833 5060 comparet
845 4992 1003 5049 Bernardus
1017 4992 1211 5050 corbeiensis?
1224 4994 1276 5050 Sed
1290 5009 1389 5066 parum
1410 4994 1528 5049 interest
1549 5013 1557 5048 :
1573 4995 1642 5051 licet
1653 4994 1714 5065 quis
1729 4998 1773 5045 tre

138 5061 260 5186 diffirsos
274 5059 359 5185 luisse}
374 5068 488 5186 stgtvtrat,
501 5058 656 5116 dummodo
675 5060 849 5117 Bernardum
864 5077 912 5118 seu
926 5064 1092 5120 Bernaldum
1107 5064 1141 5120 de
1156 5065 1184 5120 S.
1205 5065 1296 5121 Blasio
1308 5080 1373 5121 cum
1387 5072 1483 5121 nostro
1497 5065 1644 5122 bernoldo
1657 5079 1707 5121 seu
1718 5063 1772 5119 Ber

136 5149 171 5188 na
202 5148 344 5187 ononcon
357 5147 394 5185 un
414 5145 452 5188 s.

172 5204 310 5260 cetenim
326 5202 502 5269 adalbertus,
516 5201 639 5273 quicum
655 5200 789 5259 Bernaldo
802 5201 872 5259 duas
885 5203 1013 5275 epistolas
1027 5205 1061 5261 ad
1073 5206 1242 5264 Bernardum
1256 5206 1507 5265 constantiensium
1522 5206 1690 5268 scholarum
1703 5222 1772 5289 magr
1816 5232 1818 5239 ·

136 5283 226 5330 strum
244 5284 273 5330 et
286 5283 379 5347 postea
394 5271 564 5329 monachum
580 5273 774 5329 corbeiensem
792 5275 877 5342 misit,
888 5292 947 5333 non
958 5276 1066 5333 videtur
1077 5293 1135 5334 esse
1148 5279 1217 5332 alius
1229 5295 1313 5351 qnam
1331 5279 1377 5336 ille
1389 5279 1425 5336 de
1438 5294 1492 5352 quo
1505 5281 1666 5339 Bernaldus
1687 5282 1741 5356 ipss
1752 5291 1773 5333 ι

137 5344 274 5403 chronico
287 5365 294 5400 :
306 5348 400 5401 Dcetor
410 5338 575 5400 Adatbertus
589 5346 663 5412 sacto
682 5345 817 5416 verboque
828 5346 953 5411 duetus,
963 5348 1024 5418 iam
1040 5363 1106 5405 xxx
1123 5351 1203 5405 annis
1220 5351 1318 5406 mundo
1331 5354 1487 5423 mmmm,
1498 5355 1524 5407 ct
1545 5353 1577 5408 in
1589 5356 1645 5424 pris
1655 5354 1697 5410 ad
1710 5364 1774 5409 eom

93 5479 95 5484 ,
135 5419 249 5487 pelicum
257 5418 450 5487 perfectionem
460 5415 614 5486 perductus,
629 5418 756 5485 miprooit
769 5418 805 5472 od
819 5422 964 5474 Dumium
975 5421 1055 5474 tertio
1068 5422 1160 5477 Nonas
1174 5423 1341 5489 Decembris,
1356 5437 1465 5494 nempe,
1480 5438 1560 5481 anuo
1574 5424 1692 5483 Domini
1706 5428 1772 5479 itti·

172 5492 316 5558 Aiboinus,
337 5490 373 5547 ad
391 5506 474 5562 mrem
487 5490 641 5547 Bernaldus
651 5492 757 5563 aliquot
768 5492 897 5562 epistolas
914 5493 1019 5561 scribit,
1039 5493 1106 5550 adeo
1120 5496 1221 5565 placuit
1240 5496 1345 5569 illyrico
1359 5506 1389 5553 nt
1402 5512 1467 5553 enm
1482 5496 1557 5555 inter
1574 5505 1666 5557 testes
1684 5496 1773 5557 mur

135 5581 212 5623 ranae
226 5562 344 5618 scutatis
359 5563 481 5634 posuerit
494 5562 522 5618 in
535 5577 586 5620 suo
607 5563 731 5636 catalogo
751 5579 758 5615 :
773 5566 807 5619 ln
820 5567 985 5636 fropmeutis
1000 5569 1140 5629 Auentini,
1153 5568 1243 5640 inquit
1262 5568 1393 5639 illyricus,
1406 5570 1513 5624 inuenio
1527 5570 1685 5627 alboinum
1696 5582 1772 5654 qt*

135 5639 209 5699 darm
222 5633 366 5690 admodum
379 5634 594 5702 doctumoirum,
607 5636 729 5704 quiante
741 5649 815 5693 cccc
830 5653 914 5693 annos
925 5638 1008 5701 uiuit,
1020 5638 1174 5705 defendisse
1184 5640 1337 5709 conjupium
1348 5639 1527 5696 sacerdotum.
1540 5636 1771 5714 smioetqnupi

135 5707 264 5768 castitati,
286 5720 335 5761 seu
349 5705 536 5786 continentiae,
550 5713 577 5759 et
595 5706 753 5776 apostolicis
767 5706 842 5761 sedis
858 5708 1046 5764 sanctionibus
1060 5709 1228 5777 adversatur,
1244 5710 1267 5764 is
1279 5710 1426 5781 derepente
1448 5711 1488 5765 vir
1501 5710 1604 5768 docms
1625 5721 1655 5770 et
1676 5711 1732 5785 pius
1748 5706 1770 5763 it

134 5780 234 5852 lllyrici
247 5775 340 5833 schola
351 5774 478 5845 efficitur,
494 5784 579 5832 etiam
588 5776 692 5846 absque
702 5775 830 5834 doctrina
844 5787 872 5833 et
880 5779 987 5850 pietate,
1003 5788 1136 5853 aptusque
1143 5789 1195 5848 est,
1210 5783 1305 5839 testari
1316 5782 1470 5847 venutem,
1484 5782 1538 5839 sed
1553 5782 1771 5843 imminuant
