3870 6164
165 270 233 324 llas
662 265 709 319 AD
728 263 843 320 OPERA
861 262 890 320 S.
911 262 1071 319 sardonti
1089 261 1305 319 APPENlllCES.
1768 257 1822 314 titt

164 394 214 466 pti,
230 409 279 465 psr
293 391 460 463 pastoralem
473 404 568 445 curam
583 403 636 460 qua
649 388 698 444 tibi
713 404 809 445 surmus
827 388 958 444 commis·
972 394 999 455 Α
1014 403 1061 460 pra
1077 387 1164 444 mtdta
1180 386 1369 455 constituitur,
1383 393 1412 443 et
1425 383 1600 443 beatillcum
1613 379 1742 439 audiens
1754 383 1821 452 bapt,

163 487 187 543 si
210 485 374 557 (tntisper
395 483 573 539 tremendum
595 481 706 553 superni
730 482 801 554 regis
812 480 958 554 judicium,
1013 480 1144 553 gaudium
1157 480 1269 537 Domini
1278 480 1321 537 sui
1329 480 1432 536 intrare
1439 478 1565 552 iubetur
1573 479 1660 546 (bue.
1668 477 1821 542 xanthus

163 593 265 652 perque
273 576 341 634 illud
349 576 471 632 terribile
481 575 604 633 tribunal
613 576 657 631 cui
671 575 701 631 in
711 575 756 633 die
767 574 864 647 judicii
875 574 960 632 debes
1014 575 1081 648 quid
1101 577 1200 632 Petrus
1212 583 1240 632 et
1264 573 1362 631 Paulus
1379 580 1407 630 et
1429 571 1531 632 caeteri
1558 569 1704 643 apostoli,
1720 585 1820 642 quorun

163 679 264 737 astare,
279 678 308 726 ct
319 669 354 726 ds
369 669 447 726 nobis
461 669 580 741 Principi
594 677 738 741 pastorum
750 669 885 724 rationem
899 666 960 725 red·
1013 668 1105 726 oiilcio
1118 667 1249 741 iungeris,
1264 667 1301 724 ita
1321 682 1432 724 crucem
1450 681 1539 723 suam
1555 664 1726 736 baiulantes
1737 679 1821 736 seqce

162 763 237 832 dere,
254 772 286 819 nt
304 763 464 820 meminoris
481 763 533 820 diei
552 763 625 819 illins
638 763 666 818 in
680 778 733 836 qua
747 761 848 819 divinar
861 777 959 818 conse·
1014 763 1113 819 bantur
1126 762 1279 818 Dominum
1299 769 1338 829 ut,
1361 760 1497 819 saeculum
1518 759 1734 830 relinquentes,
1755 759 1821 815 relin

162 857 291 914 erationis
305 859 365 914 oleo
379 856 516 914 delibutus
530 856 672 928 suscepisti
691 872 788 912 curam
802 854 959 911 animarum
1013 863 1128 930 querant
1140 855 1224 911 etiarn
1233 869 1328 912 curam
1341 853 1524 911 animarum?
1539 854 1654 909 Nonne
1669 854 1766 909 Petms
1782 869 1820 924 pro

162 959 333 1018 nostrarum,
351 959 380 1007 et
393 953 422 1007 in
433 951 614 1023 apostolicam
629 958 776 1022 promotus
789 948 959 1006 benedictio·
1012 948 1150 1007 lucrandis
1162 948 1316 1017 animabus,
1327 948 1452 1021 exemplo
1463 945 1620 1020 Magistri,
1638 961 1752 1002 crucem
1764 948 1819 1003 urb

50 1050 55 1063 “
163 1059 240 1111 nem,
254 1044 315 1100 viee
328 1044 441 1111 elisisti,
466 1043 553 1100 iactus
574 1058 605 1099 es
618 1051 709 1115 pastor
732 1042 835 1108 ovium,
857 1041 960 1098 scilicet
1012 1044 1060 1100 iit?
1074 1045 1109 1098 Et
1121 1042 1221 1099 Paulus
1233 1041 1325 1114 gladio
1339 1042 1477 1098 cervicem
1489 1040 1642 1112 praebuit?
1658 1042 1757 1097 Nonne
1774 1041 1820 1112 ipse

162 1137 272 1210 citando
287 1138 367 1194 datus
381 1137 486 1194 esttibi
500 1135 615 1192 annulus
630 1136 850 1206 desponsationis
865 1136 956 1192 Eccle-
1013 1136 1150 1204 Christus,
1169 1135 1224 1192 vita
1237 1143 1266 1190 et
1284 1135 1359 1191 salus
1376 1142 1487 1202 nostra,
1504 1141 1680 1190 coaeternus
1695 1144 1723 1190 et
1739 1150 1819 1191 mom·

160 1232 208 1288 siae
220 1240 248 1287 et
262 1231 375 1288 baculus
387 1230 530 1303 pastoralis
545 1245 629 1298 curae,
644 1229 772 1301 accepisti
781 1244 891 1302 quoquae
904 1230 959 1286 cla·
1012 1230 1140 1302 nipotens
1163 1229 1191 1284 in
1208 1228 1268 1284 nnn
1284 1228 1438 1295 Patrissui,
1458 1226 1612 1284 charitate
1640 1226 1762 1283 salvandi
1780 1228 1819 1284 bo·

163 1338 209 1378 ves
225 1322 461 1396 regnicoelorum,
476 1330 504 1378 et
522 1321 698 1394 iudiciariam
712 1321 807 1378 sedem
822 1321 848 1377 in
872 1321 959 1380 choro
1013 1322 1098 1379 minis
1121 1321 1207 1377 homo
1221 1321 1346 1377 mortalis
1365 1319 1458 1378 iactus
1483 1328 1530 1376 est
1563 1320 1600 1376 in
1630 1320 1700 1375 sinu
1714 1321 1818 1392 Virginis

163 1417 358 1488 apostolorum.
383 1415 550 1485 Recordare,
577 1430 681 1489 quaeso,
707 1414 779 1472 illius
804 1414 958 1473 dulcissimi
1012 1415 1127 1471 matris?
1142 1413 1331 1482 Omnisordo‚
1350 1413 1440 1470 omnis
1460 1412 1611 1487 dignitas,
1627 1413 1816 1485 omnisproics

161 1510 247 1576 verbi,
259 1509 339 1581 quod
352 1510 402 1566 tibi
420 1508 517 1565 eadem
540 1508 586 1565 die
601 1509 771 1577 dictumest,
793 1516 824 1563 ut
850 1524 959 1581 semper
1012 1508 1055 1564 sio
1066 1507 1224 1581 apostolicae
1239 1505 1367 1565 subditur
1380 1506 1531 1580 dignitati,
1547 1521 1610 1563 nec
1628 1506 1773 1579 quidquam
1785 1515 1816 1564 est

163 1602 323 1659 memineris
344 1602 394 1659 Dei
415 1611 444 1659 et
460 1600 584 1675 ejusdcm
598 1602 661 1658 diei.
687 1604 711 1658 O
731 1610 820 1673 pater,
844 1617 959 1660 curuos
1012 1601 1040 1656 in
1060 1600 1165 1657 mundo
1177 1601 1342 1657 eminentius
1364 1600 1405 1657 vel
1417 1599 1547 1656 vicinius
1564 1602 1633 1655 Deo
1652 1601 1707 1655 sita
1727 1599 1815 1671 episeo

163 1695 283 1753 deseris?
297 1704 344 1753 aut
358 1696 400 1752 cui
422 1712 473 1753 nos
486 1695 625 1753 desolatos
639 1695 787 1769 relinquis?
801 1698 900 1753 Nonne
911 1712 957 1753 ac·
1013 1694 1076 1766 pali,
1091 1694 1134 1751 cui
1154 1692 1229 1750 cedit
1240 1694 1330 1751 omnis
1348 1693 1523 1763 monachus,
1541 1692 1591 1749 vel
1612 1693 1720 1760 minor,
1734 1694 1768 1749 tel
1779 1709 1813 1749 rs

163 1790 258 1861 cepisti
279 1790 427 1859 annulum,
450 1798 480 1846 ut
502 1788 653 1846 Ecclesiam
675 1796 763 1858 tuam,
786 1789 860 1845 velut
873 1804 956 1862 spon·
974 1761 1114 1856 Bclusus,
1129 1787 1219 1845 omnis
1232 1787 1380 1856 mentita,
1395 1787 1438 1843 vel
1453 1786 1598 1843 eremita.

111 1882 114 1886 ’
161 1899 232 1951 sam,
246 1883 388 1956 diligeres?
402 1882 531 1941 baculum
545 1899 665 1956 quoque,
682 1891 712 1938 ut
725 1883 960 1955 eamaluporum
1048 1882 1363 1951 OPatersanctissimc,
1378 1889 1546 1939 oramuste
1562 1885 1810 1955 perneumperce

161 1976 317 2034 incursione
339 1976 516 2034 defenderes?
538 1977 595 2035 Ubi
620 1985 663 2032 est
688 1976 807 2034 charitas
832 1976 878 2033 illa
904 1992 957 2049 qua
1011 1975 1129 2032 salutem
1147 1975 1248 2033 animm
1268 1981 1335 2044 tute,
1351 1982 1384 2033 ut
1400 1990 1510 2033 corum
1535 1990 1612 2048 quae
1636 1974 1809 2032 dirimussds

162 2070 286 2126 Christus
301 2086 351 2142 pro
375 2071 471 2128 ovibus
488 2070 545 2127 suis
567 2071 692 2127 animam
707 2086 788 2127 suam
811 2069 918 2142 posuit?
933 2077 960 2126 ct
1012 2069 1205 2139 reconderint
1222 2068 1362 2143 vigilanter
1380 2077 1448 2126 ante
1464 2068 1578 2128 oculos
1602 2067 1807 2127 habenubunal

95 2170 98 2175 “
162 2164 260 2222 eadem
273 2165 406 2221 charitate
419 2165 471 2221 tibi
480 2162 615 2237 regendas
625 2164 782 2221 commisit?
795 2164 887 2233 Quare
898 2178 961 2235 pro·
1012 2163 1126 2232 Christi,
1143 2178 1194 2220 nec
1209 2161 1322 2220 deseras
1335 2178 1388 2220 nos
1405 2178 1480 2221 oves
1508 2164 1581 2236 ejus
1607 2180 1672 2237 quas
1685 2161 1805 2233 sucepisti

160 2257 248 2329 jicisa
267 2258 397 2314 manibus
417 2258 473 2313 tuis
492 2257 581 2314 clares
600 2257 676 2329 regni
699 2257 852 2313 coelorum?
868 2257 959 2328 Quare
1010 2256 1139 2324 tuendas,
1152 2266 1182 2312 ut
1189 2256 1225 2313 ab
1237 2271 1336 2313 eonon
1350 2271 1466 2329 poenam
1480 2254 1807 2330 negligentie‚scdmer·

161 2358 188 2405 te
206 2350 296 2422 ipsum
312 2349 436 2406 detrudis
450 2349 484 2407 de
498 2349 571 2416 sede,
595 2349 651 2405 imo
664 2349 699 2406 de
721 2348 806 2405 choro
821 2349 959 2420 apostolo
1011 2349 1107 2406 cedam
1120 2348 1283 2408 obedientiae
1305 2348 1435 2422 accipias.
1455 2350 1588 2407 Festina
1597 2350 1637 2408 ad
1649 2349 1734 2408 sedem
1744 2355 1805 2404 man

162 2447 243 2499 runi?
262 2446 430 2511 optaremus
448 2441 558 2514 quidem
581 2449 637 2498 tue
651 2441 808 2513 paternitati
823 2450 854 2499 ut
866 2457 958 2499 ascen·
1011 2443 1173 2515 quantocius
1191 2440 1281 2499 redire
1300 2449 1328 2499 et
1345 2457 1403 2508 eos,
1422 2442 1476 2516 qui
1502 2443 1541 2501 in
1567 2443 1651 2501 luctu
1669 2452 1696 2502 et
1712 2457 1807 2500 merore

160 2522 240 2591 deres
252 2535 286 2591 ad
299 2550 330 2590 ea
343 2534 365 2591 si
380 2550 433 2607 qua
447 2543 538 2590 essent
561 2534 668 2603 altiora,
682 2550 737 2590 non
755 2543 782 2590 te
796 2533 956 2592 detruderes
1009 2545 1085 2605 sunt,
1102 2545 1215 2608 paterno
1235 2534 1337 2594 allootu
1349 2537 1516 2594 consolare.
1533 2540 1609 2595 dam
1629 2539 1704 2595 mm
1716 2553 1753 2593 res
1763 2537 1805 2607 epl-

162 2627 196 2683 de
220 2627 336 2683 summis
349 2627 382 2683 ad
395 2626 533 2683 inferiora.
550 2629 693 2695 Fateatur,
708 2631 797 2695 Pater,
817 2643 864 2684 eos
885 2628 957 2685 benc
1009 2630 1098 2702 scopii
1107 2629 1147 2687 tui
1157 2629 1210 2686 hac
1218 2629 1278 2687 illae
1297 2628 1486 2703 diripiuntur,
1504 2639 1540 2688 et
1552 2632 1709 2689 multaalia
1720 2631 1750 2687 ab
1761 2628 1808 2687 oil-

162 2720 250 2777 iacere
265 2722 312 2794 qui
328 2722 460 2777 saeculum
479 2720 647 2793 relinquunt,
659 2720 773 2795 quique,
791 2720 958 2794 seipsossihl
1011 2722 1125 2780 cialibus
1149 2723 1221 2796 regis
1242 2722 1424 2792 invaduntur,
1448 2738 1504 2797 per
1529 2724 1675 2798 plurimas
1706 2725 1809 2797 ragifflt

160 2813 326 2886 abnegantes
346 2822 374 2870 et
387 2828 498 2870 crucem
524 2829 602 2870 suam
617 2813 780 2887 bajulantes,
804 2822 866 2887 post
880 2815 957 2873 Chri·
1010 2823 1074 2873 tuas
1087 2816 1176 2875 multa
1190 2816 1221 2873 lit
1235 2816 1421 2889 perturbatio,
1437 2816 1475 2875 de
1497 2818 1657 2876 invasione
1673 2817 1743 2877 eds
1760 2826 1810 2882 Νι.

159 2915 233 2964 stum
248 2907 364 2975 vadunt3
385 2908 432 2980 qui
449 2909 478 2963 in
491 2907 570 2964 vinea
581 2907 693 2963 Domini
708 2906 831 2964 Sabaoth
848 2909 954 2965 nullam
1011 2910 1084 2967 inter
1098 2910 1200 2967 multos
1210 2910 1362 2967 contentio.
1374 2911 1457 2980 lime,
1471 2913 1582 2982 Pater,
1596 2921 1678 2970 tuum
1689 2927 1766 2969 mnu
1773 2926 1808 2965 rs·

123 3021 126 3026 ·
159 3001 265 3058 colendi
284 3017 379 3058 curam
395 3009 577 3074 acceperunt3
591 3001 691 3072 quibus
705 3001 835 3069 satisest,
850 3002 872 3058 si
894 3009 955 3058 tan·
1007 3011 1059 3075 put
1082 3003 1176 3060 omnia
1190 3003 1308 3061 sedabit.
1335 3004 1393 3061 Has
1418 3019 1532 3062 omnes
1552 3006 1810 3080 perturbationeset

132 3096 138 3107 '
161 3103 222 3152 tum
236 3096 344 3168 possint
355 3096 511 3163 resalvare,
530 3094 602 3167 quia,
629 3095 664 3152 de
683 3096 758 3151 nullo
774 3096 885 3164 habent,
899 3095 952 3153 nisi
969 3127 992 3192 C
1008 3096 1200 3154 contentiones
1211 3091 1270 3153 sola
1288 3097 1436 3169 pmentia
1456 3106 1513 3155 tua
1539 3101 1573 3157 in
1589 3117 1687 3173 pacem
1700 3098 1809 3157 reform

159 3190 193 3246 de
212 3204 253 3257 se,
272 3190 407 3245 rationem
431 3188 554 3244 reddere.
576 3190 617 3245 Tu
631 3196 735 3257 autem,
750 3191 842 3257 Pater,
856 3189 955 3247 melius
1008 3190 1059 3247 bit.
1081 3190 1203 3263 Denique
1217 3191 1240 3247 si
1254 3190 1383 3249 Ecclesia
1397 3191 1471 3249 scita
1492 3200 1527 3250 et
1538 3210 1687 3252 canonum
1696 3194 1749 3267 jura
1761 3207 1808 3265 per·

98 3282 101 3293 '
159 3284 231 3356 regis
246 3282 379 3340 seculum
401 3296 484 3353 quam
504 3281 651 3353 relinquis;
673 3283 837 3355 propensius
855 3299 955 3356 seque-
1008 3283 1120 3340 mittant
1134 3292 1162 3340 te
1179 3282 1273 3342 sedem
1293 3291 1370 3341 tuam
1383 3285 1569 3359 relinquere,
1590 3296 1619 3345 et
1644 3289 1806 3357 alteimpre

160 3378 197 3434 ris
218 3384 245 3432 et
270 3375 361 3449 diligis
374 3375 528 3444 Christum,
553 3374 577 3432 si
598 3391 662 3432 oves
685 3377 745 3449 ejus
763 3375 861 3449 pascis.
886 3377 956 3450 Quia
1007 3375 1137 3434 fessionis
1149 3377 1236 3433 vitam
1249 3376 1400 3445 instituere,
1414 3385 1446 3434 tu
1461 3387 1574 3438 tamen
1594 3382 1684 3438 nihilo
1704 3394 1801 3452 uncum

158 3472 217 3544 ipse
240 3470 433 3544 probationem
448 3468 602 3526 dilectionis
612 3469 673 3526 'suae
688 3471 717 3526 in
737 3471 879 3542 pascendis
902 3472 956 3528 cvi·
1010 3473 1068 3527 Deo
1088 3485 1182 3542 posses
1199 3471 1299 3527 molius
1321 3470 1426 3529 servire
1440 3486 1540 3544 quam
1555 3475 1580 3530 si
1594 3475 1765 3532 intentionem
1780 3472 1804 3527 l·

159 3565 211 3621 bus
223 3564 280 3621 suis
294 3563 436 3620 constituit
446 3563 541 3620 dicens
557 3581 564 3618 :
579 3565 609 3622 Si
619 3565 713 3635 diligis
723 3580 775 3631 mc,
790 3580 874 3638 posce
894 3581 955 3622 ones
1009 3563 1064 3621 lam
1076 3578 1199 3633 exueres,
1212 3571 1241 3620 et
1257 3559 1351 3621 sedem
1364 3571 1393 3621 et
1406 3563 1617 3640 episcopatum
1636 3576 1713 3625 tuum
1730 3566 1760 3624 ab
1771 3565 1803 3621 bis

160 3674 231 3713 meos
245 3661 330 3723 (Jocs.
346 3663 422 3724 xri).
1009 3659 1057 3732 qui
1072 3657 1198 3716 invadere
1212 3657 1308 3716 volunt
1320 3655 1505 3717 defenderas.

193 3751 234 3804 Ut
246 3765 322 3821 ergo,
340 3750 415 3806 salva
440 3751 600 3816 reverentia,
623 3751 784 3821 dixerimus,
796 3759 873 3811 tanto
892 3770 956 3811 con·
1045 3754 1122 3809 llunc
1135 3760 1239 3825 ergata
1253 3753 1363 3809 Patrem
1376 3767 1521 3826 rogamus
1534 3770 1591 3813 nos
1613 3756 1673 3825 lilii,
1690 3763 1715 3813 te
1727 3763 1799 3829 parto·

159 3842 274 3898 sinceris
289 3843 381 3898 minus
391 3843 535 3900 Christum
554 3844 670 3916 diligere
681 3854 787 3917 quanto
807 3855 833 3905 te
848 3848 955 3905 subtra·
1010 3862 1069 3904 rem
1084 3861 1148 3902 oves
1162 3844 1251 3919 gregis
1263 3845 1303 3902 tui
1318 3854 1349 3902 ut
1361 3847 1544 3918 quantocius
1566 3849 1607 3908 ad
1619 3866 1669 3906 nos
1683 3849 1766 3906 redeas
1780 3854 1799 3903 et

159 3933 345 3990 hisacredita
359 3935 408 3990 tibi
421 3937 581 4008 ovirrrncJos
595 3938 731 4008 pastione.
748 3940 878 4012 Nunquid
890 3956 954 3997 nam
1010 3939 1136 3997 dolorem
1153 3948 1180 3996 et
1200 3938 1361 3997 moestitiam
1383 3935 1484 3998 cordis
1497 3944 1595 4001 nostri
1618 3945 1750 4001 serenitas
1768 3940 1797 3996 tui

159 4029 264 4101 gratior
273 4027 298 4083 ci
309 4027 361 4084 erit
373 4029 418 4099 qui
434 4027 509 4084 solus
523 4035 551 4083 et
566 4045 696 4086 vacuusa
710 4047 800 4088 messe
814 4033 849 4089 ad
861 4047 968 4090 aream.
1008 4033 1109 4089 sultus‘
1129 4032 1263 4106 detergas
1291 4032 1340 4089 Sin
1367 4040 1482 4104 autem,
1516 4037 1618 4108 primo
1643 4035 1795 4095 manebimus

157 4121 269 4190 redibit,
293 4129 343 4177 aut
363 4121 409 4193 qui
437 4121 538 4179 multos
561 4122 716 4180 animarum
742 4125 910 4198 manipulos,
929 4136 957 4184 et
1010 4130 1103 4183 Deum
1117 4128 1227 4182 Patrem
1244 4124 1380 4192 omnium,
1395 4123 1611 4188 inclinabimur
1623 4132 1719 4190 cnseo
1734 4129 1791 4185 rsa

157 4222 305 4287 purgatum
318 4213 430 4269 zizaniis
449 4215 571 4271 triticum
584 4214 619 4272 ad
634 4215 764 4274 horreum
778 4219 891 4275 Domini
912 4221 954 4277 sui
1010 4221 1061 4293 cipi
1075 4227 1228 4292 pastorum,
1245 4217 1435 4292 apostolicum
1452 4221 1621 4282 adversum
1633 4233 1658 4283 ts
1672 4222 1793 4283 mimas,

155 4308 322 4380 reportabit?
342 4307 397 4365 Cur
412 4322 468 4363 non
481 4308 636 4367 recordaris
649 4312 799 4384 evangelici
813 4313 886 4369 illius
900 4313 955 4371 dis·
1011 4314 1040 4371 in
1062 4313 1230 4387 adJutorium
1251 4321 1377 4370 nostrum
1398 4314 1612 4378 invocabimus
1629 4332 1727 4377 omnem
1742 4313 1798 4370 ordi

160 4401 322 4471 pensatoris,
347 4401 404 4474 qui,
429 4418 495 4458 cum
516 4401 603 4459 lidelis
623 4411 650 4460 et
678 4404 797 4476 prudens
818 4403 955 4464 distribuit
1009 4423 1073 4464 nem
1085 4416 1113 4464 et
1125 4405 1299 4480 dignitatem,
1311 4404 1420 4462 nullum
1440 4407 1476 4464 in
1490 4417 1558 4468 toto
1573 4429 1661 4488 regno
1674 4425 1800 4486 memnon

159 4492 268 4550 lamiliae
282 4494 395 4551 Domini
409 4496 451 4551 sui
471 4494 553 4552 tritici
571 4511 739 4564 mensuram,
760 4506 787 4555 et
802 4499 898 4556 crediti
913 4503 995 4567 ta·D
1012 4517 1143 4576 rogemus
1164 4501 1346 4570 dimittemus,
1368 4499 1558 4576 episcopum,
1581 4516 1613 4566 te
1627 4509 1735 4575 virente,
1753 4520 1803 4561 nun

160 4586 224 4641 lenti
242 4586 350 4644 felicem
364 4604 479 4646 usuram
497 4598 627 4662 reportat,
641 4591 667 4646 in
683 4591 792 4649 modico
805 4591 895 4650 fidelis
906 4610 954 4652 su·
1008 4611 1090 4668 quam
1101 4611 1149 4669 pro
1160 4600 1266 4669 pastore
1278 4593 1440 4667 recipiemus
1456 4605 1688 4660 mercenarium.

181 4791 286 4868 ¹(bath)
307 4791 388 4845 Anno
413 4797 483 4874 1032
506 4800 656 4875 recesserat
679 4793 830 4876 sigefridus
848 4795 878 4852 in
892 4796 956 4854 Clu·
1009 4805 1086 4855 catus
1096 4797 1192 4855 sedem
1212 4812 1291 4855 suam
1305 4795 1416 4868 recepit
1430 4797 1482 4857 De
1498 4818 1562 4876 quo
1577 4807 1809 4866 ridelambertuu

160 4873 286 4913 nmeeuse
309 4868 519 4931 monasterium
545 4863 681 4936 reliquam
707 4867 760 4920 rlhc
780 4865 865 4922 vitam
891 4883 957 4923 con·
1009 4868 1206 4925 ctltlarianum
1220 4870 1249 4925 in
1263 4865 1418 4924 Chronicis.

159 4937 328 5002 sumpturus.
349 4931 402 4987 Sed
413 4948 430 4988 a
442 4933 515 4991 clero
536 4943 565 4991 et
578 4937 679 5008 populo
694 4937 857 5009 Moguntino
876 4955 956 4996 revo-
