3870 6164
809 32 942 59 ·ae,·
1009 26 1048 41 ,.
1123 26 1148 51 ·:·

430 278 574 337 sermon.
593 279 638 339 ιιι.
656 308 693 323 -
710 256 920 357 sosimenes
937 238 1167 339 resecemus.
1419 336 1423 345 ,
1553 284 1621 342 iota
1680 235 1690 245 ’

116 416 266 475 ·prospera
289 401 340 459 sibi
367 401 503 460 arrideret
529 401 651 472 fortuna,
675 404 764 460 remi·
778 409 806 471 Α
820 404 1021 475 prestantiores
1040 402 1078 460 ibi
1100 403 1175 461 viros
1199 405 1311 478 alloqui.
1337 406 1496 481 Quodirer
1521 409 1621 466 intelli·

116 510 124 550 r
149 494 315 568 pauperrimi
332 495 488 567 piscatoris.
503 497 697 554 pervenientes
722 497 770 570 igi-
823 512 890 569 gens
903 497 981 553 illum
995 496 1227 569 comprehendere
1240 498 1414 556 machinetur
1433 509 1484 558 est.
1501 501 1620 572 Quidem

116 602 167 644 um
183 587 299 644 insulam
326 604 381 644 una
406 588 444 645 ibi
473 588 646 646 bebdomada
667 591 767 662 trepidi
821 606 886 647 vero
900 591 997 648 attoni
1008 591 1123 659 amicus,
1144 591 1202 649 haeo
1214 593 1371 665 presciens,
1387 609 1453 650 cum
1465 603 1572 652 secreto
1585 595 1620 654 de

116 681 303 753 ‚capellanus
315 682 391 739 enim
405 691 510 739 secreto
523 683 582 741 loca
603 684 679 751 silrae
700 699 766 740 con·
823 685 890 740 turri
909 691 1048 752 vocaturn,
1073 691 1114 753 ut,
1136 684 1237 741 emisso
1264 700 1312 758 per
1339 685 1507 743 fenestellam
1536 689 1620 745 turris

116 774 232 831 rumiens
243 775 346 832 victum
364 777 527 847 procurabat
537 776 647 850 reginae.
668 779 768 834 haus
822 778 922 849 capite,
938 776 996 848 eius
1024 776 1134 833 audiret
1153 778 1234 834 verba
1256 779 1375 852 rogavit;
1401 778 1554 851 quodcum
1578 780 1617 837 fe·

116 867 237 926 domeda
276 870 418 942 suspirans
447 877 476 926 et
510 870 694 943 ingemiscens
721 886 765 928 re·
820 871 903 927 cisset
911 874 989 936 Atto,
997 869 1067 926 banc
1075 871 1099 927 ei
1111 869 1239 927 fabellam
1248 873 1370 931 narravit
1385 892 1392 929 :
1405 874 1505 940 Ursus,
1516 874 1617 947 iuquit,

120 961 240 1019 miseriae
263 970 366 1018 statum
380 982 387 1020 :
400 963 481 1018 ileu!
508 963 598 1035 inquit
611 963 765 1043 capellano,
820 972 913 1021 ventre
930 962 1066 1031 famelico,
1098 979 1250 1036 suspensus
1275 964 1312 1022 ad
1338 980 1414 1023 escas
1433 966 1563 1035 existens,
1587 983 1618 1025 se

120 1070 167 1112 me
181 1070 290 1127 semper
305 1071 364 1113 esse
376 1056 527 1128 conspicio,
545 1057 679 1130 quidnam
693 1057 764 1114 mibi
820 1057 890 1114 cervi
905 1055 1050 1130 cujusdam
1077 1056 1195 1113 amicitia
1220 1057 1349 1129 languere
1374 1058 1518 1127 conduxit,
1540 1059 1619 1117 misit

116 1147 235 1206 rodest?
254 1148 341 1217 Vade,
362 1165 468 1221 quaeso,
481 1149 566 1221 igitur
577 1149 613 1207 ad
625 1150 767 1223 Reginum
820 1159 851 1207 ut
863 1166 893 1207 se
905 1150 1044 1207 visitatum
1055 1149 1164 1206 concito
1178 1165 1273 1223 gressu
1286 1150 1399 1207 veniret.
1416 1153 1518 1209 Cervus
1531 1140 1616 1224 igitur

116 1258 128 1298 r
150 1240 330 1310 edelardum,
352 1243 481 1315 quicum
499 1243 567 1300 mibi
595 1243 766 1301 consueverit
819 1258 885 1299 cum
896 1243 1025 1306 venisset,
1040 1257 1121 1300 ursus
1140 1243 1200 1315 eius
1212 1242 1328 1300 adbaesit
1340 1244 1480 1312 auricula,
1500 1260 1617 1317 eamque

118 1335 153 1403 is,
177 1351 258 1406 spero
284 1335 371 1407 quod,
385 1336 409 1391 si
422 1335 474 1391 sibi
488 1343 608 1408 quirum
622 1336 658 1392 sit
685 1351 766 1393 meus
817 1336 987 1410 discerpens,
1005 1338 1095 1409 ipsam
1108 1337 1193 1393 etiam
1219 1337 1358 1410 unguibus
1381 1337 1501 1395 laniavit.
1516 1338 1618 1395 cerem

115 1429 239 1496 icaveris,
250 1427 364 1485 forsitan
388 1428 563 1485 miserebitur
588 1430 686 1486 nostri.
703 1432 766 1487 llaec
818 1429 931 1486 taudem
955 1430 1052 1486 evasit.
1075 1431 1142 1486 Post
1155 1431 1215 1488 haec
1227 1446 1339 1488 rursum
1360 1447 1410 1504 pro
1429 1447 1510 1489 cervo
1534 1447 1616 1488 man-

116 1522 171 1577 itim
184 1520 343 1593 capellanus
360 1520 395 1577 ad
416 1520 576 1594 episcopum
598 1522 763 1594 prpperavit,
819 1522 904 1589 davit,
932 1523 1097 1594 promittens
1123 1522 1149 1579 ei
1183 1539 1284 1595 magne
1308 1539 1422 1582 munera
1449 1525 1471 1580 sl
1498 1524 1615 1581 veniret.

116 1630 122 1668 l
146 1613 197 1669 sibi
225 1615 328 1686 reginas
353 1614 492 1669 miseriam
505 1613 683 1686 patefaciens,
706 1615 764 1687 ejus
817 1616 919 1673 Cervus
931 1615 1034 1673 inscius
1048 1623 1077 1672 et
1091 1614 1254 1673 offensionis
1266 1615 1378 1684 oblitus,
1405 1617 1505 1674 iterato
1519 1632 1616 1675 rever·

116 1705 197 1763 idium
209 1705 327 1762 conferri
346 1706 520 1779 supplicavit.
544 1707 701 1764 condoleus
722 1708 764 1763 his
817 1709 894 1774 titur,
919 1709 965 1781 qui
1003 1724 1069 1765 urso
1098 1707 1209 1781 propius
1243 1708 1385 1778 accedens,
1408 1709 1519 1767 residua
1550 1724 1616 1767 eum
1643 1736 1646 1741 ·

115 1801 212 1868 ,laetus
224 1808 319 1856 tamen
331 1799 506 1873 quodregina
517 1799 620 1857 viveret
630 1798 763 1870 efficitur3
778 1777 803 1839 B
820 1801 934 1872 privavit
956 1801 1088 1868 auricula,
1113 1801 1206 1874 sicque
1225 1801 1337 1858 delusus
1348 1817 1446 1859 cervus
1466 1802 1549 1860 rediit
1566 1803 1615 1861 de-

123 1893 265 1965 respondit
279 1893 386 1949 nullum
411 1909 440 1949 se
465 1893 603 1965 possidere
628 1892 761 1965 oppidum
817 1902 954 1967 turpatus.
976 1895 1069 1951 Tertio
1083 1894 1196 1951 tandem
1217 1910 1284 1952 urso
1296 1911 1345 1968 pro
1357 1910 1437 1952 cerro
1457 1895 1613 1965 mandante,

116 2001 169 2043 :ure
183 1995 275 2057 posset
285 1986 380 2057 regina
403 1986 515 2042 morari.
539 1985 657 2043 Militem
669 1994 761 2042 umen
815 1987 924 2044 dicebat
938 1987 1054 2045 enimse
1069 2003 1245 2061 magnacum
1256 2004 1290 2044 eo
1304 1987 1379 2060 loqui
1391 1988 1470 2056 velle,
1484 1988 1615 2046 incautus

116 2096 121 2134 ι
156 2079 225 2136 dixit
246 2081 380 2135 ettonem
403 2079 526 2147 nomine,
557 2094 641 2151 quem
679 2095 761 2152 snpra
815 2072 912 2137 cervus
940 2080 1058 2147 advenit.
1084 2081 1133 2138 Cui
1157 2096 1237 2137 ursus
1271 2080 1405 2145 arridens,
1431 2081 1513 2138 dente
1548 2097 1615 2139 eum

119 2172 206 2228 lilium
228 2171 366 2245 sigifredi,
382 2173 583 2229 amicissimum
606 2173 669 2239 sibi,
683 2173 762 2245 cujus
816 2182 925 2246 repente
942 2181 971 2229 et
983 2188 1074 2246 ungue
1085 2172 1220 2246 discerpit
1245 2173 1357 2245 vitaque
1379 2172 1519 2244 privatum
1540 2173 1613 2247 vulpi

116 2279 181 2322 :rum
207 2266 324 2321 Cenoma
347 2266 460 2322 nomine
494 2274 557 2322 ante
583 2265 689 2323 dictum
712 2281 761 2338 pro
816 2265 965 2323 assandum
991 2265 1075 2324 dedit.
1114 2266 1205 2335 Quem
1226 2265 1295 2322 dum
1324 2281 1418 2322 assum
1444 2281 1509 2322 urso
1527 2266 1616 2340 vulpis

118 2357 255 2415 tissimum
291 2374 385 2414 revera
413 2358 581 2429 praesidium.
609 2356 761 2416 Confestim
816 2366 1018 2430 praesentasset,
1035 2375 1084 2416 cor
1110 2359 1218 2416 illiusa
1240 2359 1321 2430 vulpe
1338 2357 1389 2415 eibi
1412 2357 1479 2416 dere
1496 2358 1609 2431 expetit.

116 2451 245 2522 aelianum
265 2450 300 2507 ad
323 2455 455 2507 Attonem
480 2451 592 2509 direxit.
618 2453 761 2525 Quicum
815 2453 863 2509 Cui
882 2452 972 2524 vulpis
991 2468 1105 2509 cervum
1131 2467 1181 2509 cor
1212 2468 1270 2508 non
1302 2450 1431 2509 babuisse
1456 2451 1610 2523 respondit.

124 2544 158 2601 de
172 2545 265 2617 regina
291 2545 477 2616 interrogans,
492 2560 553 2601 eam
579 2545 614 2602 de
629 2545 761 2601 industria
815 2548 904 2602 Ursus
914 2560 979 2601 vero
1000 2544 1067 2601 dum
1078 2559 1191 2617 prorsus
1212 2560 1324 2601 cervum
1333 2560 1383 2600 cor
1404 2543 1531 2602 babuime
1544 2559 1616 2602 con-
1655 2583 1658 2587 .
1761 2538 1764 2543 ’

116 2637 170 2694 sdit
179 2638 207 2693 in
220 2653 327 2695 carcere
342 2636 401 2693 fore
414 2636 582 2694 defunctam.
593 2640 672 2694 Tunc
683 2640 760 2705 Atto,
815 2638 951 2704 tenderet,
965 2645 994 2694 et
1011 2636 1080 2694 illud
1095 2638 1190 2694 statim
1202 2636 1254 2693 sibi
1271 2636 1433 2706 detinebat,
1458 2638 1547 2708 vulpis
1558 2637 1615 2706 ait,

116 2748 149 2788 m
160 2730 435 2797 fideliteradamabat,
450 2730 569 2787 nimium
580 2730 644 2786 inde
663 2728 762 2787 dolens
817 2735 892 2787 Dum
913 2730 967 2786 iuis
980 2730 1061 2786 tertio
1085 2729 1261 2801 petitionibus
1276 2728 1316 2785 sic
1327 2731 1472 2786 annuisset
1484 2730 1617 2802 improvi-

116 2821 181 2880 ludit
190 2838 309 2880 amaras.
320 2821 402 2892 Quod
417 2839 532 2879 cernens
546 2823 647 2896 reginae
672 2824 762 2893 capel·
816 2826 877 2890 due,
894 2823 1051 2880 cordeeum
1065 2823 1187 2879 caruisse
1202 2822 1539 2895 protinuscomprobatur.
1554 2823 1615 2879 Hac
1715 2832 1718 2837 ’

116 2933 140 2973 m
153 2917 178 2973 ei
207 2917 303 2973 statim
331 2917 449 2987 aperuit.
479 2921 546 2974 Atto
578 2916 662 2989 igitur
688 2931 761 2989 equo
816 2926 926 2974 narrata
940 2914 1050 2983 fabella,
1065 2923 1094 2972 et
1111 2930 1237 2972 tuream
1250 2914 1355 2971 dixerat
1368 2922 1434 2970 Atto
1448 2914 1614 2987 intelligens,

123 3026 249 3078 ascenso,
267 3025 332 3065 cum
371 3010 512 3081 capellano
548 3018 576 3065 et
596 3009 709 3066 famulis
727 3008 764 3067 ad
818 3010 927 3075 turrim,
940 3007 1086 3066 obsidione
1098 3008 1224 3076 durante,
1249 3006 1369 3080 emplius
1394 3022 1451 3063 non
1463 3006 1614 3075 descendit,

116 3104 237 3175 perrexit,
263 3118 348 3175 quam
370 3102 398 3157 in
422 3102 491 3159 silva
529 3102 670 3174 reperiens
693 3118 759 3159 cum
816 3103 881 3160 utile
906 3102 959 3159 sibi
981 3101 1137 3174 exemplum
1158 3115 1309 3157 reservans.
1332 3101 1402 3156 Dum
1434 3115 1497 3156 vero
1526 3098 1615 3157 tribus

126 3195 160 3252 ad
175 3198 325 3252 canossam
356 3211 419 3252 eam
445 3195 583 3267 perduxit.
610 3197 678 3252 Post
698 3194 759 3252 haec
813 3195 893 3252 annis
905 3204 933 3252 et
946 3195 1088 3252 mensibus
1099 3209 1146 3250 ser
1171 3192 1243 3266 apud
1267 3195 1421 3252 canossam
1441 3192 1615 3266 perdurasset

116 3289 138 3347 ld
153 3305 250 3361 llapam
264 3290 402 3345 loannem
426 3289 540 3345 nomine
561 3288 759 3346 duodecimum
813 3287 921 3345 obsidio
945 3285 1076 3355 crudelis,
1104 3290 1171 3343 Atto
1195 3286 1279 3344 taedio
1304 3285 1433 3353 effeoms,
1452 3285 1613 3359 imperatori

116 3383 194 3456 hujus
223 3383 264 3439 rei
288 3382 397 3449 direxit,
435 3382 594 3455 supplicans
610 3381 660 3438 sibi
678 3396 760 3455 super
814 3380 922 3454 scripsit
936 3379 1030 3438 Obonl
1040 3388 1071 3436 nt
1083 3379 1273 3453 promissionis
1287 3379 1355 3435 olim
1366 3378 1418 3435 sibi
1442 3377 1530 3448 facta,
1544 3377 1614 3435 dum

116 3492 185 3533 num
194 3475 315 3547 impendi
329 3475 487 3531 consilium.
503 3474 672 3531 Deliberavit
684 3475 759 3531 enim
813 3475 851 3530 illi
871 3473 1030 3532 Adeleidem
1039 3472 1178 3545 copulavit
1190 3471 1314 3544 reginam
1336 3487 1394 3528 non
1416 3471 1576 3539 immemor,
1587 3472 1613 3529 ei

116 3569 276 3641 ram-ipsam
298 3566 456 3640 imperatori
474 3566 585 3636 ottoni,
613 3575 679 3623 tunc
696 3567 759 3623 hle·
813 3582 955 3624 accsurere
969 3566 1071 3624 auxilio
1089 3581 1146 3621 nou
1160 3563 1294 3622 differret.
1311 3566 1378 3622 Otto
1392 3563 1476 3637 ig‘tur
1497 3564 1613 3621 collecto

116 3661 158 3733 gi,
180 3662 210 3717 in
235 3661 393 3734 coniugium
421 3659 563 3731 copulare.
596 3662 667 3731 Papa
693 3674 759 3716 vero
812 3668 984 3718 armatorum
995 3659 1158 3716 mercium
1172 3673 1272 3732 agrum
1284 3660 1471 3715 veronensem
1491 3657 1611 3728 advenit,

116 3753 247 3827 mequod
273 3761 394 3826 gesserat
421 3757 500 3820 Atto,
529 3750 670 3808 mandavit
683 3752 707 3809 ei
728 3761 760 3807 ut
812 3753 971 3827 Padumque
982 3754 1129 3819 transiens,
1150 3767 1214 3810 oum
1229 3751 1395 3825 Berengario
1417 3759 1511 3824 aperto
1522 3759 1612 3808 marte

116 3847 184 3920 igino
197 3855 389 3919 proposuerat,
415 3846 563 3902 salubriter
577 3845 755 3918 adimpleret.
811 3855 888 3920 parat
905 3847 1061 3921 confligere.
1088 3846 1167 3917 Quod
1182 3845 1296 3902 audiens
1319 3845 1500 3918 berengarius
1519 3844 1612 3902 statim

116 3956 149 4000 u.
176 3939 313 4011 pontilicis
332 3939 441 4011 cognita
464 3939 615 4005 voluntate,
636 3938 757 4011 reginam
812 3941 847 3998 ab
866 3940 1009 4001 obsidione
1029 3938 1154 3997 decessit.
1171 3938 1221 3996 Cui
1235 3939 1265 3994 in
1284 3923 1371 3994 ¹l>rato
1383 3939 1508 3995 Fontano
1522 3938 1611 4011 impe-

116 4033 158 4090 >ni
175 4035 313 4091 Veronam
337 4032 455 4088 venienti
468 4031 544 4088 dedit
556 4032 585 4087 in
599 4031 756 4105 conjugem.
812 4044 889 4091 rator
904 4033 1003 4091 obvius
1016 4032 1107 4090 factus
1129 4032 1223 4106 grandi
1245 4032 1340 4089 subito
1365 4040 1462 4088 exorto
1477 4030 1608 4097 clamore,

139 4142 187 4184 rex
207 4125 306 4183 anoni
324 4125 443 4181 maxima
470 4139 518 4198 per
548 4122 607 4180 baec
631 4125 758 4196 promisit
813 4129 884 4186 inter
898 4127 1093 4200 berengarium
1111 4134 1140 4183 et
1154 4128 1287 4184 ottonem
1298 4121 1384 4182 initur
1401 4125 1537 4198 praelium.
1556 4127 1611 4182 Pu·

813 4229 912 4294 guntur
933 4220 1033 4276 acriter
1048 4220 1202 4292 euinque:
1225 4220 1305 4276 multi
1332 4228 1427 4275 tamen
1449 4218 1512 4275 caesi
1534 4227 1609 4285 suut,

263 4313 387 4371 CAPUT
418 4316 454 4370 ll.
813 4313 945 4385 multique
959 4312 1071 4368 mortui.
1085 4312 1240 4383 berengarii
1254 4311 1388 4368 exercitus
1419 4320 1495 4385 terga
1511 4311 1606 4374 vertit:

116 4418 180 4472 >otor
193 4418 223 4472 in
237 4416 373 4470 cundiam
386 4417 460 4470 uenit
472 4417 569 4472 Attene·
593 4416 624 4469 in
640 4416 759 4470 eanossa
812 4404 933 4478 dumque
952 4404 1088 4478 fugientes
1102 4402 1305 4477 Longobardos
1319 4404 1465 4461 Alemanni
1479 4405 1608 4475 inseque-
1717 4438 1722 4455 ι

120 4488 233 4555 θόΰθῑΰθ,
248 4491 274 4542 fi
285 4488 464 4556 berengerius
478 4489 595 4557 cnpltur.
772 4508 798 4570 Β
812 4508 918 4568 rentur,
931 4498 1110 4572 berengarius
1123 4498 1240 4570 capitur,
1251 4505 1279 4553 et
1298 4496 1394 4554 ottoni
1414 4502 1607 4568 presentatum

127 4594 198 4651 dum
212 4610 241 4650 se
256 4593 399 4660 haberent,
410 4594 502 4650 omnia
512 4593 755 4666 prorsuslatebant
808 4609 890 4668 quem
907 4593 1031 4650 vinctum
1054 4591 1244 4664 compedibus,
1268 4589 1361 4663 quoad
1375 4589 1456 4656 vixit,
1469 4588 1607 4663 captivum

116 4703 158 4743 rm
177 4703 281 4760 regem.
300 4689 471 4759 Cognoverat
494 4703 560 4743 sane
574 4686 692 4743 evasisse
713 4702 754 4742 re·
808 4687 931 4745 retinuit.

116 4780 138 4839 d
163 4797 218 4854 quo
249 4779 411 4851 aufugisset,
433 4778 532 4853 quidve
567 4779 676 4852 egisset,
698 4787 756 4835 erat
1110 4779 1232 4836 CAPUT
1249 4779 1299 4833 lll.

116 4872 205 4930 iudito
227 4883 319 4930 autem
343 4873 455 4930 Ottouis
469 4873 541 4946 regis
562 4871 680 4930 adventu
700 4874 752 4929 Ve·
812 4885 957 4955 pepraezio
971 4880 1607 4949 imperatoremm,repmlealtoe,et1,qppp.

116 4981 265 5038 uaecunque
275 4965 309 5022 de
320 4966 413 5039 regina
427 4982 492 5023 eum
516 4981 549 5022 eo
568 4974 660 5039 egerat
677 4969 754 5031 Atto,
948 4953 1045 5024 ptum,
1059 4954 1165 5010 Olmii
1180 4953 1354 5025 imilffsswfi‘s
1365 4953 1462 5022 tilium.

115 5060 230 5117 rendens
251 5059 406 5117 coadunato
421 5060 539 5116 exercitu
553 5061 629 5116 veuit
651 5061 756 5117 Canos-
846 5062 911 5116 Post
930 5059 991 5117 baec
1000 5057 1167 5116 Adalbertus
1192 5056 1348 5130 uerengarii
1367 5056 1441 5114 filins
1464 5060 1606 5131 aLongo-

116 5168 158 5225 {uc
182 5152 325 5210 obsidione
339 5152 454 5209 vallavit.
481 5153 534 5211 Sed
547 5157 614 5209 Atto
637 5153 756 5225 prudeus
809 5152 903 5209 bardis
926 5152 1091 5209 sublimatur
1115 5150 1143 5206 in
1166 5165 1272 5221 regern.
1292 5150 1345 5207 Hic
1368 5151 1454 5207 armis
1478 5159 1606 5207 strennus

116 5262 144 5312 ts,
166 5246 311 5318 oppidum,
326 5246 410 5302 etiam
436 5246 487 5302 loci
514 5255 613 5303 nature
636 5245 755 5303 fortissi·
810 5248 996 5318 pacemlcum
1023 5245 1126 5301 Ottone
1151 5258 1294 5315 utinquam
1322 5243 1418 5300 voluit.
1449 5248 1514 5299 Atto
1541 5259 1605 5300 vero

116 5339 227 5395 essariis
241 5338 398 5411 quibusque
416 5339 560 5395 munierat.
576 5341 648 5396 Suos
675 5339 756 5412 igitur
809 5355 891 5413 sagax
901 5338 1023 5411 ingenio,
1035 5346 1063 5396 et
1076 5337 1169 5394 animo
1190 5335 1288 5406 fidens,
1300 5340 1451 5394 &nouum
1472 5334 1606 5408 oppidum

116 5433 213 5490 ionem
251 5431 343 5489 solum
381 5431 577 5489 cohortabatur
621 5432 757 5504 intrepide
809 5430 970 5488 necessariis
994 5428 1123 5487 munivit.
1147 5429 1314 5486 edelbertus
1327 5443 1437 5500 quoque
1456 5444 1503 5484 rer
1527 5429 1606 5502 oppi-

117 5542 151 5582 ex
164 5524 345 5598 Berengarins
359 5530 480 5582 castrum
492 5524 637 5582 obsessum
661 5524 756 5582 multis
810 5524 877 5581 dum
900 5524 989 5595 ipsum
1004 5521 1122 5580 obsedit.
1147 5525 1276 5596 Dumque
1296 5520 1434 5576 mensibus
1446 5520 1561 5594 triginta
1577 5523 1608 5580 in

116 5618 237 5676 nachinis
261 5620 416 5690 impeteret,
450 5619 556 5675 excelsa
579 5626 672 5675 tamen
699 5619 757 5689 eius
810 5614 954 5674 obsidione
972 5615 1128 5686 mansisset,
1142 5619 1210 5672 Atto
1228 5610 1367 5672 adalberti
1381 5613 1461 5698 'regis
1479 5615 1606 5673 animum

116 5711 196 5785 iringi
209 5710 565 5785 nonpoterant.lnterhrec
579 5719 758 5767 consueverat
810 5708 941 5766 adversus
974 5708 1124 5766 residens
1165 5709 1345 5779 pertinetem,
1399 5720 1510 5763 rursum
1529 5707 1606 5765 misit

126 5810 194 5863 Atto
221 5804 256 5862 de
287 5804 359 5862 tirrri
394 5804 506 5871 eucelsa¹
531 5804 706 5874 descendere,
728 5813 757 5861 et
812 5803 924 5871 ottoni,
939 5811 972 5860 nt
985 5802 1165 5876 eiussperato
1180 5801 1236 5860 sibi
1257 5796 1380 5858 subsidio
1394 5813 1452 5855 non
1466 5798 1605 5875 dedciens,
