3870 6164
152 90 215 155 too·
699 102 799 165 unos
816 106 985 178 ouranos.
1002 138 1039 153 -
1056 110 1161 169 sensa.
1179 111 1258 170 ιιιι.
1520 78 1523 82 ’
1749 122 1804 179 ιιι
1850 118 1853 123 ·

149 222 232 281 Petri
244 224 437 299 apostolorum
446 226 580 303 principis
590 229 665 299 iecit,
678 246 815 304 occupem
828 248 886 290 non
899 234 950 292 de·
964 240 992 305 A
1004 252 1106 295 samen
1115 236 1259 294 videamur
1270 236 1380 297 inferre.
1388 240 1462 298 Nem
1472 238 1544 299 sicut
1553 250 1658 301 uncte
1664 244 1802 304 Romanae

149 317 242 377 sierit.
258 320 361 377 Verum
375 322 508 395 quoniam
528 325 677 385 Ecclesiam
691 326 768 385 illam
784 329 950 388 canonicam
1002 340 1032 387 et
1044 331 1203 405 apostolicas²
1226 332 1354 391 Ecclesia
1369 333 1427 403 iura
1445 342 1474 390 et
1494 333 1639 409 dignitates
1653 354 1718 396 suas
1731 355 1801 398 con-

146 411 318 470 electionem
339 416 370 473 in
393 416 515 489 aliquam
540 419 671 478 idoneam
692 427 840 494 personam
859 423 950 481 lacere
1002 428 1103 482 servari
1116 426 1254 498 cupimus,
1269 427 1307 484 ita
1321 436 1350 482 et
1364 428 1496 485 membris
1512 431 1582 501 eius,
1611 432 1737 491 videlicet
1751 451 1802 493 em·

145 506 363 573 admonuimus,
377 510 560 569 admonemus
569 523 597 569 et
611 530 660 570 vos
675 524 707 572 ut
719 516 809 574 eidem
824 518 949 575 electioni
1001 520 1070 574 teris
1086 520 1222 589 Ecclesiis,
1237 536 1270 576 ex
1285 520 1367 593 hujus
1388 521 1560 593 providentia
1582 533 1619 581 et·
1634 529 1800 586 auctoritate

145 616 218 658 eam
242 618 328 675 quam
348 612 467 676 oportet.
492 615 541 663 aut
560 624 609 680 per
629 624 678 666 vos
698 619 748 668 aut
765 628 813 683 per
833 611 949 670 idoneos
1002 621 1129 685 oportere
1151 612 1348 685 dignissimum
1371 630 1431 672 esse
1445 617 1649 689 perpendimus.
1670 622 1797 693 Quapro-

144 695 268 752 nuntios
282 706 396 765 vestros,
415 696 587 773 diligentiam
602 700 774 774 adhibentes,
789 722 872 779 quem
891 708 948 763 ele·
1001 715 1062 779 pter
1077 706 1228 779 apostolica
1241 723 1289 763 vos
1298 708 1462 765 austeritate
1469 725 1627 783 monemus,
1634 722 1716 787 atque
1725 730 1795 788 prae·

144 797 231 847 mum
243 791 377 849 canonice
389 794 586 866 cognoveritis,
601 805 628 854 et
640 814 739 857 manus
753 800 904 873 imponere,
921 808 950 857 et
1000 799 1130 871 cipimus,
1154 809 1185 855 ut
1207 800 1242 858 ad
1263 800 1467 859 discutiendam
1493 819 1605 860 causam
1624 806 1704 863 istam
1729 824 1796 865 oon·

146 884 181 942 in
192 884 355 958 episcopum
369 902 539 955 consecrare,
554 892 630 948 nulla
649 895 795 951 ooeasiono
807 896 948 963 recusetis,
1000 890 1079 950 fratri
1093 903 1188 951 nostro
1201 895 1312 969 Hugoni
1332 894 1478 952 venerabili
1498 897 1594 953 Diansi
1610 900 1736 972 epicopo,
1751 902 1795 960 cui

141 978 270 1035 mentes
295 979 427 1051 quoniam
446 981 470 1038 si
484 983 551 1040 illud
571 985 674 1043 timore
687 996 736 1044 aut
749 988 838 1062 maha
853 989 947 1062 cujus·
1001 993 1029 1042 ot
1052 987 1139 1044 vicem
1159 996 1284 1045 nostram
1299 988 1327 1044 in
1347 988 1408 1044 aliis
1422 989 1621 1056 commisimus,
1643 991 1701 1050 sine
1714 995 1793 1051 omni

138 1087 235 1145 mam
250 1074 495 1145 praetermiseritis,
504 1087 660 1136 nostamen
675 1081 866 1140 inordinatum
882 1100 946 1141 eum
1000 1081 1226 1137 contradictionis
1239 1097 1316 1137 mora
1329 1098 1378 1137 ros
1393 1084 1605 1154 repraesentetis,
1615 1094 1644 1141 et
1657 1086 1791 1160 quidquid

138 1165 312 1223 mullatenus
325 1167 523 1241 relinquemus,
536 1181 565 1227 et
578 1174 629 1229 'vos
643 1189 676 1229 eo
693 1175 799 1231 honore
812 1185 840 1232 et
854 1175 946 1248 digni·
1000 1174 1059 1245 ipse
1073 1190 1154 1246 super
1173 1175 1227 1231 hac
1241 1190 1270 1231 re
1281 1175 1389 1247 justum
1403 1173 1463 1232 iore
1483 1176 1636 1247 providerit
1658 1186 1741 1251 atque
1751 1181 1795 1252 ju·

138 1266 219 1327 tate,
244 1274 329 1332 quam
352 1261 513 1335 ignobiliter
537 1263 662 1323 deserere
690 1283 747 1324 nou
773 1270 945 1338 erubescitis,
998 1265 1137 1335 dicaverit,
1153 1267 1313 1324 obedienter
1334 1270 1447 1340 exsequi
1460 1270 1615 1327 nullatenus
1629 1272 1797 1344 praetermit-

134 1350 281 1427 deinceps
305 1354 434 1429 indignos
462 1357 521 1415 iore
544 1359 743 1432 judicabimus.
770 1363 946 1436 Pracipimus
998 1362 1076 1427 latim
1102 1361 1260 1418 exhibentes
1285 1361 1366 1417 etiam
1392 1363 1480 1419 vosin
1494 1365 1568 1419 omni
1588 1364 1744 1422 ohedientia
1768 1373 1798 1422 et

135 1446 234 1505 etiam
252 1446 345 1504 divina
364 1450 472 1521 justitia
497 1460 525 1508 et
549 1455 700 1526 apostolica
727 1458 891 1514 auctoritate
913 1466 946 1516 ut
999 1452 1253 1511 humilitateeidem
1267 1454 1629 1529 vicarionostroetpraelato
1644 1457 1794 1515 Viennensi

135 1540 282 1598 eumdem
298 1543 454 1602 Robertum
467 1554 496 1602 et
509 1545 622 1605 fratrem
637 1548 695 1620 ejus
707 1550 856 1622 Hugonem
871 1568 946 1608 com·
998 1547 1214 1620 arolxiepisoopo,
1235 1546 1270 1603 ad
1289 1546 1514 1605 satisfaciendum
1533 1564 1616 1621 super
1634 1548 1677 1605 bis
1695 1550 1796 1623 quibus
1813 1564 1825 1583 ⁸

136 1635 288 1693 moneatis
302 1645 439 1708 quatenus
455 1639 578 1711 praeiatae
593 1644 757 1700 carnotensi
773 1645 905 1703 Eootosiaa
916 1655 944 1704 ot
999 1656 1048 1697 voe
1068 1640 1297 1713 reprehensibiles
1316 1648 1343 1696 et
1363 1641 1462 1698 merito
1482 1642 1660 1714 corrigendos
1673 1643 1793 1716 appella-

141 1728 258 1785 clericis
272 1729 340 1802 ejus,
361 1747 425 1803 quae
443 1733 589 1802 abstulere,
609 1738 726 1793 omnino
739 1739 895 1808 restituant,
917 1750 945 1797 et
998 1734 1098 1789 lerini·
1114 1734 1211 1791 Vidttl
1227 1750 1291 1807 ⁰¹⁹ss⁰
1312 1751 1396 1806 (luam
1420 1735 1532 1791 illimis
1550 1737 1663 1794 ³⁰¹¹lbll⁸
1685 1745 1713 1792 ⁰¹
1726 1737 1794 1794 οὗθ’

138 1821 277 1896 deinceps
289 1824 395 1882 nullam
414 1828 454 1882 eis
467 1828 633 1899 iniustitiam
647 1829 738 1888 facere
756 1844 939 1904 praesnmam,
997 1824 1136 1884 dientibus
1148 1828 1248 1884 animis
1257 1844 1309 1884 nos
1319 1828 1349 1883 in
1362 1828 1406 1884 his
1416 1829 1546 1884 omnibus
1556 1828 1690 1898 audiatis,
1704 1831 1794 1887 scicn-

139 1915 227 1986 Quod
241 1918 267 1974 si
281 1916 352 1975 inira
368 1926 424 1975 tros
435 1919 624 1980 hebdomadas
638 1934 784 1997 postquam
799 1926 870 1983 hano
883 1930 944 2000 opi.
994 1928 1037 1977 tes
1055 1921 1187 1993 quoniam
1207 1921 1232 1976 si
1245 1922 1337 1977 denuo
1353 1921 1388 1978 ad
1403 1938 1455 1978 nos
1478 1930 1577 1979 vestrae
1595 1922 1794 1982 inobedientiae

136 2009 248 2066 stolam
269 2010 394 2068 videritis
415 2012 564 2086 adimplere
578 2021 784 2091 contempserit,
807 2037 894 2093 usquo
908 2024 943 2079 od
996 2023 1025 2071 et
1038 2015 1193 2070 temerariae
1213 2014 1401 2071 resultationis
1419 2015 1591 2071 contumacia
1614 2018 1715 2088 perlata
1730 2014 1795 2074 iue-

135 2101 262 2176 ‹lignam
283 2104 501 2164 satisfactionem
525 2116 554 2164 et
567 2110 788 2170 emendationem
807 2130 856 2171 eos
873 2131 888 2172 a
907 2117 943 2172 li·
995 2108 1042 2175 til,
1057 2108 1174 2164 inultam
1194 2124 1257 2165 eam
1277 2117 1305 2165 θῑ
1319 2107 1458 2181 001ὶᾶῑὸΠᾶ
1470 2125 1549 2165 sel&
1549 2109 1614 2166 1¹⁴²oe
1627 2110 1792 2181 impunitam

142 2196 271 2252 minibus
289 2198 412 2255 ooolooiae
432 2200 518 2258 voluti
541 2211 667 2275 raptores
686 2213 714 2261 m
727 2209 874 2283 sacrilegos
893 2226 941 2266 ox.
996 2203 1154 2259 nullatenus
1167 2202 1318 2274 apostolica
1329 2202 1516 2259 dissimulabit
1529 2202 1689 2273 auctoritas,
1711 2212 1740 2260 et
1752 2204 1793 2260 in·

142 2290 307 2347 terminate.
995 2296 1080 2352 troitu
1098 2295 1219 2353 ecclesiae
1232 2304 1329 2353 vostrae
1344 2295 1476 2352 omnibus
1494 2296 1652 2353 hominibus
1664 2300 1791 2369 praesenti

181 2386 254 2441 Data
266 2385 433 2457 carpinetae,
446 2398 546 2460 quarto
559 2394 655 2448 Nonas
667 2395 773 2463 Martii,
789 2396 942 2457 indictione
996 2390 1161 2445 auctoritate
1175 2390 1327 2461 imbibit&
1341 2406 1403 2446 ⁰⁸¹ss
1416 2389 1498 2446 eslim
1516 2406 1601 2464 (luam
1620 2392 1727 2464 praeiati
1738 2390 1794 2448 fla·

140 2476 373 2552 decimaquinta.
995 2490 1051 2539 tres
1072 2482 1159 2539 nostri
1183 2482 1298 2538 ultionis
1316 2481 1344 2537 in
1371 2498 1418 2538 eos
1432 2484 1598 2540 sententiam
1617 2493 1645 2540 et
1654 2483 1792 2557 judicium

403 2594 581 2653 Epfflom
596 2598 675 2654 XVI·
995 2559 1179 2642 exercuerint,
1193 2576 1349 2649 perurgenti
1366 2575 1393 2631 in
1405 2591 1452 2631 vos
1468 2574 1642 2633 districtione
1656 2587 1746 2634 ratttm
1760 2594 1792 2636 ac

328 2711 370 2755 tn
384 2712 758 2761 cnsarcosnoununnsss.
995 2669 1107 2726 firmum
1128 2683 1354 2725 ‘mmmm'
1431 2761 1464 2774 ,,

1031 2761 1314 2834 Datnapudcnstrum
1325 2759 1790 2835 quoddictturcnrpum,xanal.

459 2806 625 2859 Annolult.
1118 2857 1124 2869 ι
1169 2857 1175 2869 .
1206 2857 1211 2869 ι

145 2901 263 2959 &lotam
281 2909 308 2961 oe
322 2801 528 2961 magonem
556 2808 685 2977 ,anqgam
708 2913 941 2968 emmunim
994 2858 1109 2931 Aprilis,
1117 2856 1267 2914 indictione
1276 2872 1329 2915 xv.

178 2976 234 3031 illis
246 2991 302 3031 non
314 2978 410 3031 mittit.
426 2979 597 3047 Proempdm
608 2994 698 3035 coram
712 2982 808 3037 Dienst'
817 2986 939 3055 epiisoopo
957 3021 980 3086 c
1251 2969 1427 3026 EPISTOLA
1442 2970 1530 3025 XVll·

179 3051 363 3115 compereunt,
383 3052 417 3104 ul
433 3048 599 3104 discutiatur
612 3064 695 3107 occiso
710 3068 770 3122 quie
781 3056 853 3109 ahter
867 3059 939 3126 ipsos
1117 3091 1158 3133 A„
1167 3089 1356 3133 mmm
1369 3090 1473 3132 mm
1485 3088 1663 3134 mmm

179 3124 202 3201 et
217 3120 396 3175 Viennensem
407 3120 634 3190 archiepiscopum
645 3123 678 3177 dc
691 3123 881 3193 jurisdictione
892 3143 938 3182 cu.

175 3190 288 3261 jusdem
313 3191 364 3245 loci
383 3191 548 3253 venabatur,
575 3194 651 3262 mpero
669 3210 779 3249 necnon
796 3197 940 3253 Viennensi
1295 3180 1485 3245 (Assfl01077l

179 3264 298 3347 episcopo
312 3264 342 3315 io
353 3263 474 3317 omnihus
485 3263 656 3348 obsequentior
670 3280 699 3350 se
717 3266 875 3335 cohibeant,
891 3271 938 3325 sin
993 3279 1114 3336 comam
1136 3279 1255 3337 patmos,
1276 3282 1393 3352 episcopa
1419 3287 1529 3353 mo„
1551 3281 1609 3353 ,jug
1634 3282 1734 3338 saepem
1753 3282 1788 3336 ag

177 3348 279 3391 mm·
289 3347 381 3389 mm
390 3339 582 3419 mmmm
593 3342 756 3405 impunitam
768 3352 795 3392 ⁸⁰
805 3354 859 3393 '¹⁰⁷⁸
870 3356 938 3413 PM·
1027 3355 1181 3424 episcopatu
1189 3354 1266 3423 ejecti
1273 3354 1316 3407 ito
1329 3356 1475 3407 tractatum
1484 3354 1579 3420 subse,
1592 3359 1624 3408 ut
1635 3355 1789 3408 dementius

177 3408 507 3461 mm‘mfflmm‘nfl‘u'·
1028 3426 1298 3494 hoctorioocposse
1313 3424 1460 3479 viduetur.
1479 3424 1547 3494 Ejus
1562 3428 1653 3480 tameo
1663 3425 1789 3495 procidite

177 3518 358 3577 haimarus
370 3518 526 3592 episcopus,
538 3535 633 3577 servus
646 3536 790 3580 serrorum
802 3524 866 3594 Dei,
879 3526 938 3581 lto-
1026 3493 1788 3637 gigalahaim?inqhthhassmitzssmffizmoult„-

147 3612 321 3669 ”mm
331 3612 448 3669 dmm·
1027 3640 1212 3707 acquieturum
1233 3652 1286 3692 oon
1304 3637 1421 3691 dubitat.
1441 3637 1486 3693 tu
1499 3636 1557 3707 ejats
1569 3638 1682 3708 plocium
1697 3651 1787 3707 sepo·

178 3704 387 3781 Quodsalutem
398 3714 425 3763 et
436 3707 616 3779 apostolicam
626 3707 845 3767 benedictionem
858 3712 938 3767 robis
1027 3714 1119 3764 rutum
1141 3708 1272 3773 ostendit3
1287 3712 1382 3763 cetero
1396 3707 1515 3765 lieberto
1524 3709 1611 3778 lepoto
1625 3710 1787 3764 minmort-

145 3814 176 3856 ex
194 3814 275 3857 mora
288 3814 345 3856 non
366 3799 517 3867 mittimus,
541 3809 653 3873 pmpter
670 3804 937 3861 excommunicatio·
1026 3782 1102 3837 (ΜΒ
1117 3780 1257 3841 ‘mmmm’
1272 3780 1407 3850 cumdem
1419 3779 1557 3834 adhibeat

143 3908 217 3959 nem,
231 3908 320 3964 quam
334 3908 386 3965 pro
401 3892 491 3964 culpis
503 3894 600 3950 remus
612 3894 753 3952 incurrere
768 3912 826 3953 non
838 3898 936 3954 timui·
1026 3892 1198 3949 Gneoonrus
1207 3890 1363 3963 episcopus,
1375 3904 1469 3945 sersus
1476 3904 1620 3947 servorum
1631 3890 1786 3959 Dei,W1n·

143 3986 199 4053 stis,
221 3986 294 4043 rictu
314 4000 392 4044 sacra
415 3987 545 4058 precepit
570 3987 730 4052 auctoritas,
745 3991 937 4060 preetermitti-
990 3999 1073 4042 ussto
1093 3984 1149 4057 regi
1174 3983 1341 4055 anglorum,
1367 3982 1487 4040 salutem
1500 3990 1528 4039 et
1540 3984 1717 4056 apostolicam
1734 3982 1787 4041 he-

143 4092 212 4137 mns.
235 4078 362 4136 Scrilxere
383 4088 478 4136 tamen
491 4079 567 4136 vobis
590 4089 618 4137 et
631 4079 784 4137 admonere
797 4097 880 4154 super
894 4083 937 4139 his
990 4077 1189 4135 nedictionem.

143 4186 200 4244 eptae
213 4172 252 4231 ad
264 4172 466 4230 correctionem
486 4181 608 4230 vestram
623 4174 771 4245 pertinent,
796 4176 854 4247 ipsa
869 4192 936 4248 apo·
1025 4171 1145 4227 Causam
1159 4168 1297 4226 undenos
1315 4168 1342 4225 iu
1362 4168 1462 4226 litteris
1484 4170 1579 4226 vestris
1602 4171 1730 4243 rogastis,
1746 4172 1785 4228 ita

142 4265 234 4323 dolica
266 4265 431 4338 [apostolici]
459 4266 659 4323 moderaminis
692 4269 877 4326 mansuetudo
909 4278 937 4326 et
986 4264 1048 4337 J'am
1070 4262 1105 4321 ad
1136 4271 1291 4320 extremum
1312 4261 1460 4319 deductam
1479 4277 1538 4319 esse
1561 4263 1731 4334 putarimus,
1755 4272 1787 4322 ut

142 4366 271 4416 consueta
291 4360 408 4431 pietass
431 4359 513 4416 nohis
537 4360 632 4432 exigit.
661 4362 845 4433 Conqueritur
860 4363 934 4419 enim
950 4396 976 4458 D
992 4357 1061 4414 nibil
1073 4358 1103 4413 in
1113 4373 1145 4414 ea
1160 4356 1235 4430 quod
1245 4354 1362 4413 ulterius
1374 4355 1582 4412 retractandum
1594 4363 1666 4412 esset
1679 4364 1785 4414 restare

142 4454 285 4512 adversum
300 4470 350 4512 vos
369 4454 506 4512 confrater
518 4465 613 4511 noster
628 4456 820 4513 Wormundus
839 4460 936 4526 [Wor-
992 4451 1139 4507 videretur.
1158 4453 1308 4507 Nemeum
1323 4449 1353 4506 in
1371 4448 1485 4505 Doltnli
1498 4449 1611 4506 eeclesia
1626 4449 1785 4522 episcopum

142 4547 849 4621 mandusl,venerabilisViennensisarcbiepiscopus
861 4550 936 4623 quod
990 4544 1188 4611 ordinavimus,
1201 4544 1241 4600 ita
1255 4543 1329 4600 hunc
1342 4558 1393 4616 pro
1406 4557 1462 4614 quo
1475 4541 1634 4600 excellentia
1646 4552 1736 4601 vestra
1746 4544 1786 4601 in-

141 4642 324 4713 cientiquam
335 4639 458 4698 debitam
477 4650 643 4714 potestatem
656 4642 708 4698 loci
727 4643 809 4698 vestri
822 4651 937 4701 contra·
989 4639 1106 4695 terrenit
1120 4637 1155 4694 ad
1174 4636 1356 4710 dejectionem
1372 4652 1499 4695 suamet
1520 4637 1639 4710 propriis
1655 4637 1786 4695 iocinori-

140 4734 230 4793 dlcere
246 4735 487 4807 prassummeritis,
509 4750 594 4807 quam
608 4736 643 4792 ab
656 4736 736 4792 initio
754 4736 856 4808 proprii
866 4737 936 4810 juris
989 4732 1052 4799 bus,
1066 4740 1095 4787 et
1106 4731 1141 4789 ad
1155 4730 1284 4787 ultimum
1297 4746 1329 4787 ex
1344 4730 1528 4789 inobedentia
1545 4746 1575 4789 se
1596 4732 1784 4805 praecipitesse

140 4828 308 4886 Viennensis
324 4828 453 4886 eoeleste
465 4828 614 4898 exstitisse,
626 4837 655 4885 et
669 4829 802 4886 hactenus
813 4829 864 4886 sub
879 4830 935 4887 dis·
989 4841 1045 4882 non
1060 4825 1153 4883 solum
1170 4840 1218 4898 per
1231 4825 1344 4881 clericos
1366 4835 1393 4881 et
1410 4825 1554 4899 religiosas
1569 4841 1699 4898 personas
1713 4824 1785 4882 illius

139 4922 279 4995 positione
294 4938 410 4978 suorum
431 4930 636 4979 antecessorum
651 4921 734 4979 inisse
753 4938 811 4979 non
825 4923 936 4995 ignora-
989 4919 1129 4989 Ecclesiae,
1140 4919 1187 4975 sed
1200 4919 1281 4975 etiam
1294 4934 1343 4990 per
1355 4919 1475 4992 legatum
1487 4930 1613 4976 nostrum
1627 4922 1783 4977 leuzonem

138 5016 186 5083 tit,
203 5015 426 5073 indicansetiam
446 5030 494 5072 ros
511 5014 582 5072 benc
595 5015 802 5073 contradicendi
822 5016 873 5073 sibi
888 5033 934 5073 oc·
990 5013 1170 5079 monachum,
1186 5012 1416 5081 intellexeramus,
1438 5021 1470 5070 ut
1484 5015 1571 5086 magis
1592 5013 1645 5069 sibi
1659 5011 1693 5070 de
1705 5013 1786 5071 malis

137 5109 280 5167 adonem
300 5108 524 5166 irrationabiliter
541 5117 570 5165 et
593 5109 693 5166 callide
708 5109 888 5181 pretendere,
903 5118 935 5166 ut
989 5106 1020 5163 in
1034 5106 1186 5163 Ecclesiam
1198 5108 1356 5163 commissis
1365 5116 1393 5164 et
1403 5108 1611 5181 corruptissima
1626 5108 1680 5162 vita
1692 5122 1742 5163 sun
1755 5107 1785 5163 ti·

136 5202 213 5261 'ulem
227 5203 305 5259 lotxrs
323 5202 393 5275 juris
414 5203 442 5260 S.
456 5201 528 5260 Petri
543 5209 572 5259 et
589 5201 642 5260 sub
656 5202 715 5275 ejus
730 5202 866 5268 dominio,
887 5218 935 5261 ne·
989 5198 1121 5257 mendum
1147 5208 1176 5255 et
1197 5198 1396 5273 plangendum,
1410 5216 1495 5273 quam
1513 5216 1563 5273 pro
1577 5200 1785 5272 recuperatione

135 5296 197 5355 seio
214 5295 316 5369 quibus
328 5295 488 5354 auctoribus
500 5296 543 5354 vel
564 5295 796 5362 concessionibus,
810 5312 870 5353 esse
887 5296 934 5354 de·
989 5294 1164 5365 episcopatus
1175 5293 1413 5365 proclamandum,
1436 5303 1485 5351 aut
1507 5294 1658 5367 quidquam
1673 5308 1786 5366 speran-

134 5390 214 5449 beet.
236 5388 320 5448 Unde
345 5396 374 5446 et
393 5404 447 5446 nos
467 5404 580 5447 musam
601 5390 683 5446 istam
712 5390 801 5447 multo
828 5389 935 5446 cautius
989 5387 1057 5443 dum
1072 5385 1337 5458 lorejudicaremus.
1356 5393 1487 5445 Attamen
1506 5402 1543 5444 ne
1560 5386 1785 5458 deprecationem

136 5490 251 5557 oportet
262 5480 418 5553 attendere,
431 5490 462 5539 et
480 5484 599 5557 qualiter
610 5483 762 5540 rectissme
772 5482 935 5540 discutiatur
989 5488 1111 5538 vestram
1125 5479 1184 5536 sine
1197 5495 1230 5536 ea
1244 5496 1298 5553 qua
1311 5488 1420 5552 oportet
1434 5498 1500 5538 cura
1513 5489 1541 5538 et
1551 5480 1722 5552 benignitate
1735 5494 1785 5537 sue

134 5574 297 5653 providere,
319 5582 354 5632 ut
370 5590 424 5633 nec
439 5578 599 5649 spostolicae
620 5576 691 5646 sedi,
714 5591 766 5632 nec
788 5577 935 5635 Viennensi
990 5575 1107 5645 secuisse
1127 5572 1282 5644 videamur,
1302 5582 1339 5641 et,
1352 5574 1376 5629 si
1389 5573 1489 5647 aliquis
1504 5590 1551 5648 per
1563 5573 1783 5643 snumptionem
1829 5596 1900 5648 ,-

132 5667 272 5731 natata
281 5668 396 5745 alicujus
407 5669 613 5745 prejudicatus
626 5668 866 5728 incommoditatis
874 5685 937 5743 gra·
990 5669 1065 5742 quod
1078 5666 1296 5737 concredimus,
1311 5682 1365 5725 nos
1376 5664 1485 5739 lelellit,
1497 5668 1533 5726 ed
1545 5664 1744 5739 inquirendum
1757 5670 1787 5725 el
