3870 6164
150 271 202 326 879
486 322 493 355 Ι
651 268 697 323 ab
715 266 830 324 OPERA
848 266 876 322 S.
895 265 1057 322 naseoarl
1075 264 1293 322 arsenoitas.
1473 206 1486 229 ⁶
1748 267 1796 322 eso

149 408 208 449 non
223 391 301 458 latet,
320 399 349 449 et
368 391 515 464 scriptores
532 399 692 465 tempomm
710 407 768 449 non
789 399 943 449 tacuerunt.
958 394 985 459 Α
1035 394 1141 448 lnterea
1151 390 1273 447 lautores
1285 388 1410 445 Heinnci
1421 390 1458 445 lv
1471 388 1628 462 lloguntire
1636 388 1798 446 conbabmt

184 485 230 544 Ad
241 486 315 544 bunc
327 485 472 559 religionis
484 483 596 543 bostem
614 486 841 567 caerimoniaque
860 500 948 557 oppu-
1002 484 1148 542 concilium
1169 484 1252 557 isso).
1267 484 1330 553 Quo
1345 480 1517 555 praesidente,
1535 482 1589 556 ipsi
1610 481 1743 539 viderint.
1762 483 1797 541 lbi

148 587 300 653 guntersen,
310 577 722 653 obsuamtyrannidemapapa
731 580 947 637 Gsscosrovrr
1002 577 1167 636 schismatici
1175 587 1204 635 et
1215 576 1250 634 ab
1260 575 1382 634 Ecclesia
1394 576 1512 649 praecisi,
1523 591 1626 649 papam
1636 577 1795 650 Gregorius

149 672 415 731 excommunicatum
436 671 599 746 confugiunt
615 672 718 746 quibus
732 673 876 730 exhorruit
901 688 948 729 ca-
1001 671 1093 728 vimm
1115 671 1282 729 catholicum
1298 679 1326 728 ct
1344 674 1453 728 Patrem
1475 670 1672 737 universalem,
1694 671 1794 727 Patren

84 840 89 849 Ι
149 766 236 824 sutas
250 765 333 839 apud
346 765 430 824 talem
439 765 562 840 judicem
575 765 644 823 tales
655 774 829 823 accusatores
843 774 870 823 et
880 765 949 822 tales
1002 775 1103 838 negant
1111 767 1224 839 ejusque
1234 780 1364 838 sequaces
1376 763 1427 836 ipsi
1439 764 1563 822 damnati
1574 764 1731 822 damnant.
1744 767 1793 821 lle·

148 867 384 918 testesmerontur
402 858 582 928 audientiam,
594 867 624 916 et
633 860 693 916 viro
708 859 759 917 Dei
772 859 885 917 crinriua
897 858 947 915 dc·
1003 859 1097 916 liberat
1116 858 1201 915 iubis
1215 867 1308 930 pastor
1326 858 1457 916 Ecclesiae
1472 857 1536 915 urbi
1549 866 1577 914 et
1592 857 1682 914 armis
1696 857 1792 928 cedere,

147 955 267 1024 testanti,
290 953 406 1029 aitigunt
424 955 508 1026 [sorte
530 952 675 1027 affingunt]
701 953 830 1023 munina,
849 951 949 1026 quibus
1003 959 1068 1023 puto
1095 968 1284 1009 rememorans
1306 952 1457 1008 Salvatoris
1480 950 1631 1008 licentiam
1654 964 1712 1023 qua
1734 949 1793 1007 dixit

148 1063 212 1105 eum
226 1047 375 1120 pontidcali
388 1048 495 1105 bonore
515 1046 634 1105 credunt
646 1046 791 1105 devestire.
1001 1045 1144 1120 discipulis
1157 1046 1215 1103 siris
1229 1065 1236 1102 :
1253 1048 1285 1103 si
1293 1047 1429 1117 persecuti
1442 1060 1489 1102 eos
1501 1047 1609 1114 sperem
1623 1048 1654 1100 rie
1669 1061 1727 1101 uae
1739 1048 1792 1101 ciri·

184 1144 296 1199 Poterat
319 1142 360 1198 vir
382 1141 444 1211 iste,
469 1140 493 1197 si
507 1156 603 1198 coram
623 1140 763 1209 astitisset,
787 1139 946 1197 abbreviato
1002 1142 1169 1212 tarasioque
1182 1141 1429 1206 ieelinmllduttb.
1443 1144 1483 1208 v).

149 1234 234 1292 verbo
248 1233 424 1307 mpondisse
442 1250 493 1307 pro
505 1249 545 1304 se,
559 1249 615 1306 quo
627 1233 711 1291 etiam
729 1233 862 1306 magister
880 1250 947 1291 suus
1009 1288 1011 1292 ,
1037 1236 1098 1304 Quo
1111 1233 1195 1302 iacto,
1208 1232 1512 1306 wicbpertusquidam
1528 1232 1706 1303 (Guibertus,
1722 1248 1790 1306 psen-

150 1327 276 1387 Christus
302 1326 447 1403 respondit
459 1344 511 1402 pro
526 1343 579 1385 se:
599 1330 695 1399 opero.
715 1343 776 1398 quc
800 1343 845 1397 epo
864 1329 947 1397 samo,
1001 1326 1131 1400 dopapa),
1145 1328 1224 1401 cujus
1237 1329 1363 1385 lausnon
1377 1336 1419 1384 est
1432 1327 1461 1383 in
1473 1326 1640 1398 pontificum
1655 1327 1788 1399 Catalogo,

149 1424 328 1478 testimoniares
337 1421 725 1494 petilentdemelloom).
737 1419 801 1487 Sed,
819 1421 947 1477 labami-
1000 1422 1159 1494 apostolicae
1179 1420 1236 1479 sedi
1251 1419 1413 1478 intruditur.
1437 1420 1511 1492 Quid
1525 1420 1603 1490 dico,
1624 1421 1790 1477 sidruditsrl

151 1515 440 1586 lisrtejudiciumejus
459 1516 597 1572 solutum
614 1520 654 1572 est
681 1517 754 1583 (Act.
770 1518 856 1583 sisic
871 1512 945 1571 ailis-
1001 1514 1114 1588 Propria
1129 1515 1278 1572 ambitione
1292 1514 1407 1585 invadit,
1420 1513 1534 1571 anhelat
1546 1523 1577 1570 et
1592 1512 1788 1587 praeripiteb

149 1608 290 1666 mantibus
312 1607 483 1678 adversariis,
509 1617 543 1666 ut
574 1608 715 1683 mendam
742 1607 778 1665 de
803 1609 946 1666 salvatore
1002 1609 1066 1666 hinc
1088 1609 1143 1666 veri
1167 1617 1290 1681 pastores
1319 1608 1419 1681 ubique
1442 1616 1582 1666 terrarum
1608 1607 1725 1665 sedibus
1746 1609 1788 1665 σὺ

149 1701 253 1760 Judaeis
265 1719 273 1757 ε
286 1704 318 1761 Si
331 1719 384 1759 rico
401 1706 469 1759 esset
484 1705 528 1758 bic
545 1705 715 1771 metamor,
728 1703 846 1757 rmotibi
862 1702 946 1757 tredi-
1002 1703 1216 1775 proturbantur;
1241 1703 1429 1777 subrogantur
1463 1718 1526 1759 vero
1553 1700 1730 1759 schismatici
1756 1700 1787 1758 vti

147 1796 345 1854 dbtmuscum
354 1795 443 1869 (leon.
458 1801 563 1864 xviri).
577 1799 623 1865 Et,
636 1796 660 1853 si
674 1795 863 1868 respondisset
872 1794 946 1866 quod
963 1778 986 1842 fl
1001 1798 1161 1855 simoniaci.
1173 1799 1282 1854 Horum
1292 1795 1788 1870 etiamiecticnetltmannussgregs

148 1888 273 1948 Cbrisbrs
286 1890 430 1964 respondit
451 1890 511 1947 suis
529 1889 730 1961 lapidatoribus
747 1907 754 1944 ι
769 1891 862 1947 liutto
875 1890 946 1947 borio
1000 1907 1050 1948 suo
1072 1889 1185 1964 fugatur
1205 1899 1234 1949 et
1256 1894 1435 1948 Hermannus
1464 1890 1579 1962 quidam
1605 1887 1698 1947 irater
1722 1888 1785 1947 aete

148 1999 230 2055 opero
242 1994 373 2057 operatus
385 1985 493 2041 ostendi
509 1985 585 2040 nolo
604 2000 639 2040 ec
656 1986 736 2040 Potrc
756 2000 823 2048 meo.
835 1988 946 2054 propter
1000 1984 1126 2056 Luipoldi
1140 1984 1325 2043 substituitur.
1346 1987 1378 2040 ln
1395 1985 1450 2041 boc
1469 1983 1632 2041 maledictio
1649 1983 1680 2040 in
1699 1983 1784 2041 Jndanr

148 2078 221 2147 quod
241 2094 336 2133 corum
359 2092 425 2149 opos
447 2078 946 2148 melcptdotser(tccn.1.ivemm
1000 2077 1114 2149 prolata,
1151 2077 1179 2134 id
1204 2086 1256 2148 est,
1280 2079 1463 2148 episcopatum
1492 2078 1553 2147 ejus
1583 2079 1704 2149 coaptat
1728 2078 1784 2132 alter

149 2168 274 2242 quidem,
293 2178 322 2227 et
335 2178 463 2243 apermm
477 2169 598 2228 dedisset
610 2184 788 2242 responsum3
803 2168 853 2227 sed
872 2168 945 2242 apud
999 2172 1081 2242 (Psoi.
1100 2172 1200 2243 criu),
1213 2171 1294 2228 citius
1307 2171 1444 2242 completa
1462 2178 1514 2227 est.
1530 2170 1585 2226 Vix
1597 2172 1677 2227 enim
1690 2169 1783 2227 bennit

149 2261 229 2332 tales,
242 2278 300 2321 non
312 2262 379 2321 satis
392 2261 499 2321 inisset.
999 2280 1063 2321 oves
1074 2265 1174 2322 alienas
1187 2264 1309 2322 totondit
1327 2272 1355 2322 et
1368 2264 1475 2332 mulsit,
1491 2271 1520 2321 et
1542 2265 1666 2336 pastoris
1688 2278 1782 2329 nom,

183 2358 283 2415 Flexos
294 2372 359 2430 ergo
377 2356 534 2430 Helorinus,
553 2356 694 2415 Patasiam
705 2355 841 2414 hostiliter
852 2355 945 2431 ingre·
999 2358 1072 2431 quod
1091 2357 1158 2415 lalso
1172 2359 1295 2432 gerebat,
1308 2373 1374 2415 eum
1389 2357 1444 2415 vita
1466 2357 1564 2413 linivit.
1581 2357 1694 2415 Dicitur
1705 2366 1784 2414 unte

149 2448 235 2519 ditur,
248 2450 418 2521 et,Herodis
428 2452 497 2522 rice,
511 2448 794 2524 mnunsemtasquc
805 2450 946 2523 nefasque,
998 2453 1027 2509 in
1040 2453 1168 2510 esbernis
1192 2452 1353 2526 poenituisss
1364 2460 1393 2509 et
1411 2452 1577 2525 episcopalia
1598 2467 1717 2525 quaeqnc
1732 2450 1783 2508 aa·

149 2560 201 2617 pro
213 2544 290 2603 libito
310 2552 410 2617 eunom
431 2560 576 2618 peragens,
591 2544 758 2601 criminosos
773 2559 897 2618 quosque
909 2544 945 2601 ab
999 2562 1101 2604 manno
1109 2547 1237 2620 episcopo
1246 2545 1410 2615 reddidisse,
1424 2554 1453 2602 et
1463 2545 1669 2603 absolutionem
1683 2543 1784 2602 matbe-

148 2639 286 2711 episcopio
296 2640 399 2713 pulsos,
409 2638 493 2696 rebus
505 2646 534 2695 et
544 2637 725 2709 dignitatibus
739 2639 797 2695 suis
810 2637 943 2695 restituit.
998 2640 1079 2698 matis
1098 2641 1133 2698 ab
1152 2657 1185 2699 eo
1206 2641 1365 2713 suppliciter
1388 2640 1542 2713 requisisse.
1573 2638 1697 2698 Succedit
1715 2637 1780 2703 buit.

147 2732 209 2802 Quo
224 2732 378 2801 recedam,
391 2748 456 2789 cum
471 2731 542 2789 iacta
552 2732 675 2789 crudelia
688 2729 786 2789 irrues
800 2731 836 2789 de
848 2733 878 2789 S.
894 2731 944 2789 lti-
997 2735 1114 2807 pecunia
1120 2743 1213 2794 tamen
1219 2734 1393 2807 impetrante,
1400 2734 1482 2791 'rimo
1491 2735 1648 2791 canonicus
1655 2734 1780 2805 Wirrpur·

146 2826 235 2895 colec,
248 2826 339 2900 quiin
352 2825 485 2884 orbnrbio
498 2824 617 2883 civitam
629 2826 772 2883 constituti
786 2825 944 2898 religiosam
997 2830 1099 2901 gensis,
1114 2838 1142 2886 et
1153 2830 1342 2902 episcopatum
1362 2843 1449 2900 usque
1466 2827 1502 2885 ad
1515 2827 1634 2885 Anesim
1652 2827 1778 2901 [masin]

146 2919 231 2979 rium
244 2919 373 2994 agebant,
396 2919 501 2991 pariter
513 2917 729 2987 detestarentur,
750 2936 768 2976 a
788 2918 944 2978 lectoribus
998 2922 1071 2995 (let)
1092 2924 1207 2980 iluvium
1227 2922 1318 2996 praedo
1340 2922 1484 2980 violentus
1508 2922 1658 2994 oppressit.
1681 2922 1777 2978 Saum

146 3012 268 3073 Hordei
287 3014 323 3072 de
340 3013 512 3072 monasterio
525 3005 659 3073 violente'r
682 3012 811 3080 extracti,
835 3011 944 3085 publice
997 3031 1063 3074 vero
1091 3017 1201 3089 praeenl,
1234 3017 1375 3074 adnitente
1403 3016 1462 3089 prio
1486 3015 1614 3088 principe
1639 3013 1776 3083 marebiost

146 3106 294 3167 cessistds
307 3106 411 3167 linibus
422 3106 477 3165 illis
489 3114 556 3165 sunt
568 3106 667 3180 ejecti,
682 3105 835 3165 substantia
845 3120 943 3163 eorum
961 3109 1144 3217 CLuipoldo,
1174 3109 1255 3182 bujus
1277 3109 1415 3182 Luipoldi,
1439 3108 1487 3182 qui
1513 3108 1597 3167 bodie
1616 3109 1773 3182 principatu«

146 3201 304 3275 raptoribus
316 3201 399 3261 cedit.
997 3218 1057 3271 avo,
1097 3203 1176 3276 cujus
1199 3201 1329 3261 nobilitas
1354 3203 1440 3276 pietas
1462 3211 1491 3259 et
1518 3202 1637 3260 fidelitas
1662 3202 1773 3262 ditinins

181 3295 453 3368 marmoreisque
463 3293 619 3367 iniquitate,
626 3292 941 3352 B.Altmsnnusdcsede
995 3312 1081 3368 usque
1094 3312 1167 3353 nunc
1184 3305 1292 3355 constat
1305 3296 1476 3360 haereditate,
1492 3297 1523 3353 in
1537 3296 1667 3353 orientali
1687 3293 1773 3368 proris

145 3405 195 3449 sus
207 3388 594 3464 proptcrjustitiam2ejectus,
606 3388 636 3445 in
658 3388 809 3447 sasoniam
822 3388 942 3460 patriam
995 3391 1038 3447 cia
1056 3390 1162 3447 clerum
1180 3399 1208 3447 ct
1225 3392 1357 3463 populum
1372 3397 1484 3449 suenus
1504 3388 1678 3463 gubernavit,
1697 3397 1723 3446 et
1741 3387 1771 3445 ir-

145 3500 224 3543 ruam
233 3483 390 3543 revomitur.
401 3485 468 3541 Post
478 3480 550 3555 baec,
559 3481 733 3539 adiitlimina
741 3482 941 3555 apostolorum.
995 3485 1094 3543 choato
1106 3485 1183 3558 operi
1194 3485 1331 3542 inmonto
1348 3485 1539 3543 Kotvilcensi
1559 3483 1771 3555 [Gctvvicmsilt

145 3587 300 3635 etcaussm
313 3577 375 3643 viae,
393 3584 422 3633 et
437 3576 567 3635 ordinem
588 3575 698 3648 muria
716 3575 850 3647 Gregorio
864 3590 943 3649 papae
995 3594 1129 3652 quocum
1143 3578 1219 3637 iraus
1234 3579 1340 3637 inimici
1361 3594 1409 3653 per
1423 3577 1584 3648 supradicta
1599 3579 1770 3652 impedimess

146 3670 268 3727 seriatim
296 3668 417 3743 exponit.
437 3671 474 3723 Et
499 3668 564 3740 quia
587 3668 672 3724 sancu
696 3669 798 3742 quique
817 3676 944 3727 serentur
993 3672 1146 3746 praepedire
1167 3680 1332 3739 tentaverat,
1351 3672 1467 3731 devotus
1481 3673 1639 3747 invigilavit.

145 3763 241 3820 omnia
265 3777 349 3835 opera
368 3776 430 3830 sua,
448 3761 639 3834 episcopatum
656 3759 760 3820 domno
776 3777 852 3834 papae
873 3762 941 3819 resi·
1030 3770 1061 3823 ln
1080 3783 1135 3840 quo
1154 3766 1225 3837 loco,
1240 3767 1308 3825 dum
1323 3766 1470 3841 aliquando
1492 3767 1645 3825 nussarrtm
1658 3763 1771 3825 minsa

145 3855 254 3929 gnavit;
274 3854 329 3913 boc
349 3853 476 3911 oiicnsue
497 3854 638 3927 compulo,
654 3853 729 3926 qnod
748 3854 807 3928 ojus
830 3854 941 3911 inresti-
995 3860 1155 3930 celebraret,
1165 3861 1311 3935 etquidem
1319 3861 1452 3920 baconus
1459 3860 1627 3919 adventitius
1638 3860 1771 3919 etenum

145 3957 238 4006 turam
256 3964 272 4005 a
292 3964 379 4005 tnanu
401 3946 472 4007 latca
484 3946 646 4020 recepisset.
671 3948 795 4020 Cumque
816 3948 942 4019 aliquan·
994 3952 1076 4013 iamae
1101 3955 1277 4030 Evangelium
1296 3954 1416 4014 lecturus
1434 3955 1660 4014 benedictionem
1679 3958 1771 4030 pem,

145 4043 233 4116 tisper
264 4058 332 4116 papa
353 4041 442 4099 lomus
462 4040 662 4113 roquioeotfflts
684 4040 731 4099 dit
755 4038 889 4114 quadam,
906 4057 941 4099 ⁰⁰
994 4049 1138 4122 episcopus
1151 4048 1252 4108 diutius
1272 4049 1382 4109 intuens
1402 4048 1634 4120 benedicendum,
1649 4042 1771 4108 embadi

146 4136 177 4194 in
189 4136 311 4197 Ecclesia
329 4133 431 4209 posito,
453 4142 482 4193 et
501 4133 536 4192 de
548 4134 578 4192 S.
601 4134 744 4191 altmanni
764 4135 942 4193 restitutione
994 4142 1261 4217 colloejusabstulit
1273 4153 1301 4202 et
1312 4142 1458 4218 aliilegere
1470 4145 1614 4217 praeoepit.
1625 4141 1771 4214 uncput

145 4244 211 4288 urm
233 4227 422 4289 cardinalibus
445 4227 614 4298 conferente,
642 4228 689 4287 illo
715 4245 779 4305 vcrp
804 4229 941 4288 bonorem
994 4236 1068 4309 quod
1082 4236 1184 4312 aliquid
1199 4237 1234 4296 de
1253 4238 1300 4295 illo
1318 4237 1480 4296 revelatione
1492 4236 1631 4296 didiceret
1652 4234 1722 4312 quod
1735 4246 1771 4291 es

145 4323 216 4381 tanti
236 4323 330 4381 oneris
347 4322 488 4381 humiliter
502 4330 650 4381 recusante
662 4322 791 4381 columba
811 4322 940 4397 quaedam
993 4329 1044 4385 teri
1073 4329 1241 4388 nesciebant.
1267 4330 1404 4389 contuens
1428 4329 1513 4387 miser
1543 4329 1705 4389 contusione
1726 4336 1770 4401 qne

143 4425 244 4477 cuncta
262 4416 383 4477 mstlce
395 4415 455 4477 loca
474 4416 620 4485 oberrans.
643 4417 755 4475 undem
774 4416 811 4475 ad
826 4432 940 4491 pauper·
993 4421 1105 4480 adducit
1117 4431 1339 4496 peccatum,non
1353 4423 1530 4493 contusione,
1544 4440 1611 4497 quae
1621 4415 1770 4498 morienti

142 4513 237 4571 culum
257 4519 288 4570 et
304 4510 442 4569 numlcm
462 4509 561 4584 spiritu
593 4509 668 4567 venit
688 4511 885 4579 altmannum,
911 4517 976 4582 etl)
992 4515 1079 4586 ducit,
1092 4516 1298 4576 adlleinricum
1314 4533 1460 4591 pravomm
1474 4516 1616 4591 retugium
1630 4517 1769 4576 numer

142 4605 221 4678 quasi
232 4605 333 4664 diceret
349 4624 357 4661 :
376 4606 439 4663 Hoc
457 4606 564 4676 requies
577 4620 636 4661 mco
651 4606 681 4659 tn
701 4605 828 4663 seculum
841 4606 941 4671 eccui,
996 4608 1083 4683 lugit;
1096 4619 1124 4667 et
1134 4613 1229 4669 volens
1237 4611 1375 4670 criminari
1390 4613 1552 4684 episcopum
1560 4622 1591 4670 et
1608 4611 1714 4679 bam,
1723 4619 1768 4665 css

144 4700 188 4754 tic
208 4699 345 4764 latitabo,
368 4700 499 4770 quorsom
518 4699 587 4769 eleqr'
605 4714 665 4755 eoru
678 4699 760 4767 (Psoi.
777 4704 900 4767 crur);
915 4706 943 4757 et
996 4703 1133 4762 audientia
1141 4704 1313 4779 judicaretur
1321 4705 1462 4780 indignus,
1473 4696 1768 4776 Dcoulcisoent'cmed

142 4790 218 4865 quod
237 4790 364 4866 sequitu
388 4811 396 4847 ι
422 4793 540 4851 Viduam
562 4792 630 4861 que,
648 4791 679 4849 id
692 4801 735 4851 est
747 4793 938 4851 Pataviensem
991 4812 1036 4855 ma
1049 4808 1226 4872 peccatorum
1242 4808 1330 4857 morte
1343 4801 1475 4858 multatus
1488 4807 1539 4858 est.

141 4885 294 4943 Ecclesiam
306 4883 428 4958 legitimo
440 4885 707 4957 sponsoviduatam,
727 4887 937 4945 benedicturis·
1026 4892 1062 4949 Et
1074 4893 1137 4967 quia
1150 4901 1276 4967 tempora
1290 4893 1429 4952 instabant
1451 4893 1610 4965 periculosa
1627 4902 1656 4953 et
1668 4892 1766 4953 seems

140 4980 272 5045 redicem,
291 4986 316 5035 et
328 4995 460 5051 pauperes
479 4979 538 5049 qus
555 4982 682 5036 saturabo
694 4982 810 5052 ponibus
831 4982 937 5054 (leid),
990 5000 1072 5058 grave
1086 4986 1249 5056 increverat,
1268 4987 1343 5059 quod
1357 4987 1446 5062 prims
1460 4988 1552 5060 capita
1566 4987 1677 5062 imperii
1688 4995 1766 5061 pust

126 5072 222 5145 ¹capiti
237 5071 497 5133 nemausiacas.
516 5073 936 5135 omcmudmrinueetintcl-
990 5087 1051 5136 rant
1065 5087 1094 5137 et
1111 5080 1146 5138 ad
1159 5081 1361 5138 incrementum
1381 5081 1502 5155 qnotidie
1519 5079 1664 5149 fovebant,
1688 5073 1765 5155 pleni

139 5166 286 5240 ligentibus
299 5167 420 5241 signum,
439 5182 510 5240 papa
531 5167 571 5225 nil
589 5177 744 5239 cunctatus,
767 5169 880 5227 mitram
901 5169 937 5228 dc
991 5176 1060 5243 Deo,
1079 5174 1127 5247 qui
1140 5175 1286 5232 consulere
1300 5192 1356 5233 non
1368 5183 1458 5233 cessat
1475 5175 1621 5243 univusis,
1633 5168 1761 5234 ademit·

137 5260 229 5333 capite
250 5276 303 5320 mo
329 5260 447 5331 tollens,
471 5261 532 5334 ejus
559 5262 638 5337 capiti
661 5261 804 5337 imposuit,
828 5262 935 5336 episcc-
989 5267 1119 5327 mandnm
1140 5268 1323 5327 radlantium
1345 5268 1442 5339 iidem,
1464 5258 1575 5329 decenti
1596 5269 1675 5344 signo
1695 5266 1763 5325 taur

136 5368 259 5428 ponsque
272 5372 306 5415 so
316 5357 455 5415 Romane
464 5353 540 5414 sedis
554 5355 677 5429 legatum
692 5357 873 5440 constituens,
888 5375 935 5417 au·
988 5359 1046 5417 lum
1058 5359 1204 5433 bonorare,
1218 5370 1247 5419 ct
1258 5362 1429 5421 catholicum
1444 5363 1607 5423 ministrum
1619 5378 1701 5421 mum
1715 5354 1762 5415 iit

135 5454 267 5522 cmmque
290 5448 488 5507 bencdictione
508 5449 618 5514 cambit
641 5450 670 5508 in
703 5450 829 5524 propria,
853 5452 934 5526 quasi
988 5452 1059 5511 libus
1081 5455 1236 5529 quibusque
1261 5456 1467 5517 commendare.
1487 5459 1665 5531 Pressuras
1685 5452 1762 5529 quim

134 5538 237 5597 dicem
246 5538 360 5597 abeunti
375 5543 460 5598 :licre
473 5556 520 5611 eqo
537 5544 616 5599 mitto
629 5556 676 5599 uos
696 5545 767 5600 scor
780 5559 839 5601 coca
863 5545 934 5601 irrter
988 5542 1125 5615 pinccmae
1136 5562 1188 5605 suo
1207 5554 1318 5621 propter
1330 5547 1480 5605 arctiorem
1494 5554 1526 5604 et
1542 5546 1716 5605 meliorem
1724 5536 1761 5597 ὑ

139 5627 932 5703 lopotlllottb.sinienstet'udr‘lectiouemeossocomv).
986 5634 1147 5693 aucensem
1164 5652 1265 5710 aquam
1287 5636 1341 5694 sibi
1356 5637 1385 5694 iu
1406 5652 1501 5697 ments
1521 5650 1663 5709 apponere
1684 5640 1719 5700 ti·
1735 5635 1761 5681 Ι

168 5752 241 5822 (tom
253 5756 335 5808 anno
349 5757 425 5813 'toto
435 5751 496 5810 ride
509 5754 611 5810 Barea.
626 5752 681 5811 boo
692 5766 767 5810 sano
782 5760 860 5813 nrt.

164 5826 240 5891 (461)
265 5822 336 5883 vioe
347 5822 454 5883 nuntii
467 5830 587 5897 metrop.
608 5824 642 5883 in
653 5823 787 5898 Cstslogo
805 5827 930 5903 epbeop.
945 5830 1174 5892 Pauarimsium.
