3870 6164
162 210 214 270 tlt
241 256 246 275 ,
459 218 463 225 “
517 204 547 263 S.
566 202 728 262 emacuit
746 200 792 260 vlt
809 200 883 260 ort.
903 199 993 259 PARS
1011 201 1055 259 lll.
1074 230 1111 245 -
1128 200 1284 261 CONClle
1301 201 1456 263 atomus.
1501 234 1504 239 ·
1764 208 1819 265 m

164 352 226 395 rem
243 334 334 393 sancti
345 334 451 401 Ριιιιι,
464 332 511 405 qui
523 331 553 389 in
567 330 738 390 Chalcedone
755 329 957 388 sacratissimos
969 334 997 399 Α
1010 329 1066 387 illis
1078 330 1231 400 calamitas,
1245 330 1294 387 nbi
1313 330 1381 387 tales
1392 330 1588 390 intercessores
1607 331 1648 391 sd
1659 332 1759 391 loetum
1776 348 1819 394 rs·

164 445 285 489 canones
309 428 566 503 promulgauemnt,
589 441 688 484 omnes
712 425 960 494 communicatores
1012 423 1122 497 giminls
1133 424 1317 495 adducuntur,
1333 424 1380 496 aui
1388 424 1440 482 Dei
1453 427 1543 500 mapa
1556 426 1587 484 in
1596 443 1629 485 se
1640 426 1817 486 bsmndisnr

164 523 310 599 cujusdam
335 523 460 581 damnati
477 521 618 579 Timothei
634 520 812 578 Alexandrini
833 520 960 593 presulis
1012 526 1175 593 promerent
1194 533 1279 592 quun
1304 534 1355 593 per
1376 521 1542 593 mmetipsos
1569 521 1679 595 populis
1704 523 1816 597 plasme

163 616 416 677 excommunicatos
429 630 489 674 esse
503 624 692 685 censuerunt,
709 615 755 689 qui
769 614 860 673 Leoni
873 616 960 689 impe-
1011 612 1176 671 debuerant.

163 712 249 770 ratori
270 726 320 784 pro
339 710 437 768 eodem
450 710 598 768 'limotlreo
622 709 774 767 consulenti
796 709 851 766 hoc
875 708 960 766 modo
1048 712 1114 767 ture
1138 724 1204 783 ergo
1230 710 1318 767 nostri
1336 710 1471 783 temporis
1497 710 1654 785 Gregorius
1677 712 1812 785 poptdnrn

162 806 361 877 rescripserunt
384 807 463 861 :Eos
485 805 569 861 etiam
583 803 640 877 qui,
658 819 722 861 cum
739 804 841 861 scirent
863 804 960 859 Timo·
1012 803 1171 877 hujusmodi
1177 813 1411 877 presumptorem
1421 804 1513 863 officia
1526 807 1652 881 recipcre
1660 806 1811 881 probibuit,

161 900 262 958 tbeum
275 898 360 957 fuisse
371 897 545 963 damnatum,
561 898 766 955 communicare
778 898 818 953 illi
835 898 895 954 sine
909 912 960 970 pe-
1010 914 1081 971 quos
1098 898 1289 957 mactissimos
1308 899 1466 973 aequivocus
1480 908 1509 957 et
1524 916 1648 975 mgnum
1665 901 1751 976 culpa
1765 918 1807 960 sna

162 994 249 1053 riculo
270 992 455 1063 crediderunt,
479 1001 624 1051 extraneos
643 1008 702 1049 esse
720 1009 736 1049 a
762 992 814 1049 Dei
838 992 959 1048 Ecclesia
1012 1008 1193 1066 praegravare,
1209 1002 1238 1050 et
1257 994 1309 1049 Dei
1321 994 1493 1051 iracundiam
1505 996 1534 1051 in
1554 1010 1584 1053 se
1598 996 1693 1071 magis
1720 1013 1810 1071 prorr-

159 1088 331 1163 judieamus,
365 1087 515 1144 seeundum
548 1086 773 1159 consequentiam
804 1086 959 1158 regularem
1010 1102 1073 1144 esre
1086 1088 1204 1145 asseruit
1219 1106 1226 1144 ι
1241 1088 1374 1161 scriptum
1384 1089 1508 1146 estenim
1526 1106 1534 1146 ι
1550 1092 1606 1159 Qui
1621 1094 1808 1149 ιιενιιιιιιι

161 1182 235 1239 nulla
246 1183 287 1239 eis
304 1181 382 1239 senia
402 1196 453 1239 nee
470 1196 519 1254 spe
536 1179 718 1238 restitutionis
739 1179 795 1235 ullo
815 1178 900 1235 modo
912 1194 957 1236 re·
1009 1182 1581 1252 remsaomoeaadairtlepem,ecsecrabtlts
1591 1186 1807 1257 mitansorntir

159 1282 299 1345 manente,
311 1276 382 1332 sicut
398 1281 433 1332 ιι
448 1274 540 1348 regula
557 1274 702 1331 dotalibus
720 1280 812 1346 aperte
826 1272 956 1342 decernit,
1011 1281 1101 1345 (troo
1115 1282 1239 1345 savrra).
1252 1279 1314 1349 Quo
1327 1277 1444 1334 erimine
1458 1293 1555 1336 omnes
1568 1280 1745 1353 obligantur,
1755 1282 1804 1355 qai·

160 1372 243 1446 cujus
258 1372 369 1429 initium
380 1380 442 1428 est:
458 1372 487 1429 si
507 1371 726 1445 quisepiseopus
739 1386 754 1425 a
769 1368 887 1444 synodo,
903 1378 955 1427 etc.
1011 1386 1119 1444 cunqtre
1130 1372 1270 1427 canonicis
1292 1371 1482 1429 sanctionibus
1492 1371 1637 1430 obstinato
1660 1374 1804 1432 animort·

160 1470 337 1540 Quapropter
362 1473 390 1521 et
412 1472 507 1522 nomer
535 1464 700 1538 apostolicus
723 1463 824 1520 merito
850 1464 958 1536 populis
989 1466 1166 1539 ιιιιιιιιιιιις
1190 1465 1311 1523 undeet
1333 1480 1433 1523 corum
1455 1465 1547 1523 officia
1573 1468 1683 1525 merito
1706 1470 1804 1542 popnlis

161 1560 256 1617 allicis
267 1559 425 1633 hujusmodi
443 1559 606 1619 clericorum
619 1559 773 1631 probibuit,
786 1573 898 1627 comm,
912 1559 956 1614 io·
1009 1559 1212 1617 interdicuntur
1232 1574 1352 1632 quonam
1375 1559 1513 1617 orationes
1537 1561 1722 1634 omnipotens
1741 1566 1803 1621 Dan

159 1668 254 1727 quam,
268 1668 338 1726 quos
356 1669 412 1710 non
425 1662 483 1710 tam
502 1654 562 1725 ipse
574 1653 809 1725 damnaritquam
827 1651 957 1710 asnnctis
1008 1670 1065 1711 non
1090 1654 1152 1711 dieo
1164 1668 1223 1710 non
1242 1654 1349 1726 recipit,
1374 1653 1423 1712 scd
1444 1664 1614 1712 exsecratur.
1629 1654 1759 1730 sedjam
1775 1656 1803 1713 ad

157 1747 284 1804 Patribus
310 1744 477 1819 iamdudum
508 1746 656 1804 damnatos
683 1761 741 1803 csse
772 1747 949 1802 monstravit.
967 1741 991 1804 B
1006 1749 1098 1821 ipsum
1128 1750 1183 1805 llas
1206 1748 1350 1806 electionis
1375 1748 1532 1819 ueniamus,
1554 1750 1605 1823 quai
1627 1758 1658 1807 et
1682 1751 1801 1823 prmo

66 1904 79 1921 r
158 1844 293 1899 Merca
311 1842 502 1898 sanctissimus
516 1856 584 1914 papa
599 1839 770 1909 Alexander,
792 1843 854 1897 all.
870 1840 954 1897 Petro
1008 1849 1112 1897 statuto
1126 1840 1212 1897 nostri
1231 1841 1375 1912 apostolici
1393 1856 1547 1899 consonare
1558 1858 1617 1901 non
1637 1843 1802 1901 dubitatio:

156 1936 280 2009 quintus,
307 1937 354 2009 qui
377 1936 470 2009 potius
494 1936 525 1991 in
551 1937 662 1992 camino
689 1935 760 2007 ignis
782 1934 953 1992 concremari
1007 1939 1039 1994 Si
1051 1940 1084 2005 ts,
1109 1936 1211 2009 inquit,
1225 1938 1275 2007 pai
1295 1938 1386 2004 frater
1399 1939 1568 2006 nominatur,
1594 1943 1633 1993 est
1646 1940 1803 2008 somiemor,

154 2044 237 2103 quam
251 2029 362 2086 menori
381 2029 548 2086 fortissimus
561 2028 662 2085 atbleta
676 2027 784 2100 delegit,
806 2029 864 2100 ipse
876 2044 955 2085 nant·
1007 2037 1056 2087 aut
1081 2046 1198 2095 anana,
1224 2035 1274 2086 aut
1295 2031 1376 2087 idolis
1397 2033 1534 2095 sarciens,
1568 2037 1620 2087 aut
1645 2032 1803 2101 maledieta,

155 2139 208 2196 que
219 2139 273 2180 nec
292 2122 461 2196 loquendum
480 2123 521 2178 eis
533 2137 593 2178 esse
606 2129 723 2177 testetur
742 2120 842 2194 quibus
857 2129 885 2178 et
898 2122 954 2192 epi·
1007 2130 1055 2180 aut
1068 2126 1199 2192 ebriosum,
1215 2128 1265 2181 aut
1283 2141 1388 2196 rapae,
1403 2141 1464 2181 eum
1483 2126 1643 2197 hujusmodi
1656 2142 1706 2183 racc
1721 2127 1803 2183 ιιιιιι

155 2231 256 2289 scopus
276 2232 328 2289 pro
347 2214 497 2273 sceleribus
509 2230 607 2272 comm
621 2214 738 2271 sentitur
757 2214 909 2285 adversus,
926 2222 955 2272 st
1006 2220 1105 2275 sumite
1125 2220 1151 2286 (l
1168 2218 1227 2276 Gor.
1253 2218 1314 2291 ιιι),
1340 2217 1467 2276 videlicet
1478 2219 1527 2291 qui
1547 2218 1652 2276 nolunt
1664 2220 1745 2293 justa
1764 2234 1804 2277 ce·

157 2310 213 2368 hoc
225 2326 258 2367 ex
272 2310 359 2383 ipsius
374 2309 502 2382 principis
515 2309 704 2380 apostolorum
717 2309 879 2364 auctoritate
889 2323 955 2365 coo·
1007 2309 1173 2367 elesiasticns
1190 2312 1347 2369 sanctiones
1367 2311 1520 2380 emendari,
1534 2311 1600 2369 iicet
1616 2314 1703 2370 certis
1718 2322 1747 2371 et
1758 2328 1803 2387 pu·

153 2403 261 2473 llrmat,
272 2405 311 2462 ita
321 2402 425 2472 dicens,
439 2418 499 2475 cap.
518 2406 536 2456 d
550 2420 557 2458 :
573 2405 605 2458 Β.
624 2405 722 2458 Petrus
741 2400 955 2458 inordinatione
1007 2404 1087 2461 blicis
1105 2404 1268 2461 criminibus
1281 2405 1337 2463 sint
1347 2405 1469 2479 obligati.
1488 2408 1561 2463 ltem
1575 2404 1610 2463 nd
1627 2406 1805 2465 Thessaloni-

100 2480 103 2487 ’
156 2498 244 2555 noeti
276 2497 484 2570 praedecessoris
514 2496 602 2553 nostri
632 2495 782 2551 Clementis
811 2495 954 2551 instmens
1007 2513 1102 2556 censes
1111 2501 1326 2556 :ltmumtamus
1337 2505 1427 2556 autem
1439 2500 1523 2569 uobis,
1533 2502 1806 2568 fratreeirraosrise

153 2592 257 2649 clemm
277 2599 306 2648 et
320 2589 450 2664 populum
470 2589 508 2645 ait
523 2607 530 2645 ι
545 2591 575 2646 sl
588 2589 716 2645 inimicus
730 2588 811 2644 luerit
828 2589 954 2645 Clemens
1010 2594 1118 2651 llombu
1137 2594 1225 2649 nostri
1244 2596 1306 2649 Jesa
1332 2592 1444 2657 ebriati,
1459 2601 1495 2650 at
1511 2594 1682 2651 subtrabata‘r
1698 2610 1744 2651 ros
1767 2595 1803 2651 ad

58 2676 62 2689 '
151 2685 231 2743 alicui
253 2701 304 2758 pro
323 2686 428 2742 actibus
449 2685 515 2751 suis,
540 2684 627 2740 nolite
652 2699 701 2740 tos
723 2690 889 2755 exspectare,
921 2691 953 2738 ut
1007 2690 1081 2742 omni
1097 2689 1189 2755 fratre
1208 2687 1365 2742 ambulante
1379 2688 1533 2743 inordinate
1546 2692 1575 2743 et
1594 2689 1803 2745 emmeramum

51 2810 54 2815 ·
150 2780 208 2852 ipse
225 2778 305 2836 vobis
325 2778 402 2836 dicat
424 2780 519 2836 :Cum
535 2778 582 2834 illo
607 2777 693 2834 nolite
711 2778 793 2834 amici
815 2792 890 2845 esse3
905 2776 954 2833 sed
1007 2782 1183 2837 traditionem
1205 2797 1289 2852 paam
1300 2781 1575 2853 aooepeuataaobis
1587 2784 1634 2849 (ll
1645 2783 1733 2839 Ίιιιι.
1745 2788 1801 2850 ιιι).

151 2872 297 2932 observare
311 2871 462 2944 prudenter
472 2869 580 2927 debetis
594 2878 622 2927 et
633 2871 768 2927 voluntati
781 2871 841 2943 ejus
850 2871 954 2942 absqtm
1008 2875 1043 2931 Et
1056 2875 1213 2946 paulopost
1232 2893 1241 2931 ι
1255 2877 1287 2932 st
1296 2879 1359 2946 puts
1371 2891 1424 2931 aaa
1436 2875 1526 2931 obedit
1542 2876 1626 2931 uerbo
1637 2882 1743 2943 ιιιιιιο,
1758 2892 1803 2949 par

149 2965 368 3024 commonitione
389 2964 593 3033 obsecundare,
612 2972 640 3020 et
653 2972 777 3021 avertere
800 2978 849 3020 tos
862 2963 899 3021 ab
920 2978 954 3020 eo
1007 2968 1147 3038 epistolam
1172 2969 1241 3024 duae
1260 2974 1361 3032 notate,
1380 2973 1407 3024 et
1424 2984 1479 3024 nott
1497 2971 1725 3026 eommuoeaosdri
1746 2986 1802 3027 cam

42 3068 51 3085 “
149 3061 193 3119 coi
211 3062 303 3135 ipsum
317 3059 423 3117 ιιιιιίιίι
437 3059 598 3125 adversum3
622 3056 733 3114 sednec
747 3058 822 3130 loqui
841 3056 955 3130 lrisqui·
1007 3059 1068 3130 illo,
1082 3061 1428 3133 atcootttndaturvbidl.
1442 3062 1725 3137 Cumauibusissitur
1735 3068 1802 3137 Apu·

148 3152 202 3212 bus
222 3155 281 3228 ipse
294 3169 351 3211 non
369 3154 501 3226 loquitur,
518 3152 752 3224 utunusquisque
766 3151 855 3224 quiin
870 3152 949 3223 culpa
965 3118 988 3181 C
1005 3152 1093 3211 stolus
1117 3152 1211 3211 ddelcs
1233 3169 1286 3212 nec
1300 3155 1474 3227 corporalem
1486 3155 1588 3227 {cibum
1609 3170 1724 3213 sumere
1742 3172 1800 3231 pcr-

149 3255 206 3316 sst,
226 3247 296 3305 dum
314 3246 391 3319 cupit
411 3246 538 3303 omnium
564 3253 685 3302 restrum
705 3244 839 3301 amicitias
861 3244 948 3311 terre,
1003 3246 1100 3315 mittit,
1125 3254 1153 3304 et
1178 3262 1194 3303 a
1216 3261 1337 3319 quorum
1368 3248 1510 3305 consortio
1538 3246 1636 3306 ddeles
1664 3248 1800 3307 ffioeedec

148 3342 260 3399 destinet
272 3341 353 3398 citius
367 3341 538 3398 reconciliari
551 3340 575 3396 ei
587 3339 635 3412 qui
653 3338 783 3396 omnibus
796 3347 906 3412 praeest,
921 3347 950 3394 et
999 3340 1132 3413 praecipit,
1156 3340 1192 3397 do
1218 3341 1323 3399 eisdem
1346 3341 1507 3414 apostolicae
1534 3342 1720 3401 institutionis
1738 3358 1799 3400 eas-

147 3450 197 3509 per
216 3434 269 3492 boc
293 3434 388 3492 redeat
410 3433 446 3490 ad
469 3434 597 3503 salutem,
624 3448 689 3489 cum
708 3432 821 3489 obedire
835 3432 949 3505 caeperit
1000 3434 1184 3505 temptoribus
1202 3436 1304 3506 populo
1323 3435 1451 3507 praecipit
1467 3442 1564 3492 noster
1581 3436 1800 3508 apostoliam
1835 3483 1843 3493 .

146 3529 262 3587 monitis
284 3529 464 3601 praesidentis.
487 3529 593 3585 sivero
606 3527 668 3600 quis
683 3527 787 3584 amiens
811 3525 947 3582 lueritlris
999 3529 1040 3585 eis
1053 3528 1153 3586 saltem
1167 3527 1202 3584 ad
1220 3529 1397 3585 Dominicam
1420 3545 1549 3586 mensam
1567 3544 1626 3587 non
1645 3530 1797 3587 commoni·
1833 3564 1843 3575 -

146 3622 246 3695 quibus
268 3622 328 3693 ipse
340 3638 398 3677 non
419 3621 551 3693 loquitur,
568 3635 640 3675 unus
660 3627 702 3675 est
724 3621 823 3691 etipse
840 3636 872 3675 er
892 3618 946 3676 illis
998 3629 1085 3689 caret,
1103 3630 1130 3679 et
1142 3638 1241 3679 corum
1253 3623 1377 3681 societati
1390 3638 1421 3679 se
1439 3623 1537 3680 saltem
1551 3638 1585 3680 co
1597 3631 1727 3698 ternpore
1739 3622 1797 3681 surb
1816 3654 1843 3665 -

146 3716 193 3788 qui
206 3715 387 3772 exterminare
401 3714 451 3769 Ilei
470 3712 618 3769 Ecclesiam
631 3713 744 3782 uolunt,
758 3721 787 3769 ct
798 3729 864 3769 cum
880 3727 945 3770 cor·
999 3716 1134 3781 traheret,
1156 3732 1222 3773 ctam
1238 3715 1277 3772 illi
1291 3724 1385 3772 contra
1404 3716 1446 3773 iss
1468 3726 1497 3773 et
1514 3716 1561 3790 jus
1574 3732 1654 3774 sacra
1671 3717 1843 3792 myrtum:

146 3807 364 3881 porevobiseum
377 3806 585 3869 esserideattrr,
600 3806 835 3861 menteetanimo
848 3812 944 3863 contra
998 3810 1028 3865 in
1052 3810 1203 3881 perniciem
1226 3824 1307 3866 suam
1337 3809 1617 3883 usurpareot31‘uata
1637 3812 1843 3885 Apostol-

104 3892 110 3900 '
147 3907 269 3967 rosest;
288 3908 317 3956 et
335 3880 382 3956 est'
396 3898 487 3955 multo
501 3898 617 3969 nequior
636 3898 722 3954 bostis
745 3897 888 3969 hicquam
904 3898 944 3954 illi
998 3904 1096 3959 enim:
1116 3906 1268 3974 pummpue
1285 3906 1456 3961 Domioiaam
1469 3910 1613 3975 pancmet
1627 3906 1843 3963 ιιιὶοιιιιιι-

145 3994 193 4067 qui
208 3993 276 4049 loris
291 4000 365 4063 sunt,
384 4000 413 4050 et
432 3990 574 4050 euidenter
587 3990 693 4046 inimici
707 3999 787 4056 contr
812 3989 858 4047 hic
869 3992 944 4048 enim
998 3998 1051 4052 mit
1063 3997 1182 4066 marone,
1195 3999 1313 4068 corporis
1328 4003 1354 4054 et
1368 4001 1514 4069 saapuiat's
1533 3999 1643 4055 beraea
1654 4015 1719 4057 rcus
1737 4002 1833 4067 nit,

146 4104 195 4161 per
206 4087 388 4144 amicitiarum
406 4086 526 4158 speciem
539 4100 602 4158 quae
615 4084 726 4141 inimica
741 4092 807 4142 sunt
820 4084 902 4157 gerit,
917 4094 945 4142 et
996 4095 1021 4145 et
1031 4090 1170 4160 judicium
1181 4092 1236 4147 ribi
1248 4091 1395 4147 mmrdueat
1408 4096 1434 4147 et
1447 4090 1518 4148 bibit
1528 4092 1554 4163 (l
1562 4093 1626 4150 Gor.
1651 4099 1713 4163 ιιις
1725 4090 1829 4167 qnod

144 4182 296 4240 Ecclesiam
317 4180 450 4254 dispergit
461 4196 494 4237 ac
511 4189 609 4237 ιιιιιι.
632 4181 689 4237 Ubi
710 4196 777 4254 ergo
798 4180 855 4253 ipse
870 4181 944 4253 prin·
996 4198 1094 4240 omnes
1115 4182 1288 4258 faciunt,qui
1303 4184 1517 4242 iomieationem
1536 4193 1566 4243 ct
1587 4186 1732 4243 arandam
1746 4200 1807 4243 nort

145 4290 209 4348 ceps
231 4276 421 4347 apostolorum
442 4282 501 4331 tam
514 4276 607 4332 stricte
622 4273 750 4347 probibet
774 4289 810 4331 ne
832 4274 894 4346 quis
904 4275 944 4332 eis
996 4277 1086 4333 solum
1101 4291 1238 4346 exercere,
1253 4278 1302 4335 aed
1314 4278 1399 4335 etlam
1411 4280 1553 4336 obstinato
1562 4279 1659 4338 animo
1671 4278 1802 4337 deiende-

144 4369 242 4427 saltem
255 4368 385 4443 loquatur
396 4369 443 4442 qui
461 4368 620 4442 apostolicis
640 4368 774 4425 institutis
786 4384 843 4425 non
861 4368 941 4425 obse·
995 4384 1026 4427 re
1047 4380 1220 4443 praesumunt
1238 4392 1245 4428 :
1261 4370 1296 4428 de
1314 4372 1416 4445 auibus
1437 4373 1588 4446 Apostolus
1608 4372 1681 4431 dicit
1704 4374 1791 4442 :am

143 4463 264 4521 candore
288 4463 539 4536 deprehendantur,
567 4463 606 4520 ibi
633 4462 714 4518 etiam
739 4462 943 4519 euidentissime
994 4466 1071 4519 aiam
1083 4467 1134 4535 qui
1152 4467 1221 4521 talia
1235 4471 1332 4536 apuat,
1354 4482 1468 4537 reanum
1488 4470 1538 4523 ilai
1549 4482 1605 4522 oon
1623 4468 1788 4539 possidebunt

144 4564 218 4614 relat
231 4571 267 4614 ne
290 4557 406 4630 populus
428 4558 526 4614 missas
546 4564 594 4612 aut
613 4556 716 4628 reliqua
737 4554 828 4612 oldaia
847 4555 940 4627 hujus·
996 4557 1065 4629 (aot.
1089 4565 1119 4623 r)
1142 4560 1213 4631 :qui
1235 4559 1320 4615 etiam
1339 4575 1388 4632 pro
1413 4559 1519 4617 eisdem
1541 4560 1706 4617 criminibus
1719 4562 1787 4635 justa

143 4648 221 4706 modi
241 4649 277 4706 ab
290 4651 330 4707 cis
345 4652 468 4723 recipiat.
490 4652 552 4706 Mos
566 4649 643 4706 enirn
665 4649 761 4722 populi
786 4647 851 4717 Dei,
862 4649 941 4721 jnrta
995 4651 1138 4707 mnoniaas
1153 4653 1307 4709 sanctiones
1325 4652 1447 4709 damnati
1467 4652 1644 4711 interdictum
1665 4654 1720 4712 sibi
1738 4652 1787 4712 cib
1841 4700 1843 4729 Ξ

142 4745 347 4816 Atrgustinum,
368 4759 419 4816 pro
441 4744 501 4816 lege
522 4741 660 4799 tenendus
679 4742 841 4815 comprobat
859 4741 941 4798 nobis
994 4745 1068 4800 mum
1082 4747 1228 4802 temeraria
1238 4746 1416 4818 usurpatione
1426 4746 1613 4818 frequentant.
1626 4747 1787 4821 liempsipti
1840 4734 1843 4763 ¹

141 4852 206 4893 cum
216 4835 567 4906 canonibusmtltorteme)
580 4835 941 4909 populuseujuscunquesa·
993 4853 1064 4910 quos
1085 4839 1197 4912 proprie
1217 4854 1347 4895 vocamus
1369 4841 1553 4917 prenitentes,
1577 4840 1642 4898 licet
1667 4857 1721 4915 pro
1747 4840 1788 4897 bn·

143 4928 263 4986 cardolio
276 4930 375 4985 missas
392 4927 498 4996 audiat,
520 4928 581 5000 eius
600 4929 684 4985 etiam
703 4929 819 5001 singulis
838 4929 941 4986 saluta·
990 4930 1114 5003 immadi
1128 4932 1291 4989 criminibus
1312 4933 1456 4990 canonicae
1469 4932 1624 5006 discipline
1641 4934 1788 4992 collamb-

142 5022 268 5080 tionibus
285 5022 316 5079 in
335 5022 419 5079 missa
439 5022 612 5094 respondeat.
627 5024 801 5095 Quapropter
821 5023 939 5095 populus
986 5025 1121 5095 mittant,
1133 5036 1296 5084 nontamen
1308 5026 1410 5083 divinis
1420 5026 1675 5084 sacramentistam
1689 5036 1788 5085 temere

141 5116 302 5191 buiusmodi
323 5117 564 5189 prternrieatorum
581 5117 682 5174 missas
701 5118 859 5173 nullatenus
871 5117 940 5173 reci·
992 5120 1194 5191 approximant.
1209 5120 1302 5190 Unde,
1322 5120 1404 5194 juxta
1421 5122 1591 5178 mamutium
1615 5120 1694 5177 beati
1712 5123 1788 5179 inne
1841 5126 1843 5135 '

142 5213 209 5284 piat,
235 5211 258 5268 si
290 5211 377 5284 ipsius
399 5210 530 5283 principis
558 5212 748 5285 apostolorum
773 5212 938 5267 setrteotiam
993 5214 1077 5269 centii
1100 5229 1192 5286 papae,
1211 5229 1262 5271 nec
1285 5214 1413 5272 infirmos
1436 5216 1599 5287 paenitentes
1621 5222 1653 5273 et
1674 5214 1790 5289 milatus

140 5304 290 5362 observare
302 5305 383 5361 volet.
992 5314 1159 5379 egrotantes
1173 5323 1252 5364 sacro
1275 5306 1425 5365 elrrismate
1445 5309 1513 5381 ungi
1531 5308 1607 5378 licet,
1620 5308 1736 5381 aurbus,
1749 5308 1789 5367 in·

174 5400 279 5455 xvttl.
299 5397 492 5457 Smetissimos
511 5414 579 5472 papa
598 5399 750 5473 Gregorius
766 5399 889 5456 scribens
903 5399 939 5457 ad
992 5400 1062 5472 quit,
1076 5400 1275 5473 poenitentibus
1295 5402 1401 5474 reliqua
1414 5401 1587 5475 denegantur
1607 5408 1790 5467 sacramenta⁸

139 5506 219 5567 reges
241 5493 411 5549 Francorum
428 5492 463 5549 de
482 5492 641 5567 hujusmodi
654 5492 845 5551 sacerdotibus
858 5508 939 5549 cano
993 5507 1028 5549 ne
1038 5494 1160 5567 sibiipsis
1172 5494 1377 5552 damnationem
1399 5495 1585 5568 potiusquam
1596 5495 1790 5554 remissionem

138 5600 207 5643 num
216 5588 463 5660 contemptoribus,
473 5603 533 5661 cap.
547 5589 810 5661 ltlb,testatarquod
820 5603 938 5661 regnum
992 5587 1146 5660 acquirant,
1161 5589 1185 5645 si
1199 5587 1298 5645 eadem
1312 5595 1369 5645 lam
1387 5588 1502 5663 indigni,
1522 5588 1651 5647 nondum
1662 5600 1791 5661 canen

137 5694 171 5737 es
185 5680 264 5754 culpa
284 5681 383 5737 talium
401 5680 577 5738 sacerdotum
599 5690 800 5754 prtegraretun
827 5691 855 5737 et
874 5689 940 5754 post
991 5682 1183 5756 penitentiam
1195 5682 1353 5758 adplenum
1362 5683 1480 5757 purgati,
1499 5682 1666 5755 pmcipiant.
1685 5684 1716 5741 Si
1728 5696 1790 5755 crgo

14 5844 17 5849 ¹
131 5788 220 5847 psum
232 5774 374 5850 rublangit
390 5795 397 5832 ι
411 5775 512 5849 Major,
528 5776 629 5850 inquit,
643 5776 792 5833 metuende
809 5784 852 5833 est
866 5777 935 5835 locis
991 5777 1168 5850 paenitentes,
1181 5776 1268 5835 etiam
1283 5778 1416 5835 canonice
1428 5790 1480 5851 pru
1492 5775 1657 5837 criminibus
1670 5776 1731 5837 satis
1745 5790 1788 5835 ι·
1840 5790 1843 5855 l

1839 5992 1843 6103 l
