3884 6158
139 276 192 333 763
496 275 524 333 S.
543 271 705 327 annonari
723 270 768 327 vit
788 268 864 327 OPP.
885 268 973 329 PARS
988 268 1036 329 iti.
1053 288 1091 315 ⁴-
1107 268 1265 329 GONCILIA
1282 268 1434 327 nonant.

137 403 184 477 lus
209 409 305 459 entem
329 397 543 456 criminosissimi
570 396 746 452 mercimonii
771 395 937 453 mediatores
946 402 975 467 Α
987 411 1057 471 opus
1068 396 1259 463 interdicatur,
1278 395 1325 467 qui
1344 402 1374 451 et
1397 407 1447 465 pro
1461 390 1521 464 ipsa
1534 388 1620 449 cobnb

140 510 197 552 non
224 495 392 565 negligenter
416 484 558 547 ruendam
585 488 660 547 Gieti
688 500 806 562 pueram
833 490 937 559 iiiistei,
991 493 1129 548 minarum
1153 504 1210 546 non
1234 489 1322 544 solum
1335 488 1370 544 de
1392 484 1542 543 ministerio
1554 485 1620 541 altar

141 588 188 661 poi
202 602 235 643 ert
260 594 335 658 parte
347 583 451 641 demini
465 584 518 653 sui,
534 598 568 640 eo
582 582 695 656 peridem
709 580 858 651 nesciente,
876 596 937 638 mn·
990 585 1119 642 clericatu
1142 598 1195 642 sno
1218 580 1363 656 periclitari
1383 581 1446 653 J‘ure
1469 585 1617 637 consentin

140 692 205 738 nera
221 688 319 752 sponte
332 675 425 734 obtata
449 678 569 749 suscepit
585 692 601 733 a
629 680 755 743 Naaman
781 678 861 749 syro,
889 676 938 748 qui
991 688 1100 737 tanturn
1113 677 1148 736 de
1167 676 1363 742 sacerdotibus,
1377 674 1427 731 sed
1443 672 1480 729 de
1501 671 1620 729 omnibu

138 775 222 847 jsma
235 768 309 845 lepra
324 772 474 829 mundatus
483 779 526 827 est
541 770 576 828 ab
588 768 684 827 bitena
698 769 842 843 propbeta.
859 766 937 825 idem
991 773 1103 831 diuinae
1130 771 1271 828 evidenter
1285 769 1451 826 decernitur.
1467 770 1539 824 item
1560 768 1620 823 lisa

140 866 239 938 quippe
270 864 358 936 cieri,
395 864 459 923 iicet
491 865 564 921 inter
594 864 725 921 Eiisrenm
752 870 783 919 et
814 865 939 946 daemon
992 867 1147 934 concilium,
1157 865 1231 937 qnod
1246 871 1311 921 ante
1329 863 1471 920 iiicaenum
1483 858 1620 917 maciiiun

141 960 248 1017 mediat
268 959 371 1017 nefarie
394 960 558 1025 lucraretur,
576 966 708 1014 nentrum
730 965 822 1013 tamen
844 970 938 1013 secum
992 962 1076 1035 gitur,
1089 960 1177 1032 capite
1199 959 1290 1031 primo
1310 953 1430 1014 decrerit
1452 954 1620 1026 :Presbyter

141 1055 249 1111 metetis
273 1053 336 1110 iacit
349 1053 471 1126 ejttsdem
486 1052 647 1109 obnoxium.
663 1053 735 1107 Naar
750 1054 778 1108 el
792 1051 837 1107 iiie
855 1064 938 1122 spon·
992 1052 1111 1123 duxerit,
1133 1053 1168 1109 ab
1191 1052 1289 1109 ordine
1315 1051 1477 1121 deprecatum
1501 1048 1525 1105 si
1553 1062 1619 1103 vero

141 1156 252 1204 tauram
271 1145 438 1203 cinationem
461 1146 543 1202 sortis
564 1146 700 1217 eleganter
720 1145 833 1216 respuit,
857 1158 939 1214 quarn
993 1146 1086 1216 tuerit,
1101 1154 1149 1203 rut
1172 1144 1337 1202 adulterium
1361 1142 1564 1215 perpetraverit,
1587 1154 1620 1198 ιιιι

141 1243 193 1299 istc
214 1254 272 1297 uon
294 1241 371 1313 qtrnsi
387 1254 419 1296 ax
439 1238 534 1296 debito
548 1224 744 1305 errrentis,'sed
761 1252 797 1293 cx
825 1237 939 1308 benigno
993 1241 1086 1305 debet,
1098 1250 1126 1297 et
1138 1239 1376 1312 adpoenitentiam
1387 1236 1484 1309 redigi.

142 1335 243 1391 ellectu
279 1336 387 1403 montis,
416 1334 563 1389 liberaliter
590 1332 699 1400 obtuiin
733 1330 782 1387 sed
815 1332 941 1401 quamvis
1028 1336 1247 1392 chalcedonense
1264 1333 1348 1389 etiam
1360 1330 1518 1393 concilium,
1534 1326 1610 1400 quod

142 1429 217 1487 (iteri
231 1437 360 1485 nonnum
385 1427 486 1483 borum
509 1427 536 1482 in
549 1426 666 1483 crimine
679 1440 772 1481 secum
785 1423 939 1492 attraxerit,
994 1443 1174 1487 cersereenses
1195 1435 1223 1483 et
1244 1427 1382 1493 iliraeuos,
1411 1425 1466 1480 imo
1490 1422 1615 1480 omnium

143 1521 192 1579 sed
210 1522 383 1579 sesainmin
404 1521 455 1577 bos
475 1520 596 1577 medium
610 1518 727 1591 simplici
742 1516 939 1575 crimineabii·
994 1526 1108 1595 Parrum
1129 1522 1282 1579 mactiones
1302 1529 1365 1575 anre
1380 1520 1471 1590 ipsum
1497 1522 1620 1573 transcat

143 1616 256 1689 pererit,
277 1615 336 1687 ipse
352 1624 485 1671 tauerner
504 1629 602 1670 omnes
620 1622 650 1669 et
662 1613 764 1685 posteri
780 1628 829 1683 pro
847 1611 944 1667 eadem
997 1617 1165 1685 dictumest,
1179 1608 1609 1681 contirmat,etiamenrumdern

144 1710 225 1781 calpa
242 1708 374 1781 leguntur
398 1708 570 1765 severissImc
584 1707 683 1779 punitir
705 1706 754 1763 sed
779 1714 810 1761 et
828 1706 943 1778 iepram,
997 1710 1216 1782 praevaricatores
1227 1708 1388 1780 generaliter
1407 1708 1443 1762 ita
1457 1703 1620 1760 condemnat

143 1814 224 1874 aqua
247 1803 396 1859 mundatus
418 1811 461 1857 est
480 1804 616 1868 Naaman,
639 1801 716 1872 quasi
738 1798 940 1857 inmeditariam
958 1782 982 1847 Β
998 1808 1051 1862 Eur
1062 1813 1154 1860 aurem
1167 1803 1214 1876 qui
1237 1802 1295 1858 susi
1310 1800 1411 1857 luerint
1427 1812 1480 1871 per.
1492 1800 1559 1868 [tenu
1580 1812 1620 1869 pa

143 1896 172 1952 in
192 1897 389 1968 sempitemtun
407 1896 504 1952 sortiti.
529 1898 702 1967 Quapropter
714 1893 879 1950 mediatores
901 1891 940 1949 Si·
992 1898 1191 1955 diffinitionem
1219 1908 1330 1965 magnae
1355 1902 1384 1949 ct
1407 1891 1564 1949 universalis
1590 1890 1620 1947 br

143 1991 277 2047 manicone
303 1990 498 2061 negotiationis
526 1987 669 2045 attendant
694 2002 777 2060 quam
807 1986 939 2053 districte,
996 2004 1213 2067 qrrreennqueer
1228 1990 1271 2045 hir
1286 2002 1347 2061 qum
1359 1995 1424 2043 sunt
1436 1985 1570 2057 proitibita
1584 1998 1618 2056 pe

143 2084 202 2138 irno
224 2093 309 2155 qrrsrn
332 2082 535 2139 districtissime
555 2082 608 2138 sint
632 2080 793 2151 damnandi,
818 2081 864 2153 qui
884 2094 941 2135 noa
993 2087 1182 2143 crerirrnncra
1195 2082 1344 2157 synodare
1358 2078 1567 2153 propriogredu
1582 2092 1620 2133 rer

144 2177 233 2232 solum
252 2188 283 2231 se
297 2176 386 2248 ipsos,
399 2176 447 2231 sed
460 2184 488 2231 et
501 2177 561 2232 ilios
573 2174 861 2247 quorummediatores
877 2180 943 2229 sunt
1030 2183 1100 2237 leem
1123 2179 1299 2235 beatissimae
1321 2188 1390 2248 papa
1418 2175 1557 2241 silvester,
1581 2184 1619 2243 qu

144 2268 196 2325 aab
206 2277 308 2325 aeterne
318 2268 497 2325 damnatione
510 2284 603 2324 sectam
616 2274 773 2339 posuerunt.
784 2267 857 2322 Satis
864 2280 940 2338 ergo,
995 2273 1130 2346 synodum
1149 2270 1324 2343 congregavit
1343 2278 1372 2345 et
1392 2268 1517 2323 camdem
1536 2270 1620 2336 apost!

145 2369 178 2418 ut
196 2362 304 2433 opinor,
325 2361 494 2417 deciaratum
513 2371 555 2416 est
575 2376 658 2433 quam
675 2375 851 2431 summopere
871 2374 941 2430 prae·
995 2368 1076 2425 flucre
1093 2364 1291 2431 corroborarit,
1307 2364 1336 2419 ih
1354 2362 1410 2419 ruis
1422 2359 1600 2434 synodalibus

145 2455 231 2513 dictas
247 2455 333 2512 nostri
343 2454 485 2528 apostolici
499 2455 658 2511 sanniones
672 2455 793 2511 venerari
808 2462 837 2509 et
849 2454 942 2509 obser-
996 2461 1121 2519 decernit
1135 2460 1223 2532 eapite
1238 2466 1315 2514 sexto
1336 2475 1343 2512 :
1365 2456 1453 2513 Nemo
1474 2453 1614 2525 presbyter

145 2562 209 2605 rara
229 2549 390 2616 debeamus,
413 2563 482 2621 quas
502 2559 560 2605 aaa
580 2549 671 2604 sottum
698 2563 731 2603 er
756 2546 895 2620 synodicis
916 2555 945 2602 et
998 2557 1037 2611 rte
1048 2553 1205 2627 presbyterii
1223 2560 1315 2608 sumar
1327 2550 1483 2622 conjugium
1507 2564 1514 2602 :
1538 2544 1614 2617 qrrod

147 2641 311 2700 authenticis
337 2651 496 2699 sanctorum
528 2644 643 2699 Puteum
669 2642 811 2697 sententiis
836 2655 946 2712 proma-
997 2650 1088 2723 green,
1102 2647 1154 2703 hoe
1168 2648 1247 2703 aliter
1261 2646 1354 2719 egerit,
1371 2642 1518 2699 duodecim
1536 2638 1616 2695 annis

146 2750 235 2803 name,
250 2734 298 2793 sed
313 2736 398 2792 etiam
420 2750 456 2792 ex
468 2735 642 2808 propheticis,
658 2734 819 2806 evangelicis
831 2742 860 2789 et
879 2748 945 2806 epo
998 2758 1062 2798 mus
1077 2741 1175 2814 petraei
1185 2740 1301 2803 honore„
1317 2736 1391 2808 quod
1410 2736 1433 2790 si
1448 2734 1510 2805 quis
1524 2740 1620 2789 contre

140 2828 251 2885 -stoticis
266 2830 408 2901 seripturis
426 2830 590 2901 processisse
611 2829 756 2901 probatum
776 2838 818 2884 cst
838 2827 946 2883 criden·
999 2836 1132 2909 gelphum
1156 2848 1278 2907 praerenr
1295 2841 1323 2888 er
1337 2829 1443 2903 publice
1455 2827 1560 2884 dictum
1572 2840 1620 2899 ege

147 2923 262 2979 tissitm.
273 2925 334 2994 ipsa
347 2921 470 2979 videlicet
480 2923 588 2980 Veritas
598 2921 705 2990 endem,
720 2928 748 2977 et
760 2922 944 2994 perseipsum,
999 2928 1073 2986 hlrur
1083 2930 1111 2986 ln
1125 2936 1298 3001 perpetuum.

146 3021 175 3072 et
196 3030 244 3088 per
263 3028 329 3073 suns
347 3015 440 3073 iidoies
461 3015 647 3072 indubitanter
668 3015 858 3087 promulgarit,
879 3030 942 3085 nun
1034 3028 1104 3079 reem
1126 3023 1221 3078 heatus
1235 3020 1348 3077 siricius
1362 3032 1430 3090 papa
1444 3017 1474 3073 in
1495 3013 1617 3072 decretis

147 3118 176 3166 et
186 3110 239 3167 tub
252 3110 327 3167 iideii
339 3110 516 3167 attestatione
528 3110 609 3166 nobis
630 3109 697 3167 dicit
720 3128 727 3165 :
752 3111 849 3171 Amen,
864 3124 943 3164 umen
957 3159 982 3227 c
997 3118 1112 3190 septimo
1128 3134 1135 3171 :
1151 3115 1272 3185 Quilibet
1285 3115 1429 3185 opiscopus
1449 3109 1620 3182 presbytera

148 3206 207 3260 dico
220 3205 293 3260 uadis
308 3221 318 3260 :
334 3207 364 3261 Si
378 3207 443 3276 quis
455 3218 605 3260 sermonem
619 3218 707 3258 rnearn
719 3205 876 3265 soroouont,
891 3218 944 3257 uon
998 3222 1060 3279 nur,
1085 3207 1160 3281 quod
1179 3222 1236 3264 non
1261 3216 1398 3278 optumus,
1424 3204 1563 3274 deinceps,
1585 3200 1609 3257 ei

146 3300 371 3355 otdeonrnunem
383 3303 414 3354 in
423 3306 553 3355 cinnam
565 3304 652 3365 (ioan.
666 3302 768 3365 ιιιιιι).
780 3300 851 3353 item
860 3296 942 3353 aiibi:
999 3305 1079 3361 luerit
1097 3304 1233 3365 inventus,
1245 3301 1303 3371 jam
1325 3315 1398 3354 nunc
1411 3298 1464 3353 riht
1486 3310 1534 3369 per
1547 3310 1599 3351 noe
1617 3318 1620 3343 t

147 3394 180 3451 ³5
203 3396 265 3464 puis
285 3394 381 3463 “ludi'‘
394 3410 446 3461 me,
461 3406 605 3450 imiimi
619 3408 707 3447 mium
721 3392 840 3447 militib
858 3394 945 3457 (Jvsstb
1000 3400 1068 3454 itum
1090 3394 1263 3469 induigentia
1284 3393 1414 3466 intelligat
1428 3391 1620 3447 obseratum-i

148 3496 222 3555 xre).
244 3491 317 3559 Ergo
331 3488 377 3560 qui
399 3488 526 3545 mandata
543 3488 603 3559 ulus
623 3498 679 3541 non
698 3487 834 3552 obserrat,
857 3485 944 3556 ipsam
999 3493 1062 3549 dem
1081 3491 1168 3563 capim
1190 3488 1356 3545 duodecimo
1380 3506 1386 3541 2
1410 3485 1537 3541 Feminae
1556 3483 1620 3539 etisr

148 3582 296 3637 Veritatem
319 3594 374 3637 non
393 3590 468 3637 ahiat
491 3600 497 3635 :
523 3584 576 3647 tirel
587 3586 679 3635 nartem
692 3580 856 3648 nondiiriyr't,
878 3585 946 3633 atte·
1001 3601 1059 3642 erse
1084 3585 1205 3655 patimur
1225 3583 1252 3637 in
1271 3580 1399 3636 domibus
1419 3579 1620 3646 doricorum,n

148 3680 237 3728 strate
252 3682 348 3730 sancto
361 3678 477 3739 ioanne,
497 3680 590 3728 marcet
603 3677 726 3727 irrtnorte
744 3676 875 3737 (ildonea.
895 3686 945 3739 tttr
1000 3687 1071 3746 turre,
1090 3692 1158 3749 quos
1172 3682 1285 3748 propter
1298 3674 1370 3730 solas
1391 3670 1620 3728 necessitudinun

148 3765 194 3835 qui
222 3781 287 3820 vero
320 3766 413 3821 divina
440 3774 574 3837 praeeopta
603 3766 765 3832 contemnit,
792 3765 947 3820 nuliatenus
1001 3772 1089 3826 bitare
1103 3782 1167 3823 curn
1179 3768 1283 3824 eisdem
1302 3766 1423 3840 synodus
1441 3768 1552 3822 Nictcna
1569 3778 1620 3835 per.

149 3865 267 3914 mortem
279 3858 469 3931 subteritrgere
482 3858 589 3915 vaiebit.
1001 3862 1191 3919 sanctissimus
1214 3878 1282 3933 papa
1298 3861 1447 3932 Gregorius
1462 3859 1583 3913 scribens
1595 3872 1620 3913 ar

184 3952 238 4007 xi.
263 3952 390 4007 Tertium
411 3961 504 4008 sutem
525 3951 665 4023 apostolici
688 3950 776 4005 nostri
800 3958 945 4019 statutum,
1001 3954 1172 4012 defensorem
1197 3955 1233 4009 ltu
1249 3953 1369 4009 decernit
1385 3951 1613 4024 capitedecimo:

149 4045 224 4118 quod
253 4045 487 4101 incontinentibus
514 4044 618 4101 clericis
649 4042 832 4100 ministerium
857 4043 948 4099 attaris
1002 4045 1476 4121 rr0p0r11m‚qrrorcommimitibi
1503 4043 1620 4116 patrimo

146 4139 297 4207 interdicit,
316 4138 495 4195 nihilominus
514 4139 658 4195 delinitum
682 4146 754 4196 esta
777 4137 878 4194 sanctis
901 4138 948 4193 Pa·
1003 4144 1169 4211 cludit‚cum
1189 4142 1353 4198 mutieribus
1363 4139 1478 4211 degerat,
1491 4139 1541 4193 has
1557 4145 1588 4193 ut
1599 4150 1620 4193 a

148 4234 236 4289 tribus
249 4251 256 4289 :
271 4242 314 4289 est
331 4234 406 4289 enim
420 4235 554 4307 scriptam
568 4234 595 4290 in
611 4234 859 4301 nicanomncilta,
874 4231 949 4305 quod
1004 4252 1097 4308 pasces
1115 4238 1255 4310 jubemus,
1280 4245 1307 4291 et
1324 4234 1359 4291 de
1381 4243 1481 4289 caetero
1503 4232 1557 4288 titio
1580 4245 1620 4288 car

150 4327 304 4383 unanimum
317 4336 359 4384 est
372 4327 443 4384 iutar
456 4334 574 4401 quattuor
586 4328 699 4385 concilia
726 4326 876 4399 Evangelia
898 4323 945 4383 ad·
1000 4332 1076 4387 nulio
1092 4329 1175 4385 modo
1191 4330 1312 4401 patiaris,
1327 4328 1446 4399 exceptis
1460 4327 1493 4381 iis
1512 4336 1581 4397 quas
1591 4336 1620 4380 sc

148 4430 267 4494 nauata,
282 4423 374 4494 eapite
389 4422 468 4479 tertio
492 4442 498 4479 :
521 4422 661 4479 interdicit
675 4434 724 4492 per
737 4423 829 4476 omnia
850 4434 946 4492 mamre
1001 4438 1106 4480 nonum
1124 4436 1237 4478 censura
1250 4422 1393 4493 permittit,
1419 4420 1504 4477 idest
1526 4427 1621 4474 matres

149 4514 282 4589 synodus,
305 4530 361 4573 nan
377 4518 517 4588 episcopo,
540 4528 597 4571 non
618 4515 787 4586 presbytero,
813 4528 869 4568 non
890 4512 945 4569 dia·
959 4549 985 4613 D
1001 4528 1170 4590 germaniam,
1184 4516 1291 4572 etaiias
1305 4514 1482 4585 hujusmodi,
1497 4512 1532 4569 de
1547 4510 1620 4583 quiin

149 4624 229 4677 cono,
252 4624 304 4666 nen
325 4611 407 4666 alicui
430 4611 546 4666 omnino
570 4608 618 4679 qni
645 4607 675 4663 in
695 4608 769 4662 ciero
792 4616 845 4673 ort,
867 4605 947 4662 licere
1000 4610 1087 4683 spicio
1105 4624 1160 4665 non
1181 4610 1266 4682 possit
1283 4626 1351 4666 osse.
1369 4609 1468 4664 hieiius
1488 4616 1581 4662 huten
1599 4603 1620 4660 it

149 4701 387 4760 sirbiatroductsm
411 4702 511 4758 habers
538 4702 695 4768 mulierem,
719 4700 768 4756 nisi
792 4698 864 4756 forte
891 4714 947 4755 rus·
1000 4704 1116 4761 eduma
1137 4704 1232 4760 tatium
1246 4700 1621 4759 enitebitationeoontiaesnt

150 4802 233 4861 hem,
256 4804 305 4851 sut
325 4806 461 4861 sororem,
487 4802 536 4849 snt
555 4794 680 4863 amimm,
703 4795 745 4851 rei
767 4808 814 4851 eas
837 4802 947 4851 tutatum
1000 4804 1047 4854 tur
1070 4797 1144 4871 qaod
1166 4797 1263 4854 beatus
1283 4796 1451 4868 Augrrstinus
1474 4810 1525 4850 neo
1538 4806 1620 4849 cumr

150 4898 350 4960 personasque
359 4887 542 4960 aspicionem
552 4886 697 4959 eiiuginat.
709 4888 852 4945 Utantem
864 4885 947 4959 nulus
999 4900 1059 4948 turc
1084 4890 1265 4955 consenserim
1289 4890 1381 4945 diceus
1408 4906 1416 4944 ι
1446 4890 1514 4957 Qu·
1535 4898 1620 4943 oum,

150 4980 247 5054 ospitis
273 4980 389 5037 intentio
409 4980 510 5037 cartas
534 4981 678 5047 elucescat,
703 4981 867 5053 apertiorem
890 4980 948 5052 elus
1001 4993 1067 5043 suat
1080 4998 1190 5040 sorores
1203 4996 1273 5039 men
1287 4989 1429 5038 nonsunt.
1453 4980 1535 5037 Docti
1548 4991 1615 5050 ergo

150 5074 355 5131 translationem
369 5075 530 5132 subnectere
555 5086 611 5131 non
634 5077 724 5149 pigeat
749 5092 757 5131 ι
780 5074 948 5131 omnimode
1001 5088 1100 5151 magna
1116 5077 1197 5133 nobis
1209 5075 1290 5132 debet
1305 5091 1365 5131 esse
1379 5073 1532 5131 instructio.
1549 5073 1584 5127 Et
1603 5086 1620 5141 p

151 5176 244 5225 sancta
264 5168 402 5226 interdixit
428 5167 560 5243 synodus,
585 5182 674 5241 neque
698 5168 837 5240 episcopo,
861 5176 948 5239 neque
1001 5174 1136 5228 Proterea
1146 5184 1219 5226 cursa
1230 5178 1284 5226 tuae
1299 5170 1336 5223 sit
1348 5167 1462 5225 eosdem
1473 5163 1620 5223 coairatret

150 5261 323 5335 presbytero,
346 5262 577 5335 adamnanum,
598 5272 690 5335 neque
709 5261 755 5317 uiti
767 5261 881 5317 omnino
895 5261 947 5316 ote·
1003 5265 1119 5333 hortari,
1134 5271 1166 5319 ut
1186 5263 1326 5334 subjectos
1340 5262 1392 5317 sihi
1412 5260 1534 5317 insecus
1547 5257 1620 5315 ordin

151 5355 281 5420 cicorum,
300 5352 496 5413 licereirabere
514 5368 610 5412 tecum
626 5352 768 5412 mulierem
779 5362 948 5422 extraneam,
1002 5366 1088 5426 tutos,
1107 5356 1182 5429 quod
1205 5353 1254 5428 ipsi
1276 5363 1394 5423 merant,
1419 5353 1454 5411 ad
1477 5350 1618 5410 similitudi

150 5449 202 5507 nisi
220 5449 292 5505 torte
309 5458 399 5507 mater
416 5451 462 5520 sit,
482 5456 531 5507 ant
544 5464 632 5517 soror,
654 5458 704 5507 ant
720 5448 804 5507 amita
827 5466 834 5507 ι
858 5450 886 5505 in
908 5448 950 5506 bis
1002 5451 1092 5509 modis
1106 5450 1236 5507 omnibus
1256 5464 1364 5506 serrare
1384 5452 1589 5505 commoneant.
1603 5446 1620 5501 it

151 5552 271 5617 namque
284 5544 418 5616 personis,
438 5551 468 5603 ct
486 5542 586 5602 harum
603 5544 748 5613 amitibus,
763 5544 891 5601 omnibus
904 5556 950 5599 su·
1002 5545 1057 5603 rias
1084 5558 1153 5617 papa
1176 5544 1206 5599 in
1224 5542 1339 5599 decretis
1359 5542 1417 5600 suis
1436 5540 1523 5612 eapite
1537 5538 1620 5611 prima

150 5639 237 5711 spicio
254 5639 429 5696 dedicatur:
447 5640 494 5712 qui
515 5640 593 5696 aliter
603 5646 705 5712 prater
721 5638 855 5711 borant,
872 5637 948 5710 psri·
1002 5652 1065 5695 mus
1075 5637 1238 5710 utopiscopi
1259 5651 1324 5693 oum
1339 5634 1501 5693 mudantur
1513 5632 1620 5691 onnia<

150 5732 288 5791 ciitabitnr
301 5732 420 5791 declaro
438 5742 499 5790 tua.
1002 5740 1071 5802 teat,
1091 5746 1127 5789 ne
1145 5731 1182 5788 sb
1200 5731 1303 5803 sabaei
1318 5729 1404 5787 boans
1427 5725 1620 5798 brabantini

186 5823 305 5884 vianne
328 5836 406 5901 eiga,
435 5826 509 5903 cuod
538 5828 649 5901 pcaints
676 5824 781 5885 dedat
803 5824 950 5897 conjugale
1002 5824 1144 5887 ircim
1157 5825 1246 5896 capite
1254 5822 1400 5881 animno
1414 5841 1422 5878 ι
1438 5818 1620 5893 &prompte
