3884 6158
225 242 279 299 idi
568 239 597 295 S.
617 237 778 297 caenobii
796 238 841 294 Vll
860 231 958 295 P'APAE
976 236 1112 297 optabat
1130 234 1218 296 PARS
1237 233 1257 292 l.
1278 260 1314 276 -
1332 224 1535 289 REGISTRUM.
1828 223 1881 275 boll

228 367 264 424 ad
285 367 377 425 sinum
398 363 517 424 Abrahae
546 361 706 438 patriarcba
740 363 827 421 nostri
850 363 928 422 fastos
964 370 1068 439 per-A
1326 354 1502 413 aristone
1521 351 1630 407 XXIII.

227 461 317 520 ducat.
1078 453 1883 517 enexussnanuunrtarnauunrussaanuscouxres.

262 559 333 613 Data
348 558 446 613 Rama
460 550 546 609 Nouis
567 551 640 621 blaii,
657 551 804 609 indictione
819 552 916 627 prima.
1384 544 1475 618 (anno
1488 543 1576 611 1078.)

477 672 655 729 EPISTOLA
681 673 776 730 Xxu,
1083 650 1116 705 ot
1129 663 1218 703 oannes
1230 647 1363 727 episcopas
1384 646 1408 696 ct
1422 640 1529 722 abbates
1542 636 1703 721 llrt'lcuraia,
1722 638 1748 688 et
1775 628 1886 687 cimices

1115 719 1231 776 erbeus
1242 718 1363 774 Ilolensrs
1374 713 1500 770 arctam
1517 713 1631 765 serentes
1645 708 1805 778 praestantes
1827 718 1878 759 con

369 805 411 850 ab
440 804 608 849 nubantur(
639 804 677 848 aa
707 803 882 849 sanzonem
1114 793 1204 847 uenire
1225 791 1332 857 tacuerat
1356 784 1465 839 castalio
1491 779 1660 846 celebrando3
1687 781 1716 832 in
1737 792 1790 847 quo
1811 777 1887 831 inter

1116 867 1213 917 catera
1227 857 1391 930 dimetienda
1415 860 1454 911 est
1476 868 1559 907 carrea
1578 850 1789 906 intendentium
1807 846 1887 901 orali-

531 910 620 975 (ᾸῦΠο
640 909 729 976 ¹078)
1115 939 1209 989 aarum
1224 932 1450 1000 archepiscopum
1461 930 1486 981 et
1496 924 1637 995 quemdam
1650 922 1736 978 aliem
1752 921 1803 993 qui
1815 932 1843 973 se
1852 918 1887 975 de

229 1026 320 1082 Monet
338 1027 370 1080 et
391 1037 451 1081 mm
474 1023 677 1093 sutfraqancis,
706 1024 850 1081 abbatibus
877 1028 904 1081 et
925 1025 1027 1081 annas
1117 1022 1146 1062 ⁰⁰
1160 1006 1260 1074 injuste
1283 1002 1426 1073 aputeum
1441 997 1613 1069 ifffibssiiif·
1788 1084 1795 1098 ⁹
1879 1083 1886 1097 ι

265 1097 386 1154 bolensis
407 1097 519 1152 natata
541 1096 635 1151 adsint
647 1112 700 1152 urta
724 1112 782 1151 eum
803 1097 896 1152 biensa·
908 1100 1027 1169 episcopo
1116 1099 1295 1155 Ganaonrus
1306 1095 1463 1168 episcopus,
1477 1107 1574 1149 servre
1585 1103 1729 1146 seruorum
1744 1089 1812 1156 Der,
1825 1083 1887 1142 oeb

264 1172 291 1225 θ*
309 1169 405 1224 “biiii
423 1169 607 1236 mummia
638 1169 735 1238 imm
755 1171 933 1224 ⁰⁰⁷²²f⁰¹2⁰²¹⁸fa
957 1171 1028 1225 ’ΨΥ
1082 1196 1266 1251 Gausenseo
1289 1187 1442 1263 [Gaufredo
1462 1184 1675 1262 litbedonensi,
1702 1184 1771 1240 item
1788 1181 1909 1239 Gaas·-

265 1240 552 1376 &madegniaco
565 1240 708 1373 iim?
723 1241 764 1366 gre
791 1241 1029 1381 ffifflwggss
1084 1304 1181 1346 anano
1194 1286 1251 1344 filio
1259 1284 1392 1352 liudonis,
1403 1281 1542 1339 nobilibus
1557 1278 1704 1336 comitibus
1712 1274 1886 1347 Britanniae‚

265 1398 295 1439 eo
331 1382 447 1451 beatum
470 1398 549 1440 stertat
567 1386 673 1451 mittat,
695 1399 747 1455 qim
768 1382 924 1453 brrjrrsmodi
947 1400 1029 1440 eausa
1086 1383 1204 1441 salutent
1218 1389 1246 1439 et
1259 1378 1440 1454 apostolicam
1454 1374 1685 1434 benedictionem.

268 1457 436 1513 immimi-
1118 1479 1179 1534 Non
1194 1477 1320 1549 ignorare
1343 1489 1392 1530 vos
1412 1470 1551 1529 credimus
1565 1476 1698 1543 quantam
1721 1465 1885 1523 molestiam

267 1570 442 1629 Gaaooaxus
458 1570 610 1645 episcopus,
627 1585 878 1630 servusservomm
891 1572 954 1642 Dei,
969 1574 1033 1630 llu·
1084 1580 1272 1645 quantamque
1305 1566 1541 1643 perturbationem
1588 1563 1721 1620 sustineat
1756 1560 1887 1619 bolensis

232 1678 334 1724 senno
354 1664 524 1723 subdiacone
539 1674 567 1723 et
581 1669 711 1723 Teuzorst
724 1666 861 1725 monacho
875 1668 1027 1725 salutemet
1083 1667 1217 1736 Ecclesia,
1244 1674 1272 1722 et
1304 1662 1440 1722 confrater
1472 1667 1566 1717 noster
1603 1658 1712 1715 Eretius
1746 1652 1886 1729 [Ererius]

232 1759 410 1834 apostolicam
427 1758 655 1818 benedictionem.
1081 1760 1312 1833 archiepiscopus,
1327 1773 1411 1831 quem
1436 1754 1472 1813 ibi
1488 1753 1686 1823 ordinavimus,
1712 1750 1747 1807 ab
1772 1749 1823 1807 illo
1837 1748 1904 1835 qui·

267 1853 392 1911 Pervenit
406 1853 441 1910 ad
463 1869 516 1910 nos
535 1853 618 1910 frater
643 1862 737 1912 noster
760 1855 869 1913 Eretius
890 1855 1025 1932 [Evenius]
1082 1857 1157 1930 prius
1180 1855 1274 1912 sedem
1299 1866 1456 1925 occupans,
1475 1866 1506 1906 ac
1530 1848 1708 1905 remordente
1736 1860 1803 1902 eum
1817 1858 1889 1901 con-

231 1946 360 2005 Dolensis
368 1947 598 2021 archiepiscopus,
614 1948 744 2005 exbibens
754 1965 784 2005 se
797 1966 848 2023 pro
859 1949 1028 2008 discutienda
1081 1951 1194 2008 scientia
1209 1965 1267 2018 sua,
1284 1956 1315 2004 ut
1329 1946 1444 2014 dicitur,
1459 1943 1639 2016 exspoliatam
1654 1940 1793 2008 deserens,
1809 1952 1888 1996 nunc

231 2041 417 2099 eontmversia
441 2057 504 2114 quae
530 2041 565 2099 de
578 2042 695 2100 introitu
720 2044 779 2116 ejus
794 2044 823 2100 in
841 2045 1028 2118 episcopatum
1082 2044 1184 2117 injuste
1199 2059 1228 2099 se
1249 2043 1392 2113 expulsum
1404 2038 1601 2112 {conqueritua
1629 2038 1690 2109 Qua
1713 2034 1748 2093 de
1769 2048 1801 2092 re
1820 2048 1888 2091 arm

231 2144 292 2194 orta
303 2144 355 2206 est,
379 2136 565 2209 proclamante
582 2136 629 2193 illo
652 2135 687 2193 de
701 2137 863 2209 expulsione
889 2154 938 2195 sua
950 2140 1029 2213 quasi
1082 2136 1212 2211 praefatum
1231 2136 1449 2209 archiepiscopus
1463 2149 1543 2190 suam
1555 2131 1635 2189 nobis
1657 2129 1797 2187 exhiberet
1811 2143 1887 2202 pree·

232 2230 398 2305 injusta,qui
408 2238 471 2287 unte
485 2229 688 2288 ordinationem
703 2232 784 2305 bujus
798 2232 923 2291 eamdem
936 2233 1029 2291 sedem
1083 2233 1215 2299 seutiam;
1232 2231 1361 2305 queniam
1376 2229 1490 2286 absente
1512 2227 1558 2284 iilo
1572 2227 1618 2300 qui
1640 2240 1721 2298 super
1736 2240 1802 2281 oum
1818 2238 1888 2281 con·

232 2325 386 2400 quandibet
399 2340 542 2397 perverso.
562 2333 593 2382 ut
606 2324 718 2397 dicitur,
732 2341 842 2383 accesm
856 2336 978 2401 ceperat,
1002 2336 1030 2385 et
1083 2328 1208 2400 queritur
1227 2341 1336 2382 calisam
1350 2325 1484 2381 discutere
1503 2321 1577 2379 nullu
1606 2320 1711 2377 ratione
1726 2318 1888 2391 potuimus,

232 2419 337 2477 nelarie
356 2420 563 2479 nnvnnauons
582 2428 717 2478 tenuerat.
740 2421 787 2478 nd
809 2436 893 2493 quam
921 2421 1029 2479 exbibi-
1083 2427 1175 2477 totum
1188 2420 1240 2476 boc
1254 2419 1393 2492 nogotium
1406 2416 1538 2475 confratri
1552 2424 1646 2472 nostro
1659 2414 1771 2486 Hugoui
1787 2411 1887 2469 filensi

232 2514 338 2573 donem
358 2530 388 2572 se
410 2523 538 2573 vocamm
562 2515 680 2573 aiebata
697 2514 834 2573 confratre
861 2523 956 2573 nostro
972 2518 1030 2571 IIu-
1084 2515 1226 2588 episcopo,
1241 2514 1285 2571 eui
1297 2513 1386 2569 vicem
1400 2521 1525 2570 nostram
1545 2508 1688 2578 dedimus,
1709 2508 1890 2565 committere

231 2608 654 2684 goneDicneIepiscoporquod
669 2609 766 2681 etipse
780 2609 1030 2683 quituncpraesens
1083 2608 1268 2666 necessarium
1299 2607 1440 2676 duximus,
1480 2614 1510 2662 et
1536 2620 1569 2661 eo
1596 2611 1723 2676 tempore
1748 2609 1776 2658 et
1825 2601 1889 2659 leco

230 2701 326 2760 aderat
345 2701 480 2760 letabatur
495 2721 502 2760 :
518 2718 550 2759 ac
568 2710 713 2775 propterea
727 2717 757 2760 sc
771 2717 913 2759 recursasse
937 2702 1028 2760 redire
1083 2702 1151 2761 illud
1183 2701 1304 2776 diligenti
1337 2700 1511 2774 inquisitione
1550 2705 1715 2772 pertractare
1749 2712 1781 2753 ac
1809 2692 1891 2753 detn-

233 2795 386 2865 vobiscum,
399 2804 448 2853 aut
462 2795 492 2852 in
509 2796 631 2868 aliquam
645 2795 978 2869 partemvertere‚danec
996 2798 1030 2855 ab
1083 2797 1142 2854 nise
1169 2796 1288 2866 studeat,
1328 2794 1375 2853 ubi
1413 2797 1459 2867 qui
1495 2793 1523 2849 iu
1564 2793 1617 2848 bac
1646 2806 1729 2849 aaran
1756 2790 1890 2863 utrinque

232 2904 281 2948 ore
294 2897 391 2948 nostro
408 2888 474 2962 quid
492 2890 544 2947 sibi
556 2889 693 2964 agendum
707 2889 787 2957 foret,
803 2907 891 2963 quove
907 2907 936 2948 se
950 2891 1027 2948 exbi·
1084 2891 1225 2948 necessarii
1252 2891 1307 2947 sint
1326 2890 1473 2947 convenire
1498 2895 1526 2944 et
1540 2887 1671 2944 interesse
1690 2886 1809 2943 valeant.
1826 2884 1889 2942 Sta·

232 2982 352 3042 bendum
365 2983 533 3057 intelligeret.
552 2986 657 3041 Verum
669 2984 731 3057 quia
745 2983 1030 3060 Dionsisepiscopus,
1045 2988 1067 3052 C
1084 2986 1190 3043 luimus
1211 2985 1286 3042 enim
1314 2983 1459 3057 praefatum
1485 2981 1654 3040 confratrem
1689 2988 1717 3038 et
1754 2978 1891 3037 neudum

233 3085 265 3135 ut
277 3077 408 3147 diximus,
424 3093 544 3151 praesens
556 3076 665 3147 aderat,
677 3078 869 3136 commisimus
881 3079 934 3136 sibi
949 3095 1033 3154 nego·
1086 3088 1212 3136 nostrum
1224 3078 1362 3136 celebrare
1373 3077 1522 3151 concilium
1534 3084 1646 3151 propter
1652 3073 1738 3132 multa
1747 3082 1775 3131 et
1784 3088 1890 3149 magne

233 3172 305 3229 tium
329 3170 411 3241 istud,
439 3178 471 3230 ut
489 3172 518 3228 in
537 3171 651 3228 concilio
677 3187 734 3245 quo
751 3186 866 3229 causam
888 3174 1034 3231 Remensis
1086 3173 1195 3246 negotia
1208 3188 1269 3246 quae
1285 3173 1408 3247 iaregno
1426 3174 1596 3229 Francorum
1610 3168 1891 3243 emersaapostolicae

233 3265 425 3339 archiepiscopi
458 3272 486 3323 et
516 3264 634 3323 aliorum
675 3264 867 3339 episcoporum
899 3268 1031 3340 Francia,
1086 3267 1255 3325 auctoritatis
1277 3266 1478 3324 examinatione
1501 3275 1585 3339 utque
1602 3263 1707 3338 judicio
1728 3260 1888 3335 indIgentr

232 3358 362 3434 adunata
388 3359 440 3417 sibi
456 3359 557 3417 abbate
579 3360 764 3431 cluniacensi,
785 3368 956 3418 necaturus
980 3371 1033 3433 est,
1086 3360 1133 3418 ubi
1155 3360 1246 3418 etboc
1262 3361 1420 3435 nogotium,
1433 3365 1494 3417 Deo
1509 3360 1665 3427 auxiliante,
1678 3355 1891 3415 difdnirisolu·

235 3454 319 3512 etiam
332 3453 386 3512 boe
399 3454 561 3528 regulariter
573 3453 694 3514 diffinire
707 3461 847 3528 procuret.
863 3456 1034 3530 Quapropter
1086 3470 1149 3513 mus
1162 3463 1245 3528 atque
1265 3469 1419 3511 censemus.
1436 3455 1609 3526 Quapropter
1621 3453 1742 3510 multum
1752 3464 1891 3524 rogamus

235 3547 420 3606 admonemus
434 3556 464 3607 et
473 3565 523 3606 sos
536 3555 566 3605 ut
579 3547 683 3606 ibidem
698 3555 747 3605 aut
759 3549 829 3606 alter
838 3557 972 3619 vestrum,
987 3557 1035 3608 aut
1087 3557 1116 3606 et
1124 3548 1307 3607 admonemus
1320 3548 1508 3606 excellentiam
1520 3556 1650 3616 vestmm,
1664 3554 1697 3603 ut
1708 3544 1774 3603 buia
1796 3556 1890 3603 mmet

235 3643 330 3712 ambo,
342 3642 432 3698 sineri
441 3643 538 3713 possit,
554 3641 659 3712 adsitis,
670 3649 698 3698 ot
710 3643 1034 3717 episcopussereligiosos
1087 3652 1222 3718 quantum
1249 3644 1361 3717 potestis
1383 3657 1497 3715 operam
1522 3640 1607 3711 detis,
1623 3648 1651 3698 ct
1672 3640 1821 3713 episeopus
1835 3652 1889 3696 nee

234 3733 350 3791 abbates
375 3733 447 3790 illius
460 3735 609 3807 parocbia,
627 3750 750 3792 necnon
768 3736 882 3795 clerIcos
899 3746 927 3794 et
951 3736 1034 3795 laicos
1086 3753 1140 3794 non
1153 3737 1295 3809 religiosos
1310 3737 1422 3794 abbates
1442 3745 1523 3793 terres
1542 3736 1625 3803 illius,
1640 3734 1754 3792 elericos
1776 3746 1889 3806 quoque

233 3824 1033 3902 ejusdemlieelesire,quintramlibetpartemautaccussre
1085 3839 1113 3887 et
1132 3831 1215 3887 laicos
1230 3830 1351 3904 ejusdem
1373 3830 1577 3903 Ecclesias‚qui
1595 3827 1753 3885 idoneitam
1772 3826 1888 3885 scientia

234 3929 282 3978 aut
292 3917 438 3978 defendere
450 3919 540 3978 idonei
550 3920 702 3992 videantur,
716 3920 810 3978 adesse
821 3922 1030 3980 commoneatis.
1086 3941 1170 3999 quam
1182 3925 1316 3997 religione
1330 3924 1483 3996 videantur,
1503 3923 1538 3980 ad
1559 3921 1703 3997 praefamm
1722 3920 1884 3991 concilium,

234 4017 414 4075 Procurentes
428 4014 510 4072 etiam
519 4022 550 4072 ut
562 4014 717 4088 anglorum
727 4031 774 4072 rex
783 4030 815 4071 ex
824 4031 871 4073 sua
881 4016 1033 4090 partelega·
1082 4018 1163 4094 juxta
1177 4018 1253 4091 quod
1279 4018 1357 4075 vobis
1379 4017 1560 4090 significatum
1579 4016 1672 4085 fucrit,
1695 4014 1886 4086 conveniatfsr

234 4108 960 4189 tumillucdirigattamprudentem'quamreIIgiosem
967 4126 1031 4184 per·
1085 4121 1226 4185 quatenus,
1244 4112 1394 4185 opitulante
1411 4112 1504 4169 diviua
1518 4111 1670 4177 elementia,
1687 4125 1736 4182 per
1750 4109 1888 4167 sincemnt

234 4219 347 4275 sonam3
360 4211 495 4277 melenus
512 4218 594 4261 eausa
608 4204 669 4272 ista,
689 4202 799 4261 sublato
813 4203 1031 4277 favorepartium
1085 4207 1301 4279 explorationem
1324 4206 1352 4262 in
1374 4204 1426 4263 bac
1455 4221 1537 4263 carrea
1553 4204 1605 4262 Dei
1626 4202 1758 4277 quidquid
1779 4202 1888 4278 lasdtie

235 4298 365 4372 omnique
394 4297 528 4372 personali
549 4297 715 4370 acceptione,
740 4296 776 4355 cd
796 4297 926 4355 effectum
948 4299 1032 4373 justa
1086 4308 1113 4357 et
1139 4300 1231 4374 populi
1261 4288 1384 4373 requirat
1406 4299 1481 4357 salus
1516 4299 1656 4356 evidenter
1686 4306 1833 4372 appareat,
1860 4306 1889 4355 ot

235 4391 418 4461 diffinitionis,
429 4384 488 4451 Deo
507 4391 685 4464 disponente,
699 4392 855 4463 perveniat:
870 4401 898 4450 et
911 4392 1069 4466 quodibili
1087 4393 1177 4452 decisa
1199 4392 1307 4467 penitus
1330 4393 1382 4450 bae
1402 4394 1451 4450 lite
1470 4401 1497 4451 et
1511 4391 1691 4467 querimonis,
1715 4391 1764 4448 diu
1786 4400 1817 4447 ct
1841 4390 1886 4447 ni·

210 4510 213 4516 ·
234 4485 300 4545 inde
320 4494 456 4545 statumm
470 4501 503 4542 ao
516 4485 667 4544 difantum
682 4484 776 4553 fucrit,
797 4485 834 4542 ita
849 4485 884 4544 ab
903 4487 1032 4544 omnibus
1084 4488 1171 4545 mium
1200 4486 1311 4561 iadIgnc
1327 4486 1450 4556 lancata,
1471 4503 1556 4560 quam
1575 4485 1679 4559 praefari
1706 4499 1806 4542 sumus
1824 4487 1886 4543 Do·

235 4596 354 4639 consens
371 4595 439 4639 voce
457 4581 646 4655 sententiaque
662 4579 798 4649 firmetur,
810 4588 842 4637 ut
857 4579 1032 4639 calumniosae
1086 4583 1168 4639 lensis
1182 4582 1302 4639 Ecclesia
1318 4597 1368 4655 per
1382 4581 1596 4639 misericordiam
1614 4580 1666 4637 Dei
1681 4586 1774 4637 vestro
1795 4577 1888 4637 studio

237 4675 463 4746 proclamationis
472 4674 643 4749 improbitas,
659 4674 859 4732 etrefterandss
872 4675 1033 4747 questionis
1087 4676 1350 4749 vestraquejusante
1360 4682 1561 4749 etproeurante
1572 4672 1702 4747 munda,
1713 4671 1889 4746 recaptisbo

236 4767 327 4825 omnis
348 4767 470 4842 undique
495 4769 604 4827 oceasIo
629 4768 774 4843 omnisque
797 4769 905 4843 penitus
927 4768 1032 4827 liceum
1086 4770 1131 4826 nis
1151 4771 1217 4840 suis,
1227 4785 1323 4844 pacem
1338 4771 1422 4827 etlam
1437 4778 1465 4826 et
1476 4768 1700 4842 tranquillitatem
1711 4766 1846 4840 recipere,
1858 4774 1888 4823 et

237 4860 390 4920 decidatur.
758 4936 761 4941 ¹
1088 4864 1197 4920 instatu
1208 4862 1471 4921 sueincolumitatis
1481 4862 1570 4920 venire
1582 4869 1610 4920 et
1617 4860 1886 4935 permanereraleat.

271 4960 342 5014 Data
365 4955 507 5014 Latersms
524 4955 673 5015 undecimo
687 4956 826 5016 Kalendas
846 4957 931 5027 Iunii,
962 4955 1033 5017 indi·
1123 4960 1198 5014 Data
1210 4957 1355 5015 LatermIs
1368 4953 1512 5038 [Laurenti
1525 4972 1559 5014 ιι
1573 4955 1637 5015 Kal.
1648 4954 1724 5028 Maii]
1740 4953 1888 5015 neddere

236 5051 326 5108 edens
347 5048 445 5124 prima.
1087 5051 1321 5122 Kalendaelunii,
1336 5050 1483 5110 indiotIoae
1501 5051 1598 5126 prims.

663 5313 843 5404 LIBER
881 5311 1114 5406 SEXTUS
1154 5310 1457 5404 REGISTRI.

365 5466 451 5530 Anno
467 5463 628 5530 flaminica
645 5462 874 5528 iucarnationis
889 5465 1047 5531 millesimo
1063 5468 1279 5553 septuagesimo
1294 5473 1412 5561 octauo,
1433 5467 1597 5533 indictione
1614 5466 1756 5533 serendo

484 5597 662 5659 eetssots
675 5600 801 5657 PRIMA.
1124 5608 1168 5660 tra
1183 5602 1357 5661 interdictum
1373 5604 1526 5678 apostolica
1551 5604 1622 5662 sedi
1634 5603 1767 5676 impedire
1792 5616 1890 5662 cenete

519 5684 747 5730 suanenses.
1122 5680 1335 5734 lurconumtnm
1349 5682 1533 5749 epnmpornnr
1550 5680 1576 5733 et
1592 5676 1889 5735 laboremlaborem

535 5745 629 5814 (Anne
644 5747 735 5813 tots.)
1121 5761 1210 5803 cnam
1245 5749 1341 5819 legates
1374 5747 1526 5821 apostolecis
1557 5748 1590 5807 de
1618 5748 1690 5820 iure.
1715 5748 1831 5815 annet
1863 5752 1889 5807 rt

235 5817 325 5877 unns
348 5828 383 5876 ae
396 5815 509 5887 recreet
533 5830 598 5876 reae
627 5816 817 5876 mnnnnnnt
837 5816 874 5874 iis
904 5817 954 5888 qui
976 5830 1033 5874 aar·
1121 5818 1259 5890 Rodacis·
1281 5823 1311 5876 in
1343 5820 1545 5878 ammineum
1576 5834 1670 5892 nam.
1702 5818 1816 5879 fatain
1844 5832 1888 5878 eoa
