3870 6164
527 326 530 333 ·
615 311 795 373 CONClLthl
814 312 980 371 ROMANUM
996 313 1052 370 vlt.

1605 319 1657 373 titt
1684 330 1687 335 '

116 452 169 493 turn
183 436 270 492 orarit
286 435 447 503 Ecclesiam,
461 434 534 494 lacta
547 452 611 493 cum
633 437 728 494 multis
746 432 805 510 api·
818 443 845 506 Α
859 437 1077 495 Christianorum
1091 436 1173 494 morti
1192 436 1275 504 tradi,
1297 443 1325 492 et
1348 435 1483 494 Ecclesiae
1498 437 1564 496 lecit
1576 438 1657 496 dissi·
1746 466 1749 473 ·

116 530 326 587 ultramontanis
340 537 367 587 et
381 530 483 587 italicis
497 531 711 603 conspiratione,
726 531 804 587 adni-

116 638 142 679 te
161 622 315 693 dejiciendo
338 638 400 679 erm
415 623 466 679 sibi
482 623 640 697 subjugar03
662 624 742 697 cujus
756 639 804 681 su-

122 724 209 772 restra
225 715 326 774 resistit
341 719 433 785 [sorta
448 717 557 785 restitit,
573 717 685 790 Hanni
707 726 803 776 aucto-

116 825 220 882 ramque
234 818 328 867 rostra
352 810 487 868 destruxit
508 818 639 884 potestss;
662 813 709 885 qui
735 829 803 869 cou-

116 902 292 959 thumiliatus
303 902 339 961 ad
352 919 397 960 me
406 903 434 961 in
443 904 668 977 Longobardiam
680 906 802 973 veniens,

115 996 205 1052 iorem
220 996 549 1053 abercommunicatioue
564 996 699 1070 quaesivit.
714 997 804 1068 Quem

116 1105 166 1146 ers
177 1090 364 1159 humiliatum,
375 1091 470 1147 multis
482 1091 515 1147 ab
526 1107 559 1149 eo
573 1092 805 1164 promissionibus

137 1182 171 1240 de
180 1184 525 1253 suaevitaeemeudatioue,
537 1185 625 1242 solam
638 1184 662 1242 ei
675 1200 802 1242 commu·

116 1277 252 1346 treddidi,
266 1294 321 1333 non
336 1287 429 1334 muter
442 1279 470 1335 in
483 1294 577 1352 regno,
593 1295 608 1335 n
623 1295 678 1352 quo
694 1295 757 1336 eum
773 1278 802 1335 iu

116 1372 250 1444 asyrodo
272 1372 465 1443 deposueram,
488 1373 647 1439 instauravi,
666 1388 718 1431 nec
734 1372 804 1429 lide-

126 1466 250 1521 omuium
266 1466 312 1539 qui
327 1466 380 1522 sibi
397 1466 566 1539 juraverant,
581 1467 623 1523 vel
637 1474 716 1524 erant
725 1468 803 1539 jura·

116 1575 169 1633 quo
184 1575 280 1616 omres
294 1560 396 1616 absolvi
408 1558 434 1616 ir
449 1560 546 1619 eadem
568 1560 687 1634 syuodo,
707 1569 738 1617 ut
750 1561 802 1618 sibi

116 1662 170 1722 tur,
182 1655 308 1725 praecepi.

116 1763 150 1805 ec
168 1747 228 1805 ideo
246 1746 359 1817 detinui,
383 1756 413 1803 ut
438 1750 509 1805 inter
528 1764 591 1805 eum
608 1757 636 1804 et
660 1749 804 1820 episcopos

861 533 929 604 pari,
950 540 979 589 et
992 539 1082 589 totum
1104 545 1175 603 pens
1187 530 1400 588 Teutorieornm
1413 545 1531 604 mgnum
1550 532 1658 591 desola-

860 626 928 681 tioui
951 624 1129 695 [desolatum]
1152 623 1239 681 dedit.
1254 625 1439 696 Quapropter,
1460 624 1602 684 conlidens
1621 626 1657 686 de

855 718 962 792 judicio
975 726 1004 778 et
1017 718 1205 777 misericordia
1218 718 1269 774 Dei
1283 717 1395 792 ejusque
1410 718 1542 797 piissimae
1557 722 1657 779 matris

859 829 968 885 semper
989 812 1102 886 virginis
1123 812 1230 881 illaria,
1253 811 1338 869 fultus
1364 820 1453 873 restra
1478 814 1653 889 auctoritate,

858 923 931 979 saepe
952 908 1129 965 nominatum
1154 906 1316 976 Horridum,
1337 922 1419 980 quem
1442 908 1653 981 regomdiourt,

859 1018 1012 1076 omnesque
1025 999 1145 1059 fautores
1164 1002 1224 1075 ejus
1243 1001 1525 1060 excommunicationi
1538 1003 1654 1077 sublicio

859 1104 887 1153 et
906 1096 1091 1153 anathematis
1115 1095 1229 1153 vinculis
1250 1096 1343 1169 alliga
1368 1104 1395 1152 ot
1417 1095 1517 1153 iterim
1537 1112 1654 1171 mmum

857 1191 1072 1248 'teutonicorum
1081 1197 1110 1247 et
1121 1190 1208 1248 ltaliae
1219 1206 1252 1249 ex
1265 1198 1342 1263 parte
1352 1191 1551 1263 omnipotentis
1564 1193 1617 1249 Dei
1627 1199 1656 1249 ct

859 1293 947 1341 restra
962 1284 1128 1342 interdicens
1139 1285 1176 1354 ei,
1187 1299 1300 1343 omnem
1316 1292 1478 1357 potestatam
1492 1293 1520 1342 et
1532 1284 1654 1358 diguita-

858 1387 915 1435 tem
930 1378 968 1435 illi
987 1378 1087 1452 regiam
1102 1377 1181 1448 tollo,
1195 1385 1224 1434 et
1242 1386 1274 1435 ut
1286 1378 1378 1436 rullus
1392 1379 1615 1437 Chastiarorum
1629 1382 1654 1439 ei

859 1473 928 1529 sicut
945 1473 1002 1545 regi
1017 1471 1127 1530 obediat
1144 1471 1293 1540 interdico,
1306 1487 1459 1546 omnesque
1480 1473 1529 1547 qui
1542 1474 1567 1531 ei
1578 1474 1655 1548 Jura·

858 1576 954 1624 rerunt
976 1567 1018 1623 rel
1038 1566 1174 1638 iurabunt
1190 1566 1226 1624 de
1244 1567 1321 1639 regui
1335 1565 1524 1625 dominatione
1547 1569 1653 1641 ajuta-

859 1661 946 1717 ureuti
972 1659 1154 1733 promissione
1175 1660 1297 1718 absolvo.
1317 1662 1380 1732 lpse
1400 1669 1494 1718 autem
1517 1662 1654 1720 hienricus

859 1770 922 1811 cum
938 1755 994 1813 suis
1006 1753 1159 1812 fautoribus
1170 1752 1198 1809 in
1213 1754 1291 1809 omni
1306 1754 1500 1826 congressione
1514 1754 1577 1811 belli
1590 1756 1652 1811 nul·

116 1840 195 1915 rcipes
209 1842 434 1912 ultramontanos,
457 1842 505 1914 qui
529 1842 552 1899 ci
571 1858 653 1899 causa
669 1841 800 1914 iussionis
817 1823 841 1885 Β
856 1849 895 1905 las
910 1849 980 1906 viras
998 1848 1157 1920 nullamque
1178 1847 1206 1904 in
1219 1846 1272 1904 rita
1295 1862 1344 1904 sua
1354 1846 1498 1905 victoriam
1518 1847 1650 1905 obtineat.

126 1935 258 1993 Ecclesiae
283 1937 448 2005 restiterant,
460 1936 596 2009 justitiari
622 1935 741 1994 iacerem
759 1936 799 1993 vel

118 2045 322 2102 componerem,
339 2031 410 2087 sicut
425 2031 482 2102 ipse
495 2031 632 2087 Henrious
645 2031 801 2102 iuramento

116 2139 141 2181 ts
154 2125 297 2196 episcopos
319 2125 384 2179 mihi
400 2123 534 2196 promisit.
775 2188 778 2193 ¹

119 2218 163 2274 icti
186 2226 279 2274 autem
296 2219 415 2289 episcopi
440 2228 467 2274 et
493 2217 628 2289 principes
647 2219 800 2277 ultramon-

116 2312 227 2368 tdientes
240 2312 316 2367 illum
333 2327 390 2368 uon
408 2327 516 2370 serrare
534 2311 601 2368 mihi
612 2312 687 2385 quod
698 2314 799 2385 promi·

116 2405 178 2476 Quasi
192 2405 328 2476 desperati
349 2405 382 2461 de
399 2422 440 2472 eo,
457 2407 515 2462 sine
531 2420 595 2462 meo
613 2407 738 2472 consilio,
753 2423 799 2463 vo·

116 2498 193 2567 tibus,
211 2499 349 2572 elegerunt
374 2499 425 2555 sibi
448 2499 624 2570 Itodulpbum
645 2499 743 2557 ducem
771 2501 799 2557 iu

118 2594 170 2664 Qui
185 2609 232 2650 rea
243 2593 409 2664 Rodulplrus
426 2593 594 2661 festinanter,
608 2595 643 2650 ad
655 2610 700 2651 me
714 2596 799 2651 misso

137 2686 267 2744 indicavit
290 2703 320 2743 se
353 2696 480 2743 coactum
512 2688 588 2759 regui
619 2686 799 2759 gubernacula

116 2796 165 2847 tse3
179 2789 271 2837 tamer
285 2797 343 2838 sese
366 2789 493 2852 paratum
508 2781 579 2836 mihi
594 2781 724 2839 omuibus
737 2796 798 2838 mo-

116 2875 175 2931 dire
191 2894 198 2930 ε
214 2885 251 2943 et,
268 2884 297 2931 ut
319 2875 371 2931 hoc
386 2875 476 2931 verius
489 2875 624 2944 credatur,
647 2890 755 2947 semper
766 2892 799 2932 er

116 2982 181 3040 pore
207 2967 338 3025 eumdem
363 2967 433 3024 mihi
456 2983 566 3038 semper
588 2968 657 3035 [dele
679 2968 798 3041 semper]

116 3076 256 3129 amorem,
271 3060 405 3134 adjiciens
419 3062 502 3117 etiam
517 3061 572 3117 lilio
595 3076 645 3118 suo
660 3060 799 3119 obsideat

116 3156 158 3213 sui
181 3155 259 3213 ducis
277 3155 418 3211 Bettholdi
444 3153 499 3211 lilio
522 3154 596 3227 quod
621 3156 824 3247 promittebat(

116 3343 292 3399 ealirnricus
304 3343 443 3413 crepitare
457 3342 561 3413 precari
575 3351 607 3399 ut
616 3343 796 3400 illumcontra

117 3452 164 3493 um
177 3434 535 3509 Rodulphumadjuvarem,
551 3437 595 3492 cui
611 3434 739 3509 respondi
750 3453 796 3493 me

116 3547 119 3563 ·
139 3529 238 3597 lacere,
254 3529 347 3587 auditu
365 3530 505 3602 utriusque
529 3530 615 3600 partis
628 3529 743 3598 ratione,
765 3538 796 3586 ut

116 3625 158 3681 cui
177 3625 284 3698 justitia
308 3623 396 3697 magis
409 3623 520 3680 lateret.
549 3622 597 3679 llls
611 3638 674 3679 vcro
697 3632 796 3694 putans

116 3719 165 3775 hus
178 3733 242 3775 eum
256 3733 335 3789 posse
347 3716 502 3787 devincere,
526 3731 618 3773 meam
628 3717 797 3790 contempsit

115 3812 216 3869 iorem.
245 3814 395 3884 Postquam
409 3819 501 3867 autem
525 3811 661 3883 persensit
684 3826 714 3867 se
739 3826 795 3867 non

116 3906 182 3963 deut
197 3907 326 3978 sperarit.)
348 3921 440 3978 agere,
466 3903 522 3961 duo
548 3905 680 3978 episcopi,
697 3904 796 3962 Virdu·

116 4000 231 4056 tidelieet
251 4009 280 4056 et
299 3998 517 4071 osenburgensis
537 4001 628 4066 [torte
653 3998 795 4055 Osnebru-

124 4095 236 4164 iisse,
260 4094 317 4149 cod.
335 4096 401 4150 Mart.
423 4090 660 4163 osneburgensis],
676 4090 710 4147 de
731 4106 796 4148 con-

115 4188 137 4244 is
156 4189 213 4243 suis
229 4191 351 4243 Romam
378 4193 517 4251 venerunt,
538 4192 566 4240 et
587 4185 615 4240 iu
636 4184 745 4256 synodo
762 4201 795 4240 ex

117 4281 200 4338 enrici
210 4297 254 4337 me
265 4289 297 4336 ut
305 4281 329 4336 ei
336 4279 474 4366 juqtitiam
487 4278 603 4335 facerem
619 4287 794 4351 rogaverunt,

122 4370 215 4432 nuntii
227 4373 368 4445 Rodulphi
384 4373 443 4429 lieri
459 4372 647 4429 laudaverunt.
660 4371 795 4440 Tandem,

116 4471 222 4538 teDeo‚
238 4468 310 4525 sicut
324 4467 417 4534 credo,
433 4467 516 4523 statui
531 4468 558 4522 iu
574 4466 672 4523 cadem
690 4465 795 4539 synodo

116 4562 174 4619 ibus
186 4561 396 4618 ultramontanis
416 4560 474 4615 lieri
494 4561 671 4632 colloquium,
692 4568 723 4616 ut
743 4559 834 4627 illici}

132 4663 306 4719 statueretur,
321 4663 368 4710 aut
380 4656 423 4710 eui
435 4654 552 4724 amplius
565 4654 667 4726 justitia
682 4652 795 4722 faveret,

116 4759 221 4807 eretur.
238 4752 294 4823 Ego
302 4749 390 4817 enim,
404 4748 475 4805 sieut
486 4762 535 4804 vos
547 4747 611 4803 mihi
628 4748 795 4815 testesestis,

116 4852 136 4900 tt
149 4843 263 4911 domiui,
275 4858 361 4915 usque
375 4841 455 4898 hodie
464 4841 567 4897 nullam
583 4849 688 4913 partem
702 4840 796 4912 dispo·

116 4937 260 5003 maranisi
275 4952 336 4992 eam
359 4936 402 4992 cui
418 4937 478 5006 plus
492 4935 598 5007 justitia
620 4934 728 4990 lateret.
750 4937 794 5002 Et,

116 5031 211 5088 tabam
225 5029 298 5101 quod
314 5029 440 5102 injustior
455 5044 518 5100 pars
529 5029 698 5099 colloquium
711 5028 794 5084 nollet

116 5124 242 5195 ijustitia
267 5136 348 5178 suum
370 5123 461 5178 locum
480 5131 615 5190 servaret,
638 5136 795 5177 excommu-

116 5226 130 5272 t
144 5213 320 5273 anathemate
343 5215 451 5288 alligari
474 5230 571 5270 omues
590 5230 722 5286 personas
740 5216 796 5272 sive

116 5311 153 5365 lte
165 5307 254 5378 ducis,
270 5317 316 5366 aut
334 5308 462 5380 episcopi,
474 5323 522 5367 seu
535 5307 648 5380 alicujus
667 5306 794 5376 hominis,

117 5404 240 5478 loquium
262 5405 354 5477 aliquo
381 5405 491 5478 ingenio
518 5404 661 5477 impediret
685 5413 796 5461 utnon

116 5496 257 5556 ,²raedichrs
274 5506 367 5554 autem
381 5498 517 5554 Henricus
531 5514 595 5555 cum
616 5499 672 5555 suis
687 5499 797 5555 fautori-

116 5608 129 5649 r
151 5592 253 5649 timens
276 5592 428 5664 periculum
441 5591 642 5662 inobedientiae,
661 5591 736 5665 quod
757 5602 798 5648 est

116 5685 299 5759 iololatriaeli
305 5688 439 5756 acuar),
452 5687 618 5759 colloquium
627 5686 797 5759 impediendo

116 5780 317 5839 nurimhorem
340 5780 468 5847 incurrit,
490 5790 518 5838 et
540 5781 661 5853 seipsum
685 5781 797 5838 arathe-

116 5872 216 5933 tittotrlo
235 5874 366 5947 alligant,
392 5888 578 5951 magnamque
591 5874 799 5932 multimdirem

854 1945 894 1999 Ut
914 1951 1007 1999 autem
1027 1940 1191 2013 Rodulphus
1210 1956 1328 2013 regnum
1341 1940 1555 1998 Teutonicorum
1577 1950 1653 2015 regat

855 2045 883 2093 ot
902 2035 1044 2105 defendat,
1065 2052 1148 2108 quem
1170 2035 1311 2091 Teutonici
1331 2034 1471 2106 elegerunt
1492 2035 1544 2093 sibi
1559 2036 1587 2093 iu
1607 2051 1653 2093 re-

853 2145 927 2203 gem,
942 2129 977 2186 ad
998 2127 1286 2187 restramddelitatem
1302 2143 1335 2184 er
1356 2136 1432 2200 parte
1454 2136 1545 2185 restra
1565 2128 1651 2198 dono,

856 2222 956 2296 largior
964 2232 992 2280 ct
1006 2221 1129 2280 concedo
1139 2241 1145 2278 :
1157 2222 1286 2278 omnibus
1298 2221 1349 2278 sihi
1361 2221 1478 2279 lideliter
1487 2221 1651 2283 adhaerenti·

853 2317 905 2374 hus
919 2317 1121 2374 absolutionem
1136 2317 1262 2374 omnium
1274 2324 1461 2388 peccatorum,
1476 2324 1652 2390 vestramque

854 2412 1073 2469 benedictionem
1088 2410 1116 2466 ir
1129 2409 1181 2466 lrac
1195 2411 1250 2466 rita
1259 2418 1287 2466 et.
1301 2410 1329 2465 iu
1344 2408 1447 2480 lutura,
1460 2419 1549 2468 vestra
1564 2410 1652 2469 fretus

854 2504 1082 2578 liducia,largior.
1094 2504 1168 2560 Sicut
1176 2503 1248 2560 enim
1256 2504 1389 2560 tierricus
1398 2519 1448 2576 pro
1456 2505 1650 2578 suasuperbia,

854 2597 1036 2654 inobedientia
1051 2606 1078 2653 et
1092 2596 1209 2653 falsitate
1228 2612 1244 2651 a
1259 2597 1335 2670 regui
1349 2596 1484 2669 dignitate
1493 2597 1569 2670 juste
1583 2598 1650 2672 abji-

853 2691 933 2758 citur,
948 2690 986 2746 its
997 2687 1265 2761 Rodulphoprosua
1279 2689 1443 2759 humilitate,
1459 2690 1612 2748 ohedientia
1623 2702 1651 2749 et

854 2784 967 2840 veritate
976 2791 1099 2856 potestas
1109 2791 1137 2839 et
1148 2782 1265 2855 dignitas
1276 2783 1351 2855 regri
1364 2782 1540 2842 conceditur.

889 2878 970 2951 Agite
979 2892 1062 2945 nunc,
1074 2891 1179 2948 quaeso,
1191 2879 1321 2932 Patreset
1332 2875 1649 2947 principessauctissimi‚

854 2979 884 3026 ut
896 2970 989 3027 omnis
1002 2967 1126 3027 mundus
1138 2968 1272 3041 intelligat
1283 2976 1311 3024 et
1324 2976 1472 3041 cognoscat
1483 2969 1559 3042 quia,
1570 2970 1593 3026 si
1603 2986 1650 3042 po·

853 3065 930 3120 testis
945 3063 971 3118 in
982 3064 1053 3120 ooelo
1062 3062 1144 3136 ligare
1156 3060 1304 3131 etsolvere,
1315 3060 1468 3133 potestisin
1483 3061 1649 3135 terraimpe·

828 3189 836 3247 3
852 3157 903 3225 ria,
912 3172 1006 3231 regua,
1015 3156 1195 3231 principatus,
1204 3154 1331 3224 ducatus,
1342 3153 1488 3225 marchias,
1502 3155 1650 3212 comitatus

852 3260 879 3307 et
888 3252 1015 3309 omnium
1027 3251 1173 3307 hominum
1185 3249 1372 3321 possessiones
1381 3264 1430 3321 pro
1438 3248 1544 3306 meritis
1552 3249 1648 3308 tollere

852 3344 997 3416 uuicuique
1022 3351 1050 3401 et
1070 3341 1229 3400 concedere.
1253 3343 1408 3400 Veserim
1430 3342 1644 3415 patriarchatus,

852 3439 995 3510 primatus,
1018 3437 1277 3509 archiepiscopatus,
1298 3436 1472 3510 episcopatus
1491 3436 1648 3510 frequenter

849 3532 950 3589 tulistis
964 3531 1054 3605 pravis
1076 3540 1104 3587 et
1124 3529 1255 3603 indiguis,
1275 3537 1305 3587 ct
1325 3529 1460 3604 religiosis
1484 3529 1549 3586 viris
1572 3529 1647 3599 [reli-

850 3627 918 3699 giosi
941 3628 1014 3695 vero]
1037 3623 1161 3682 dedistis.
1185 3624 1215 3680 Si
1238 3622 1312 3679 enim
1338 3622 1488 3695 spiritualia
1508 3622 1647 3695 judicatis,

849 3719 975 3793 quidde
1005 3716 1181 3776 sacularibus
1209 3732 1259 3774 vos
1287 3731 1367 3790 posse
1393 3714 1562 3775 credendum
1588 3720 1647 3775 est?

848 3822 884 3885 et,
901 3814 923 3870 si
947 3811 1245 3887 angolosdomirartos
1265 3809 1396 3868 omnihus
1425 3810 1552 3882 superbis
1574 3809 1648 3883 prin·

849 3907 956 3980 cipibus
971 3905 1140 3980 judicabitis,
1163 3903 1228 3978 quid
1252 3902 1289 3960 de
1309 3903 1420 3962 illorum
1445 3904 1532 3961 servis
1559 3903 1646 3962 lacere

850 4000 982 4074 potestis?
1000 3999 1152 4058 addiscant
1176 4014 1250 4055 istinc
1272 4013 1352 4072 reges
1374 4005 1402 4054 et
1429 4012 1528 4055 omnes
1554 3998 1646 4056 saculi
1675 4052 1689 4067 ,

849 4095 987 4168 principes
1000 4094 1095 4169 quanti
1110 4110 1160 4150 sos
1172 4093 1249 4165 estis,
1261 4091 1328 4164 quid
1347 4091 1472 4165 potestis3
1488 4099 1517 4149 et
1529 4091 1647 4151 timeant

850 4188 1049 4260 parvipendere
1077 4187 1234 4260 jussionem
1261 4184 1390 4243 Ecclesia
1419 4193 1527 4255 rostras,
1556 4192 1585 4244 et
1617 4187 1646 4243 in

849 4281 981 4353 praedicto
994 4280 1116 4338 Herrlco
1134 4287 1192 4336 tam
1207 4279 1263 4336 cito
1279 4278 1417 4353 judicium
1431 4287 1552 4338 restrum
1566 4296 1647 4339 exsr-

849 4382 917 4442 cete,
937 4381 970 4430 ut
980 4388 1078 4430 omnes
1098 4372 1187 4429 sciant
1200 4371 1265 4445 quia
1278 4387 1336 4428 nou
1349 4371 1475 4439 fortuito,
1491 4373 1538 4430 scd
1554 4381 1646 4430 vestra

850 4476 993 4540 potestate,
1011 4467 1100 4524 cadet.
1121 4463 1313 4524 confundatur
1330 4464 1436 4521 utinam
1454 4464 1498 4532 adj
1508 4467 1644 4537 preniten-

852 4564 932 4630 tiam,
942 4571 973 4618 ut
984 4561 1097 4635 spiritus
1112 4561 1148 4617 sit
1159 4561 1249 4616 salvtis
1261 4559 1291 4615 in
1305 4558 1348 4616 die
1362 4558 1484 4615 Domini.

885 4663 954 4713 Aeta
968 4659 1067 4713 ltomra
1080 4655 1167 4712 Nonis
1177 4653 1268 4709 blanii
1282 4651 1379 4725 [Maiiq
1393 4652 1541 4710 indictione
1553 4656 1646 4713 tertia.

852 4773 986 4842 ltodrrlphi
1007 4774 1078 4842 repis
1091 4775 1281 4839 Romanorum,
1306 4774 1331 4825 ct
1352 4770 1509 4841 principiam
1526 4772 1646 4844 imperii,

882 4845 1034 4914 propositae
1046 4846 1076 4897 iu
1090 4844 1192 4911 syuodo
1206 4846 1326 4899 iiomcac
1336 4847 1432 4899 eostre
1449 4845 1596 4899 Hosticum
1608 4845 1649 4900 lV

885 4919 1082 4986 imperatorem.

887 5038 909 5086 t.
927 5033 983 5085 Nos
996 5045 1033 5087 ex
1047 5030 1182 5102 legatione
1196 5029 1303 5085 domiui
1318 5029 1405 5086 nostri
1417 5029 1491 5103 regis
1504 5031 1645 5104 Rudolphi

848 5133 875 5181 et
888 5123 1111 5196 prircipumejus
1118 5122 1314 5195 conquerimur
1324 5126 1395 5192 Deo,
1410 5131 1438 5180 st
1452 5132 1547 5181 sanem
1557 5127 1649 5192 Petro,

849 5226 999 5291 vestraeque
1022 5217 1187 5290 prtemitati,
1220 5224 1248 5272 et
1271 5226 1371 5274 cuncto
1391 5215 1454 5272 huic
1477 5216 1649 5274 mnotissimo

849 5312 966 5369 concilio
990 5309 1068 5384 quod
1093 5310 1137 5367 ille
1160 5311 1308 5379 tierricus,
1332 5325 1478 5382 quemros
1498 5309 1650 5382 apostolica

850 5405 1014 5462 auctoritato
1027 5403 1193 5477 deposuistis
1202 5420 1217 5460 a
1227 5419 1312 5478 regno
1322 5403 1448 5476 idipsum¹
1457 5418 1574 5477 regrum
1583 5419 1650 5461 con·

850 5508 892 5555 tra
916 5506 1038 5555 smmum
1060 5496 1237 5554 interdictum
1257 5497 1402 5569 tyrannice
1421 5496 1534 5567 irvasit,
1557 5497 1651 5555 omnia

850 5593 1066 5665 circumquaque
1092 5590 1176 5658 lerro,
1204 5589 1305 5662 praeda,
1333 5587 1459 5645 incendio
1487 5588 1650 5658 devastarit,

852 5685 1082 5758 archiepiscopos,
1099 5685 1251 5757 episcopos,
1264 5682 1299 5739 de
1311 5681 1515 5754 episcopatibus
1530 5682 1587 5739 suis
1600 5681 1652 5738 im·

853 5781 897 5853 pia
916 5778 1077 5838 crudelitate
1100 5779 1216 5849 expulit,
1239 5783 1266 5832 et
1287 5788 1382 5830 sorum
1402 5775 1574 5848 episcopatus
1594 5774 1655 5830 suis

853 5872 1010 5936 lectoribus
1022 5872 1065 5946 ir]
1079 5869 1214 5931 medua
1230 5865 1385 5938 distribuite·
1405 5867 1547 5939 marles
1567 5865 1666 5927 etism
