3884 6158
159 180 229 295 att·
497 234 526 291 S.
546 232 709 292 eumont!
727 230 772 287 Vll
791 230 892 286 PAPAE
911 228 1050 286 oruuutl
1069 228 1157 285 PARS
1176 230 1197 285 l.
1215 258 1252 270 -
1271 228 1474 285 uuutsrtttill.
1541 246 1546 251 ·
1759 230 1813 285 tta

158 358 265 429 comiti,
278 367 306 417 et
317 360 444 416 univemo
460 357 545 427 clero,
559 356 714 429 populoque
724 356 866 424 Firmano,
879 354 907 410 in
923 353 953 410 ti·
966 356 996 421 Α
1012 369 1073 410 rum
1088 352 1211 426 partibus
1224 351 1314 408 divim
1327 351 1494 424 dispensatio
1507 359 1610 408 terram
1624 359 1743 408 vestram
1765 368 1814 424 pa·

158 454 269 512 delitate
282 453 373 510 Sancti
394 452 466 509 Petri
482 450 697 523 persistentibus,
711 449 828 506 salutm
844 456 872 504 et
890 463 955 520 apo·
1007 447 1172 504 triarchatus
1183 447 1287 504 honore
1305 446 1474 515 sublimavit,
1495 446 1574 519 cujus
1589 445 1731 519 dignitatis
1745 445 1814 502 emi·

157 548 284 605 stolicam
300 544 529 603 benedictionem.
1008 541 1099 597 nentia
1120 557 1154 598 ex
1174 541 1234 613 ipsa
1259 541 1301 602 sui
1325 540 1446 596 nominis
1472 548 1500 595 et
1524 539 1607 595 oifleii
1634 540 1814 613 praerogativa

193 643 357 711 Quanquam
371 638 498 711 pleraque
517 635 596 693 nobis
609 634 645 692 de
658 634 850 693 archidiacono
865 642 956 691 restro
1008 635 1075 693 adeo
1090 642 1202 708 angusta
1217 642 1244 689 et
1257 649 1318 691 rara
1334 641 1387 702 est,
1408 642 1506 690 utnon
1520 633 1638 704 amplius
1650 647 1733 705 quant
1748 648 1815 706 qua-

158 731 374 806 reprehensibilia
382 733 465 788 relata
473 729 585 796 luerint,
597 746 630 786 eo
640 729 770 786 tamenin
778 737 871 786 nostra
884 743 957 801 prae·
1009 738 1071 785 tuor
1085 729 1113 784 in
1126 736 1185 784 toto
1199 726 1305 783 mundo
1324 727 1504 798 reperiantur.
1527 727 1611 797 Quod
1624 742 1687 783 cum
1708 727 1743 782 ita
1765 727 1803 783 sit

155 825 240 882 sentia
265 824 363 896 posito,
378 833 406 881 et
418 823 563 896 diiigenter
582 822 720 895 superbis
748 823 848 895 quibus
862 838 958 895 argue·
1008 822 1081 895 apud
1102 838 1149 878 vos
1171 830 1266 877 tamen
1283 819 1337 877 boc
1351 829 1459 877 tantum
1483 822 1576 887 decus,
1592 828 1621 876 et
1640 828 1697 875 tam
1711 820 1813 877 excelsi

156 917 236 974 batur
248 917 394 991 inquisito,
408 916 477 972 nihil
493 915 545 972 nisi
558 915 633 988 quod
646 915 680 971 ad
699 915 808 972 fidelem
823 917 957 987 pertinere
1009 916 1094 988 gloria
1108 914 1250 971 sacerdotii
1261 929 1294 969 ex
1307 914 1398 986 iuopia
1412 929 1505 970 rerum
1520 913 1713 986 temporalium
1729 923 1758 970 et
1770 913 1813 971 di·

155 1009 297 1069 videbatur
320 1010 507 1069 obedientiam
521 1009 549 1065 iu
564 1009 623 1082 ipso
648 1007 852 1079 deprehendere
866 1010 957 1081 potui·
1009 1009 1165 1065 rninutlone
1179 1008 1321 1080 potestatis
1337 1022 1394 1064 suae
1407 1006 1475 1064 adeo
1497 1007 1609 1075 vilescit,
1627 1015 1654 1063 et
1668 1023 1683 1063 a
1702 1023 1815 1080 compe·

155 1119 227 1161 mus.
242 1105 530 1175 Considerantesergo
550 1103 741 1160 necessitatem
765 1102 882 1159 viduatae
908 1106 957 1160 Ec-
1009 1101 1076 1158 tenti
1098 1110 1172 1158 statu
1186 1101 1299 1158 honoris
1321 1101 1362 1158 sui
1379 1101 1486 1173 penitus
1499 1101 1611 1167 corruit,
1632 1110 1662 1158 ut
1682 1110 1756 1158 tauta
1771 1111 1813 1159 te·

154 1197 254 1267 clasiae,
270 1198 489 1270 procurationem
503 1197 588 1253 totius
602 1197 772 1269 episcopatus
795 1196 906 1252 interim
930 1195 954 1253 ei
1009 1197 1098 1252 unitas
1111 1212 1203 1252 rerum
1218 1211 1270 1252 nec
1284 1195 1435 1266 simplicem
1449 1195 1621 1268 episcopatus
1635 1195 1726 1251 sedem
1742 1211 1812 1252 con·

153 1291 449 1360 commisimus,donec
458 1289 549 1347 divina
561 1291 720 1362 providente
729 1290 957 1360 clementia,cum
1009 1287 1811 1362 decere,antejusnecessitatibussulllcerepossevideatur.

152 1393 247 1442 nostra
261 1384 457 1454 sollicitudine,
471 1395 530 1441 tum
546 1384 618 1456 regis
631 1384 756 1452 oonsilio,
773 1392 801 1440 et
814 1383 955 1456 dispensa·
1009 1383 1092 1441 Unde
1103 1399 1151 1440 vos
1162 1383 1233 1439 tanti
1246 1381 1368 1439 beneficii
1378 1382 1476 1439 divinar
1485 1381 1678 1438 munificentiae
1690 1382 1813 1457 ingratos

152 1477 226 1535 bone
246 1477 342 1535 idonea
354 1477 388 1533 ad
403 1477 553 1550 regendam
567 1478 717 1534 Ecclesiam
731 1487 759 1533 et
768 1478 956 1550 episcopalem
1007 1485 1034 1532 et
1046 1476 1226 1533 immemores
1236 1491 1295 1533 esse
1303 1474 1540 1547 deprehendimus,
1549 1476 1677 1533 timentes
1685 1491 1719 1532 ne
1733 1476 1815 1549 quasi

79 1588 84 1597 ·
152 1571 315 1644 dignitatem
328 1586 443 1644 persona
456 1572 615 1643 reperiatur.
630 1574 806 1644 Quapropter
820 1572 955 1629 admoue—
1009 1571 1160 1643 degeneres
1182 1570 1228 1626 tilii
1251 1569 1362 1626 divitias
1376 1578 1404 1626 et
1426 1569 1614 1626 haereditatem
1629 1569 1811 1627 nobilissimae

153 1680 215 1720 mus
235 1680 295 1731 vos,
319 1673 347 1720 et
366 1664 514 1736 apostolica
538 1665 700 1721 auctoritate
727 1665 901 1736 praecipimus
926 1674 956 1722 ut
1010 1665 1105 1722 matris
1119 1671 1225 1732 voehae,
1247 1663 1373 1720 videlicet
1394 1661 1547 1720 Gradcnsis
1570 1662 1710 1730 Ecclesiae,
1725 1663 1812 1721 dissi-

152 1757 315 1814 unanimiter
339 1757 390 1814 sibi
410 1758 446 1814 ad
468 1757 528 1813 haec
548 1756 699 1829 peragenda
727 1764 815 1813 vestra
838 1749 986 1813 consiliaB
1003 1765 1108 1831 pantes,
1121 1756 1183 1814 inde
1197 1757 1370 1814 obscuriores
1391 1756 1559 1825 efficiamini,
1577 1757 1650 1814 unde
1665 1765 1728 1829 post
1743 1773 1811 1830 apo·

150 1857 178 1907 ct
197 1851 331 1924 adjutoria
346 1851 500 1923 praebeatis,
517 1858 545 1907 et
559 1866 589 1907 ea
605 1850 714 1923 quade
729 1850 808 1906 bonis
823 1851 953 1908 Ecclesiae
1007 1851 1130 1909 stolicam
1145 1850 1240 1908 sedem
1252 1850 1379 1907 omnibus
1394 1866 1456 1922 quae
1467 1859 1531 1907 sunt
1541 1851 1569 1906 in
1583 1849 1733 1908 Occidente
1744 1867 1811 1925 gen·

150 1943 270 2016 dispersa
282 1953 309 2000 et
325 1943 437 2001 confusa
451 1952 515 2002 suut
528 1960 689 2017 recuperare
702 1952 729 2000 et
743 1943 887 2000 salubriter
906 1960 953 2001 or·
1006 1945 1080 2001 tibus
1094 1944 1224 2001 clariores
1238 1943 1392 2000 exstitistis.
1416 1946 1473 2000 Nos
1492 1943 1621 2016 equidem
1636 1944 1812 2001 meminimus

149 2036 243 2094 diuare
256 2037 347 2094 modis
360 2053 424 2093 cum
443 2037 573 2093 omnibus
595 2034 739 2109 adiuvetis.
765 2038 793 2093 Si
811 2037 874 2110 quis
888 2053 951 2095 vero
1006 2038 1186 2095 Dominieum
1201 2036 1386 2111 patriarcham
1401 2037 1489 2095 beatae
1502 2039 1645 2095 memoriae
1660 2047 1813 2096 antecesso-

148 2137 245 2186 contra
259 2128 401 2203 praefatam
412 2130 564 2187 Fcclcsiam
576 2128 680 2202 aliquid
692 2130 824 2203 injuriose
835 2130 951 2187 commi·
1005 2147 1065 2189 rem
1080 2131 1162 2203 hujus
1180 2139 1291 2203 propter
1316 2132 1432 2188 nimiam
1453 2140 1603 2204 egestatem
1627 2133 1717 2189 locum
1731 2131 1812 2190 deae·

147 2223 193 2293 sit,
208 2233 257 2280 aut
277 2222 368 2281 iacere
381 2232 507 2289 conatur,
527 2224 633 2296 absque
647 2223 779 2280 dilatione
803 2223 952 2280 emendare
1004 2241 1064 2281 rere
1076 2224 1194 2281 voluisse
1208 2244 1214 2279 :
1228 2233 1256 2281 et
1267 2223 1310 2280 hic
1323 2224 1437 2298 quidem
1453 2225 1511 2298 pari
1526 2225 1685 2282 necessitate
1698 2225 1769 2283 dicit
1779 2242 1811 2284 se

148 2325 177 2372 et
193 2316 335 2374 reshtuere
349 2316 465 2374 studeat.
481 2316 562 2387 Quod
575 2319 598 2373 si
612 2332 665 2389 qua
687 2316 841 2373 temeritate
857 2317 950 2390 negle·
1005 2319 1222 2375 circumventum
1244 2333 1312 2375 esse.
1329 2320 1513 2391 Quapropter,
1542 2319 1613 2375 sicut
1633 2319 1810 2379 charissimos

147 2410 227 2478 xerit,
241 2410 310 2466 sciat
332 2426 361 2466 se
382 2426 415 2467 ex
429 2410 580 2483 apostolica
605 2409 765 2466 auctoritate
779 2410 807 2465 in
827 2411 951 2468 bannum
1005 2411 1085 2481 tilios,
1102 2427 1150 2469 vos
1162 2411 1345 2469 admonemus
1359 2421 1390 2469 ut
1403 2428 1542 2469 memores
1554 2412 1675 2485 pristinae
1685 2412 1811 2471 nobilita-

47 2502 53 2519 *
146 2518 274 2560 cmurum
301 2518 372 2570 esse,
395 2504 417 2559 si
439 2502 517 2560 dives
540 2511 591 2570 est,
613 2511 727 2560 centum
752 2503 892 2572 librarum3
907 2506 950 2560 sin
1004 2505 1039 2561 tis
1052 2514 1080 2562 et
1093 2505 1189 2577 glorier
1209 2506 1340 2562 collatum
1362 2504 1439 2562 vobis
1453 2506 1596 2576 honorem,
1611 2515 1639 2562 et
1649 2506 1809 2579 apostolicae

143 2596 249 2653 rerode
259 2596 452 2666 mediocribus,
466 2597 496 2653 in
509 2595 708 2653 detrimentum
725 2597 812 2654 totius
821 2597 947 2654 substan·
1003 2598 1078 2655 sedis
1091 2615 1155 2673 erga
1170 2615 1218 2657 vos
1229 2599 1450 2656 benevolentiam
1463 2600 1577 2655 ulterius
1587 2615 1641 2655 nou
1653 2600 1808 2674 negligatis,

146 2689 192 2747 tite
205 2705 272 2747 suae.
287 2689 367 2762 Agite
384 2705 451 2763 ergo
468 2698 498 2745 ut
509 2699 640 2763 appareat
652 2706 702 2746 ros
722 2691 856 2762 ingenuos
869 2699 897 2746 et
915 2691 949 2746 ti-
1003 2693 1051 2750 scd
1075 2693 1267 2750 convenientes
1287 2693 1416 2751 inunum
1437 2693 1554 2767 qualiter
1575 2693 1735 2767 antesignati
1758 2711 1807 2766 pa·

51 2854 55 2861 .
145 2783 221 2840 deles
239 2798 298 2840 esse
319 2792 417 2840 restrae
437 2782 534 2840 matris
556 2783 686 2841 Ecclesia
708 2783 790 2852 lilios,
813 2792 841 2840 ct
855 2784 948 2840 omnia
1002 2787 1334 2861 triarcbatusdignitatem
1347 2787 1438 2845 debita
1452 2803 1516 2844 cum
1529 2787 1701 2845 veneratione
1720 2797 1805 2847 etre-

145 2892 207 2950 qute
229 2875 265 2933 ad
286 2877 422 2934 honorem
443 2885 471 2934 et
491 2877 637 2934 utilitatem
659 2878 718 2950 ejus
740 2877 883 2950 pertinent,
911 2878 948 2935 ita
1002 2881 1266 2955 rumtemporalium
1276 2880 1515 2953 amplificationem
1523 2882 1692 2949 sustentetis,
1703 2891 1806 2942 etcum

145 2970 240 3027 restris
260 2970 357 3028 studiis
369 2971 421 3027 sub
444 2970 616 3042 providentia
630 2970 814 3027 archidiaconi
837 2980 949 3028 strenue
1002 2975 1053 3030 Dei
1073 2974 1208 3047 adjutorio
1231 2974 1267 3032 ad
1279 2974 1390 3031 culmen
1405 2990 1463 3031 suae
1476 2974 1645 3032 celsitudinis
1666 2977 1804 3049 relevetis,

141 3073 319 3136 peragantur,
332 3074 363 3121 ut
374 3063 571 3136 omnipotentia
584 3063 636 3120 Dei
651 3063 780 3136 gratiam,
795 3071 823 3121 et
835 3072 944 3136 aposto-
998 3067 1139 3124 communi
1154 3067 1267 3124 consilio
1283 3069 1463 3140 pertractetis.
1478 3068 1612 3125 lndicavit
1625 3069 1739 3142 quidem
1752 3087 1806 3128 uo·

144 3157 205 3213 licre
222 3157 421 3215 benedictionis
443 3156 563 3214 salutem
578 3155 749 3213 mereamini.
962 3132 986 3194 C
1000 3160 1041 3216 bis
1053 3160 1096 3216 hic
1104 3159 1243 3217 confrater
1255 3170 1348 3218 noster
1362 3161 1526 3234 patriarcha,
1539 3171 1566 3219 te
1579 3161 1687 3231 ducem,
1702 3173 1731 3220 et
1744 3163 1804 3237 ple·

179 3254 248 3307 Data
262 3252 361 3308 llomae
382 3249 503 3307 mcuudo
524 3251 588 3322 [ιι]
602 3249 743 3307 Kalendas
756 3249 890 3318 Ianuarii,
903 3250 943 3306 iu·
998 3262 1231 3326 rosquerestrum
1249 3270 1333 3327 quam
1350 3255 1580 3328 optimamsuper
1594 3254 1645 3312 hac
1659 3256 1804 3315 rehabere

143 3343 261 3402 dictione
272 3344 377 3402 decima
391 3344 481 3402 tertia
997 3346 1166 3404 voluntatem
1188 3367 1194 3403 :
1214 3357 1324 3421 propter
1342 3347 1417 3421 quod
1430 3357 1458 3405 et
1476 3348 1627 3406 fiducialius
1641 3349 1674 3407 ad
1689 3351 1802 3423 explen-

374 3455 548 3513 gppgTOLg
569 3456 708 3511 χχχιχ,
997 3439 1063 3497 dum
1087 3456 1156 3514 opus
1175 3441 1239 3499 boui
1255 3441 1387 3516 propositi
1409 3450 1529 3498 vestram
1549 3442 1688 3500 exhortari
1707 3443 1802 3518 incipi-

243 3575 285 3616 ω
297 3574 404 3617 „um
412 3574 449 3616 η
462 3573 610 3617 mum
624 3571 837 3616 „mmm
996 3549 1059 3591 mus
1070 3534 1254 3592 dilectionem.
1266 3535 1409 3609 Quidquid
1421 3535 1503 3609 igitur
1514 3535 1580 3593 inde
1589 3536 1661 3594 inter
1670 3552 1719 3594 vos
1730 3553 1802 3595 con·

446 3664 536 3728 (Anno
550 3665 640 3728 107⁴.)
996 3629 1098 3685 snitum
1112 3637 1140 3685 et
1153 3629 1333 3686 coustitutum
1353 3626 1447 3697 fuerit,
1462 3629 1544 3686 nobis
1568 3646 1616 3702 per
1630 3629 1734 3689 litteras
1751 3640 1802 3690 aut

144 3775 268 3829 Testatur
285 3788 360 3828 suum
380 3773 410 3828 in
432 3788 473 3828 eos
492 3773 670 3828 dilectionem.
694 3775 827 3829 Hortatur
844 3778 876 3829 ut
893 3790 941 3845 pa·

174 3842 302 3898 triorche
311 3846 398 3898 nimio
412 3848 529 3914 egestate
546 3859 670 3915 oppresso
679 3861 739 3914 quae
748 3851 939 3901 suntaeceasc·

177 3914 265 3969 rieod
272 3916 358 3969 uitam
370 3915 503 3970 tuendam
510 3917 690 3985 producentia
701 3920 784 3971 taatoe
794 3917 940 3985 dmadctis

176 3985 356 4056 suppeditent.

174 4092 762 4165 stooarusepiscopus,serrasservorum
773 4095 834 4163 Dei,
843 4097 938 4152 Dour·

140 4182 297 4251 nrcoduci,
306 4189 335 4238 et
346 4182 448 4255 populo
459 4180 583 4239 Venetia
595 4184 710 4240 salutem
723 4192 753 4241 et
761 4183 937 4256 apostolicam

140 4274 366 4333 benedictionem.

174 4370 277 4426 Notum
291 4384 351 4426 csse
370 4366 517 4439 credimus,
539 4385 597 4426 non
610 4370 702 4427 solum
717 4370 761 4426 his
778 4370 824 4443 qui
843 4370 937 4428 uobis·

995 3729 1070 3779 certo
1085 3722 1183 3779 nuntio
1197 3723 1360 3796 quantocius
1377 3723 1544 3791 renuntiate;
1563 3724 1692 3796 quoniam
1711 3726 1800 3800 sipro

995 3815 1080 3888 gloria
1095 3824 1123 3872 et
1139 3815 1293 3885 nobilitate,
1312 3824 1369 3873 tam
1381 3815 1465 3873 vestri
1486 3831 1568 3889 quam
1583 3816 1689 3890 praetati
1704 3818 1803 3877 locist

995 3907 1154 3975 sacerdotii,
1165 3908 1268 3981 aliquid
1281 3909 1439 3978 statueritis,
1450 3918 1481 3967 ut
1491 3926 1606 3985 aequum
1619 3918 1661 3968 cst
1674 3927 1724 3985 pro
1740 3928 1800 3970 me-

994 4001 1052 4059 ritis
1067 4001 1162 4059 vestris
1176 4003 1383 4076 gratulabimur;
1399 4003 1441 4059 sin
1456 4019 1522 4060 vero
1535 4004 1625 4078 aliqua
1638 4006 1729 4062 minus
1742 4006 1800 4064 ho·

994 4105 1072 4152 nesta
1084 4111 1133 4152 ros
1147 4097 1254 4154 occano
1266 4099 1422 4165 retraxerit,
1432 4096 1526 4169 procul
1538 4097 1623 4155 dubio
1634 4099 1703 4155 tend
1715 4099 1800 4158 mini·

993 4189 1068 4246 sterii
1089 4205 1190 4247 nomen
1211 4189 1281 4247 iuter
1299 4205 1348 4248 ros
1370 4190 1510 4261 vilescere,
1534 4199 1562 4248 et
1574 4191 1667 4250 debito
1691 4191 1800 4252 honore

993 4282 1093 4356 privari
1107 4299 1166 4340 nou
1181 4283 1329 4356 patiemur.

1026 4379 1099 4433 Data
1109 4378 1209 4434 Romae
1219 4376 1340 4435 mcuudo
1352 4377 1491 4436 Kalendas
1500 4378 1634 4449 tauriani,
1646 4378 1798 4441 indictione

138 4477 203 4520 cum
231 4463 329 4521 morati
353 4472 429 4533 sunt,
457 4463 504 4521 sed
531 4462 612 4520 etiam
640 4463 774 4537 plerisque
801 4470 935 4533 restrum,
950 4489 977 4554 D
990 4467 1097 4526 decima
1111 4468 1201 4526 tertia.

138 4554 212 4628 quod
221 4556 279 4628 jam
293 4556 328 4613 ab
341 4556 450 4614 ineunte
463 4564 542 4615 aetate
555 4564 659 4615 terram
673 4566 791 4615 vestram
811 4566 839 4614 et
854 4557 938 4615 liber·

137 4655 224 4705 tatem
238 4649 318 4722 huius
329 4651 419 4723 gentis
428 4650 505 4708 valde
516 4650 674 4720 dileximus,
684 4660 765 4724 atque
778 4651 814 4708 cb
827 4650 856 4708 id
865 4667 937 4708 non·

136 4741 275 4799 nullorum
290 4744 442 4817 principum
462 4753 489 4800 et
502 4744 636 4802 nobilium
648 4759 829 4818 persouamm
843 4745 938 4802 inimi·

136 4833 215 4891 eities
226 4835 417 4894 sustinuimus.
433 4839 582 4911 Postquam
595 4854 659 4895 vero
671 4839 811 4912 apostolici
823 4837 935 4913 regimi-

136 4927 178 4984 nis
191 4943 261 4985 onus
271 4937 299 4985 et
310 4928 445 4999 cilicium,
458 4931 521 4987 licet
532 4930 648 5004 indigni,
662 4932 842 5004 suscepimus,
858 4941 935 4989 tanto

136 5018 284 5078 terrentius
292 5021 320 5078 in
331 5020 475 5080 dilectione
486 5030 576 5080 vestra
588 5032 682 5081 nosoer
694 5024 795 5081 exarsit
806 5022 934 5091 affectus,

1268 4568 1442 4626 Eersrornt
1455 4569 1516 4624 xl.

1205 4682 1245 4724 ab
1256 4682 1427 4727 UMVRBSOS
1436 4682 1572 4727 stultus.

1292 4770 1386 4834 (Anno
1411 4771 1502 4832 tort.)

1082 4864 1116 4919 Ut
1130 4863 1231 4936 legatos
1249 4879 1310 4919 suos
1320 4879 1434 4934 conqruo
1448 4866 1544 4920 honore
1555 4864 1702 4934 recipiant,

1172 4937 1262 5006 esque
1275 4936 1453 4991 obedientiam
1463 4939 1604 5008 prestent.

1024 5032 1621 5105 Gereonrusepiscopus,servusservorum
1629 5033 1793 5101 Deiomni·

136 5123 240 5186 quanto
259 5130 308 5188 per
328 5115 462 5188 generalis
482 5131 555 5220 cum
568 5116 691 5173 debitum
713 5118 742 5174 in
763 5116 934 5174 administra·
988 5122 1040 5181 bns
1053 5127 1145 5183 Sancti
1168 5126 1240 5182 Petri
1262 5125 1389 5183 fidelibus
1406 5128 1441 5184 ad
1466 5143 1536 5200 quos
1560 5126 1706 5199 portitores
1721 5142 1794 5200 pree·

135 5207 241 5264 tionem
253 5216 348 5266 vestrae
362 5209 457 5266 salutis
471 5209 615 5267 sollicitius
627 5209 729 5266 astricti
739 5226 844 5267 sumus.
859 5213 932 5281 Qua·
986 5219 1104 5275 sentium
1129 5219 1262 5286 venerint,
1286 5219 1450 5277 salutemet
1476 5220 1653 5294 apostolicam
1677 5220 1791 5280 benedi·

136 5309 246 5373 propter
272 5301 373 5359 litteras
399 5301 434 5359 ad
459 5318 508 5359 vos
529 5300 691 5371 direximus,
717 5312 747 5361 ut
766 5301 932 5361 nobilitatem
987 5311 1118 5367 ctionem.

135 5403 253 5451 vestram
267 5393 300 5451 ad
313 5394 510 5468 respiciendum
524 5395 608 5453 decus
622 5404 649 5453 et
661 5397 858 5454 sublimitatem
879 5414 931 5455 an-
1021 5405 1125 5460 Notnm
1147 5404 1225 5461 robis
1245 5415 1288 5463 est
1309 5407 1384 5480 quod
1398 5416 1586 5464 succrescente
1613 5407 1748 5478 nequitia,
1762 5416 1792 5466 et

136 5488 217 5561 tiquae
229 5487 367 5561 diguitatis
380 5504 437 5546 suae
451 5490 568 5546 excitare
582 5490 731 5564 possimus,
744 5507 778 5548 ne
793 5508 826 5548 ex
841 5492 930 5566 longa,
985 5495 1120 5554 diabolica
1142 5496 1239 5555 fraude
1257 5515 1452 5573 usquequaque
1473 5500 1666 5567 invalescente,
1689 5502 1791 5559 multo·

135 5582 209 5654 quod
230 5582 311 5651 absit,
333 5583 495 5656 negligentia
515 5583 648 5656 dilapsum
669 5583 802 5642 honorem
828 5593 928 5658 gemat,
982 5605 1046 5646 rum
1055 5590 1113 5662 jam
1126 5591 1243 5648 charitas
1255 5591 1357 5666 friguit,
1369 5601 1397 5650 ct
1414 5594 1499 5651 totius
1511 5594 1650 5668 religonis
1664 5593 1789 5652 studium

133 5690 214 5748 quem
230 5676 321 5733 adhuc
337 5685 466 5748 stantem,
482 5676 549 5734 dum
566 5687 663 5750 potest,
679 5680 770 5735 colere
781 5688 810 5736 et
823 5694 929 5737 servare
982 5682 1011 5739 iu
1026 5693 1117 5741 sancta
1132 5686 1252 5743 Ecclesia
1268 5702 1337 5760 pene
1347 5686 1488 5744 deiecerit.
1504 5687 1558 5745 Sed
1579 5687 1642 5761 quia
1657 5686 1789 5762 impossi-

69 5832 72 5837 ,
134 5783 192 5826 nou
207 5769 321 5828 laborat.
337 5770 501 5828 Scitis'euim
517 5773 647 5844 qnoniam
663 5787 719 5845 pre
738 5774 929 5830 multisterra·
984 5775 1037 5836 bile
1055 5788 1098 5835 est
1109 5787 1232 5836 nostram
1246 5779 1276 5838 in
1288 5789 1330 5838 tot
1340 5788 1369 5839 et
1379 5788 1437 5838 tam
1452 5780 1573 5839 diversas
1584 5780 1789 5841 sollicitudines
