3884 6158
145 288 205 345 sos

685 294 784 349 treas
803 290 983 349 saturnus
1003 322 1039 332 -
1058 278 1160 349 arist.
1182 294 1266 350 tun.

1747 293 1800 347 ilc

147 422 293 486 petentem
310 415 464 472 terminum
477 417 634 490 accepisset.
648 418 701 474 Sed
713 419 845 490 quoniam
860 417 947 489 negli-
961 421 987 483 Α
1001 428 1113 474 vertere.
1130 421 1246 474 Deceret
1259 418 1344 474 etiarn
1357 427 1387 472 ut
1402 431 1471 489 quos
1483 416 1642 474 miserabilis
1656 424 1800 488 paupertas

146 509 244 581 gentis
257 515 315 575 tua,
331 517 358 564 et
367 509 488 582 episcopi
511 510 641 582 predictae
660 512 777 567 civitatis
790 510 948 567 inobedien-

144 603 201 668 tia,
226 601 366 674 bucusque
395 611 533 675 protracta
569 614 622 674 est,
655 621 768 662 necesse
793 605 873 661 nobis
899 604 950 660 luit

143 695 258 751 clericis
280 694 373 752 tandiu
397 695 509 754 efflictis
532 714 699 768 succurrere,
725 707 753 755 et
768 697 951 755 inobedientis

141 788 353 847 contumaciam
368 791 527 861 apostolicae
538 793 709 849 auctoritatis
728 793 823 865 vigore
837 800 951 849 contun-

142 882 229 939 dere.
255 883 348 939 llultis
371 883 445 940 enim
465 884 554 942 modis
582 886 713 957 praefatus
742 886 950 943 Cataleonensis

141 977 298 1048 episcopus
311 986 415 1034 nostrae
426 977 542 1050 jussioni
553 996 647 1051 parere
662 980 838 1052 contempsit.
856 980 949 1036 Primo

141 1069 229 1125 enim
253 1079 366 1127 vocatus
385 1071 418 1128 ad
433 1071 567 1145 synodum
586 1074 677 1130 tenire
695 1074 824 1146 neglexit.
840 1077 882 1130 De
903 1089 950 1130 ore

141 1172 249 1219 nomo
277 1164 482 1235 praesentialiter
506 1165 540 1221 de
560 1166 734 1224 restitutione
753 1165 948 1223 beneficiorum

139 1257 315 1313 clericorum
328 1265 466 1329 praecepta
489 1259 653 1332 suscipiens,
668 1258 802 1317 obaudire
816 1259 947 1333 despexit.

139 1349 265 1406 Litteris
275 1349 375 1407 deinde
388 1351 490 1408 nostris
505 1350 681 1423 admonitus,
694 1353 796 1410 iterum
808 1370 870 1425 quae
882 1369 951 1425 pruc-

140 1444 277 1515 cepimus
290 1443 440 1517 adimplere
449 1446 557 1518 sprevit.
571 1446 761 1516 Quamobrem
768 1455 879 1518 propter
891 1456 949 1503 tam

141 1552 297 1594 enormem
310 1536 500 1596 inobedientiae
514 1541 695 1597 temeritatem
710 1541 862 1613 apostolica
881 1557 948 1597 auc-

138 1632 261 1687 toritate
283 1632 357 1688 omni
378 1633 521 1705 episcopali
547 1634 640 1691 cilicio
664 1634 828 1706 privandum
843 1635 948 1690 cerasol-

1004 519 1032 566 et
1045 510 1123 568 ruina
1143 510 1264 568 ecclesiae
1290 519 1385 567 vestras
1408 511 1600 582 compatiendo
1628 525 1685 565 non
1701 510 1799 583 tangit,
1860 550 1863 557 .

1003 605 1164 660 verecundia
1172 605 1262 660 saeculi
1273 645 1281 667 ,
1292 613 1318 660 ct
1339 604 1476 661 infirmata
1492 612 1520 659 et
1528 604 1642 660 omnino
1654 612 1800 674 contemp-

1003 697 1042 753 tui
1067 696 1157 752 habita
1180 698 1295 769 quaestic
1321 707 1409 753 restra
1436 697 1573 754 silentium
1594 697 1734 768 imponere
1752 695 1799 752 de·

1004 791 1119 847 buisset.
1135 790 1216 846 Unde
1233 791 1422 856 admonemus,
1434 799 1464 848 ut
1478 791 1606 846 intervos
1619 789 1799 846 ulteriusnon

1003 884 1057 940 sint
1070 883 1221 940 schismate
1235 892 1262 939 et
1286 884 1476 941 contentiones
1492 883 1540 940 sed
1554 883 1628 954 quod
1642 899 1694 939 nos
1713 881 1798 938 senti-

1004 993 1080 1043 mus,
1096 976 1170 1050 quod
1197 977 1279 1033 nobis
1303 977 1414 1043 scilicit,
1430 976 1504 1047 quod
1526 980 1650 1032 Roatana
1666 975 1799 1048 approbat

1003 1070 1136 1139 Ecclesia,
1152 1086 1201 1127 vos
1228 1070 1348 1142 idipsum
1362 1069 1484 1125 sentiatis
1500 1077 1528 1125 et
1546 1068 1670 1137 teneatis,
1685 1068 1800 1124 scientes

1004 1164 1067 1236 quia
1088 1163 1226 1220 nosnullo
1243 1164 1325 1220 modo
1350 1163 1487 1235 patiemur
1507 1161 1558 1216 sub
1576 1160 1735 1232 hujusmodi
1750 1176 1799 1216 cc-

1003 1258 1116 1314 casione
1129 1257 1268 1325 scandali,
1282 1273 1330 1312 seu
1344 1256 1484 1311 inutilium
1505 1254 1737 1326 disceptationum
1752 1269 1798 1309 ra·

1004 1351 1139 1406 nitatibus
1170 1350 1314 1407 ecclesiam
1337 1357 1463 1405 nostram
1488 1347 1637 1414 devastari,
1665 1346 1713 1401 sed
1740 1345 1800 1417 ejus

1003 1445 1122 1501 miseriae
1137 1452 1219 1516 atque
1242 1441 1411 1511 necessitati,
1424 1451 1505 1513 prout
1525 1444 1600 1496 Deus
1623 1439 1799 1505 concesserit,

1004 1552 1061 1593 non
1081 1537 1169 1593 solum
1183 1536 1330 1608 loquendo,
1345 1535 1392 1592 sed
1404 1544 1431 1591 et
1444 1533 1596 1591 vindictam
1605 1541 1702 1590 contra
1714 1531 1801 1604 ipsius

1004 1631 1133 1687 inimicos
1146 1630 1301 1686 exercendo
1309 1630 1512 1685 subveniemus.

139 1739 226 1792 mus,
241 1732 270 1780 et
290 1724 348 1781 baeo
373 1735 463 1797 perte
484 1736 596 1783 strenue
614 1729 745 1800 compleri
770 1729 846 1785 omni
869 1744 946 1784 mora
1037 1727 1109 1779 Data
1119 1727 1227 1793 Romae,
1236 1732 1335 1796 quarto
1343 1725 1400 1791 [ru]
1412 1725 1505 1778 Nonas
1515 1721 1641 1787 Martias,
1649 1719 1800 1777 indictione

140 1819 303 1891 postposita
315 1818 473 1876 statuimus.
489 1823 588 1878 Denuo
598 1821 680 1877 etiam
696 1821 814 1878 firmiter
826 1822 948 1894 praecipi·
963 1788 987 1850 B
1003 1817 1109 1875 decima
1120 1817 1213 1874 tertia.
1366 1822 1369 1827 ‘

142 1927 219 1969 mus
238 1919 270 1968 ut
298 1912 322 1968 ei
344 1912 525 1970 nibilominus
539 1914 668 1987 injungas
685 1931 718 1971 ex
737 1924 831 1972 nostra
855 1924 883 1971 et
900 1924 947 1972 tua

139 2014 242 2079 parte,
267 2013 402 2078 quatenus
423 2007 558 2078 praedictis
582 2009 687 2065 clericis
710 2019 802 2080 erepta
825 2010 898 2067 bona
919 2018 948 2065 et.

139 2098 297 2169 beneficia,
314 2100 390 2156 omni
414 2101 590 2159 excusatione
610 2103 771 2175 postposita,
790 2103 948 2176 ubicunque

141 2209 270 2251 manere
281 2193 428 2264 voluerint,
448 2195 584 2259 restituat,
601 2195 732 2269 adjuncto
746 2205 773 2253 et
793 2205 948 2254 restaurato

140 2285 231 2358 quod
251 2285 287 2343 de
300 2286 393 2343 usibus
412 2304 503 2345 rerum
517 2303 629 2345 suarum
644 2290 830 2367 perdiderunt,
845 2306 878 2347 ex
892 2306 948 2362 quo

139 2378 245 2435 nosci
272 2379 454 2453 proeeipimus.
469 2383 527 2437 Hac
551 2383 619 2450 rice,
639 2383 662 2439 si
688 2383 752 2439 lruic
766 2392 862 2440 nostro
877 2399 948 2455 prae·

140 2480 235 2545 cepto
247 2472 439 2547 obtemperare
448 2476 578 2544 noluerit,
589 2477 749 2534 omnimodo
762 2493 902 2548 acorpore
920 2486 949 2534 et

138 2566 284 2638 sanguine
304 2567 416 2623 Domini
430 2579 566 2637 arceatur,
590 2570 679 2627 donec
703 2586 750 2641 per
763 2569 948 2627 obedientiam

139 2660 242 2716 discat
258 2668 360 2717 sanctae
378 2664 511 2718 Romanae
538 2663 666 2719 Ecclesiae
681 2662 751 2720 colla
773 2664 948 2732 submittere,

142 2752 194 2810 cui
225 2768 273 2825 per
304 2753 515 2811 inobedientiam
541 2770 598 2812 non
631 2756 742 2812 erubuit
765 2756 948 2813 recalcitrare.

141 2848 174 2905 Si
207 2861 272 2902 xero
295 2847 376 2918 legati
403 2848 488 2904 nostri
513 2846 547 2904 ad
571 2849 723 2906 Galliarum
750 2858 840 2921 partes
863 2866 949 2922 usque

141 2940 181 2997 ad
198 2938 340 2997 Kalendas
347 2940 476 2996 Octobris
485 2941 576 3009 ierint,
583 2951 645 2998 ante
656 2943 830 3014 praesentiam
839 2943 948 2999 illorum

142 3049 176 3089 sc
190 3042 317 3105 paratum
331 3033 365 3089 ad
381 3035 606 3107 expurgationem
618 3052 698 3092 suam
710 3045 873 3107 praesentare
888 3053 950 3109 pro·

145 3134 238 3183 curet.
250 3126 295 3182 Sin
310 3136 412 3195 autem,
433 3127 467 3183 ad
489 3127 665 3184 festivitatem
681 3130 811 3186 Omnium
834 3133 951 3187 Sancto·
968 3164 1097 3236 cpifflus
1122 3178 1207 3234 quam
1233 3169 1260 3217 e,
1284 3170 1349 3217 ante
1369 3159 1516 3217 dommum
1533 3168 1562 3216 οἱ

144 3235 217 3276 rum
236 3228 299 3276 ante
313 3235 366 3276 nos
380 3236 409 3277 se
425 3221 643 3296 expurgandum,
659 3223 733 3278 omni
746 3224 887 3281 occasione
910 3240 952 3281 re-
1100 3204 1107 3231 ’

147 3321 240 3381 mota,
253 3322 410 3386 praesentet.

185 3408 260 3463 Data
280 3410 388 3477 Romae,
412 3416 511 3482 quarto
538 3411 632 3467 Nonas
669 3412 773 3480 lllartii,
804 3410 951 3468 indictione

150 3500 257 3558 decima
281 3502 373 3558 tertia.

404 3607 579 3662 EPISTOLA
609 3608 693 3663 Lvtt.

424 3720 466 3760 so
492 3718 679 3761 rusticanos

440 3807 532 3872 (Anno
561 3802 650 3874 tots.)

159 3900 278 3969 lucreptut
286 3916 328 3955 eos
342 3900 414 3970 quod
424 3901 567 3969 superfluis
578 3903 760 3967 querimoniis
772 3906 866 3956 conire
873 3918 952 3958 suum

190 3974 338 4041 episcopum
377 3971 526 4042 repetendis
553 3971 674 4026 Ecclesiae
709 3974 848 4027 Fesulcrue
875 3975 952 4028 dum·

189 4058 225 4096 tro
257 4045 388 4110 iusserunt.
430 4043 506 4097 ciacc
540 4044 579 4095 eis
601 4041 736 4096 silettlium
767 4048 898 4113 importit5
926 4061 953 4101 se

190 4120 278 4169 ttttiem
299 4116 373 4169 trullo
404 4114 481 4169 modo
512 4127 657 4182 passurum
692 4115 825 4170 ecclesium
862 4116 953 4171 derce

190 4188 254 4241 tori.

190 4287 371 4343 Grecostos
380 4287 535 4360 episcopus,
545 4304 640 4345 servm
649 4288 949 4355 serrorumDei,Fesu·

161 4376 219 4435 lano
250 4379 326 4435 clero
340 4387 368 4435 et
391 4381 505 4453 populo,
532 4380 683 4452 majoribus
714 4379 838 4438 uidelicet
868 4391 950 4455 atque

161 4471 315 4542 minoribns,
340 4472 499 4530 salutemet
521 4475 700 4547 apostolicam
722 4474 949 4532 benedictionem.

1235 1933 1410 1989 EPlSTOLA
1436 1932 1533 1988 LVlll.

1040 2061 1080 2102 xo
1096 2060 1266 2101 usnnssttrt
1289 2058 1456 2101 ntmnnsstr
1475 2056 1761 2100 sacntsrtscortttr.

1289 2163 1382 2224 (Anno
1393 2161 1483 2223 1075.)

1006 2277 1039 2330 lit
1058 2276 1256 2332 Nocicmensem
1272 2275 1425 2343 episcopum
1447 2271 1484 2325 cc
1508 2274 1671 2337 qucmem
1694 2269 1799 2332 uillam,

1037 2363 1054 2400 o
1079 2345 1254 2414 trajectanus
1275 2346 1389 2414 episcopi
1403 2342 1589 2411 iurisdictione
1614 2344 1743 2410 ereptam,
1776 2344 1803 2395 si

1037 2417 1070 2471 tal
1087 2418 1141 2471 sibi
1150 2416 1307 2477 cctctitert't,
1323 2414 1519 2469 restituendum
1533 2412 1681 2482 compellat,
1698 2414 1722 2466 si
1734 2412 1801 2481 quid

1038 2488 1236 2555 cutemJ'urisse
1245 2486 1443 2557 pututltcbcre,
1456 2484 1592 2553 inspectio
1601 2498 1708 2537 causum
1723 2488 1797 2553 aqut.

1038 2603 1211 2658 Gnseontus
1223 2603 1378 2674 episcopus,
1394 2615 1488 2656 servus
1503 2615 1646 2655 sertorum
1660 2600 1722 2666 Dei,
1738 2600 1801 2654 bln-

1003 2711 1108 2752 unssm
1118 2695 1251 2749 Remensi
1265 2694 1483 2766 archiepiscopo,
1502 2692 1620 2749 salutem
1634 2700 1660 2748 ct
1673 2689 1803 2763 apostoli·

1003 2805 1064 2844 cnm
1091 2786 1325 2843 benedictionem.

1038 2882 1193 2938 Conlratris
1224 2881 1314 2936 nostri
1338 2880 1522 2951 'trajectensis
1555 2879 1676 2950 episcopi
1704 2877 1801 2932 Wilel-

1005 2977 1042 3031 mi
1059 2981 1129 3043 (374)
1148 2975 1288 3048 querelam
1303 2973 1338 3030 de
1352 2973 1486 3046 Brugensi
1512 2971 1645 3039 Ecclesia,
1660 2972 1688 3025 in
1701 2972 1802 3027 Nouio

1008 3070 1095 3125 utensi
1109 3069 1247 3141 episcopio
1262 3069 1314 3123 sita
1329 3067 1429 3123 litteris
1440 3066 1526 3138 ipsius
1549 3065 1706 3137 expositam
1724 3080 1800 3119 acce·

1581 3158 1800 3231 predecessorem

1006 3266 1133 3313 nostrum
1158 3271 1259 3330 papam
1275 3253 1466 3312 Alexandrum
1491 3253 1659 3324 depositam,
1679 3250 1800 3308 necdum

1004 3351 1174 3422 competenti
1186 3350 1306 3404 termino
1321 3348 1438 3420 contigit
1452 3347 1572 3404 deliniri.
1584 3346 1693 3401 Astrrtit
1707 3353 1801 3401 autem

1006 3442 1338 3516 episcopus'srajectensis
1351 3441 1478 3497 eamdem
1489 3440 1639 3521 Ecclesiam
1651 3439 1801 3495 traditione

1004 3537 1117 3609 antiqua
1131 3535 1190 3592 sedi
1214 3550 1270 3591 suae
1291 3534 1445 3607 delegatam
1459 3534 1585 3591 ducentis
1611 3533 1697 3590 lerme
1719 3533 1805 3601 annisv

1004 3632 1129 3687 absolute
1137 3629 1263 3702 etquiete
1277 3628 1312 3685 ad
1323 3645 1388 3683 usus
1398 3627 1592 3700 stipendiarios
1601 3627 1801 3684 canonicorum

1004 3724 1222 3798 Trajeetensium
1230 3722 1380 3791 detentam,
1391 3721 1597 3778 donecRabctb
1607 3720 1801 3777 Noviomensis

1005 3820 1157 3891 episcopus,
1181 3816 1284 3889 absque
1302 3816 1357 3871 ullo
1379 3816 1514 3872 canonico
1541 3815 1658 3887 judicio,
1673 3816 1727 3871 sibi
1739 3831 1801 3871 eam

1005 3912 1151 3983 subripuit,
1167 3920 1205 3979 et,
1221 3919 1252 3966 ut
1265 3907 1407 3966 ailirmant
1425 3910 1510 3982 legati
1526 3908 1612 3980 (quod
1627 3911 1739 3982 gravius
1760 3919 1802 3967 est

1005 4015 1033 4063 et
1047 4007 1163 4063 ararnino
1177 4005 1325 4072 illicitum),
1341 4004 1420 4060 alteri
1434 4003 1546 4060 atridam
1560 4003 1659 4059 clerico
1670 4003 1800 4060 vendidit.

1005 4104 1179 4172 Quapropter
1195 4098 1403 4171 suffraganeum
1416 4106 1496 4153 tunm
1511 4098 1725 4154 Noxiomensem
1745 4098 1802 4169 epi·

1006 4210 1120 4267 scopum
1134 4209 1183 4265 per
1197 4201 1225 4248 te
1239 4191 1459 4248 conveniendum
1471 4207 1531 4247 esse
1547 4192 1717 4259 censuimus,
1728 4191 1800 4249 etde

1006 4296 1084 4344 tanta
1104 4287 1292 4359 perversitate,
1318 4286 1341 4340 si
1355 4286 1394 4340 ita
1409 4300 1468 4340 esse
1483 4285 1651 4352 eonstiterit,
1679 4286 1801 4342 severius

1005 4379 1217 4453 increpandum,
1232 4395 1264 4435 ac
1275 4378 1392 4434 subinde
1407 4377 1623 4447 admouendum,
1645 4379 1702 4434 imo
1716 4379 1800 4434 etiam

1004 4474 1236 4546 compellendum,
1251 4481 1282 4528 ut
1291 4488 1429 4529 canonum
1438 4479 1540 4527 statuta
1550 4471 1701 4542 sequendo,
1716 4472 1800 4528 eccle·

192 4566 326 4623 lliranrur
345 4566 410 4623 satis
423 4567 497 4638 quod
518 4566 553 4624 de
576 4584 657 4625 causa
683 4569 837 4625 lrasmundi
861 4572 952 4637 [Tras
966 4581 991 4642 1)
1005 4571 1075 4626 siam
1089 4568 1303 4641 Trajeetensem,
1320 4582 1382 4638 quae
1393 4574 1471 4621 tanto
1483 4574 1607 4637 tempore
1619 4564 1739 4637 possedit
1749 4581 1800 4621 sua

164 4659 257 4729 mundi]
282 4659 402 4732 episcopi
423 4661 505 4717 vestri
532 4663 667 4718 Romanae
692 4661 820 4718 Ecclesiae
846 4662 952 4718 scilicit

165 4751 318 4820 quibusdam
332 4761 455 4810 vestrum
469 4770 525 4810 non
545 4754 681 4817 sulficere,
697 4763 725 4810 et
737 4755 949 4827 querimoniam,

167 4843 247 4901 multis
258 4862 290 4902 ac
302 4845 442 4904 diuturnis
455 4847 685 4919 inquisitionibus,
701 4847 756 4904 imo
765 4848 869 4906 divinis
879 4848 949 4905 indi·

169 4933 250 4994 ciisad
271 4939 354 4996 finem
369 4940 539 5013 perductam,
557 4940 702 5012 superlluis
719 4940 949 5014 disputationibus

171 5039 285 5105 tecture,
302 5042 330 5091 et
344 5034 384 5090 sic
398 5035 542 5091 Fesulanae
562 5034 693 5090 Ecclesitc
707 5044 768 5106 post
781 5035 879 5108 longas
899 5036 948 5091 tri-

173 5116 304 5184 bulationes
317 5127 389 5199 ipsas
404 5127 535 5199 reliquias
554 5143 726 5184 consumere.
755 5128 780 5184 Si
802 5131 877 5184 enim
893 5130 947 5201 epi·

1005 4663 1204 4735 exspoliatione
1213 4661 1272 4716 sinc
1282 4676 1358 4714 mora
1371 4658 1487 4714 inducat
1498 4658 1663 4729 [reinducat]
1678 4674 1710 4714 ac
1724 4666 1799 4731 post·

1005 4774 1048 4824 ea,
1064 4754 1167 4827 siquid
1184 4752 1267 4809 babet
1291 4752 1437 4825 quodjure
1455 4760 1648 4824 conqueratur,
1673 4751 1800 4826 syttcdali

1001 4850 1106 4924 judicio
1131 4846 1287 4920 disceptare
1311 4846 1471 4903 contendat.
1490 4845 1573 4919 Quod
1585 4847 1609 4902 si
1623 4846 1669 4902 bic
1684 4846 1800 4903 auctori·

1001 4944 1053 5000 tati
1072 4951 1175 4999 nostrae
1183 4940 1224 4997 uel
1236 4941 1350 4997 monitis
1362 4941 1417 4996 tuis
1432 4940 1623 5013 obtemperare
1635 4940 1795 5014 neglexerit,

1003 5036 1100 5094 taudiu
1113 5034 1261 5109 episcopali
1274 5035 1394 5107 privetur
1415 5034 1516 5103 cilicio,
1532 5035 1712 5108 quoadusque
1737 5051 1801 5091 cau-

1002 5114 1047 5187 sas
1075 5131 1274 5186 ecclesiasticas
1294 5145 1351 5185 non
1376 5128 1507 5203 potentiae
1524 5129 1725 5200 magnitudine,
1752 5128 1801 5186 sed

174 5219 381 5286 slllltxsomnium
395 5235 458 5292 qoae
469 5219 632 5293 sibiobjecta
646 5229 710 5276 suut
724 5237 786 5279 reus
795 5230 947 5292 teneretur,
998 5225 1114 5296 justitiae
1138 5240 1266 5293 censura,
1295 5222 1368 5279 liniri
1393 5232 1518 5296 oportere
1538 5223 1681 5280 doceatur.
1711 5223 1801 5295 Hujus

174 5306 284 5370 rtltvtnc
295 5312 400 5387 judicio
414 5321 496 5385 atque
511 5313 630 5370 humana
646 5314 848 5371 examinatione
866 5318 948 5372 innc-

175 5409 223 5458 itts
235 5422 284 5463 nos
304 5407 517 5480 approbaretur,
537 5406 647 5464 deceret
662 5416 754 5464 tamen
766 5424 813 5465 tos
832 5418 948 5466 matrem

175 5501 281 5570 illlum,
304 5500 468 5559 Fesulanam
489 5499 614 5557 videlicet
631 5501 784 5558 Ecclesiam
812 5518 873 5575 quae
893 5519 949 5560 non

173 5593 280 5661 muria,
292 5594 448 5651 immunem
469 5594 618 5659 custodire,
632 5604 660 5651 et
673 5594 820 5651 vindictam
834 5612 950 5668 peccan-

172 5674 199 5733 lit
219 5683 244 5741 ic
265 5686 464 5744 detrimentum
483 5686 729 5762 confusionemque
750 5689 866 5745 minime
880 5706 949 5746 con-

1003 5334 1068 5389 crgo
1083 5318 1369 5391 nogotiidecisicnem
1391 5334 1439 5389 per
1456 5325 1484 5373 te
1503 5317 1625 5373 studiose
1640 5325 1668 5372 et
1684 5317 1800 5388 impigre

1002 5411 1129 5467 volumus
1153 5410 1308 5483 adimpleri,
1320 5418 1347 5466 et
1372 5410 1471 5468 litteris
1483 5409 1602 5466 inditam
1622 5407 1704 5466 uobis
1717 5424 1798 5481 quam

1004 5504 1084 5560 citius
1104 5504 1204 5575 poteris
1227 5505 1376 5560 nctilicari.

1040 5599 1108 5652 [lata
1131 5599 1241 5665 Romae,
1265 5599 1348 5654 tertio
1372 5600 1468 5656 Nonas
1489 5599 1615 5667 Martias,
1646 5595 1799 5654 indictione

1003 5689 1110 5747 decima
1135 5693 1226 5748 tertia.

197 5832 264 5913 (tte)
284 5840 328 5895 De
351 5838 494 5895 willelmo
518 5840 686 5912 trajectensi
707 5840 833 5913 episcopo
860 5842 920 5898 vide
940 5843 1121 5900 Lambertum
1138 5858 1212 5899 anno
1230 5848 1308 5898 toto.
