3870 6164
441 312 584 375 artabo.
603 316 646 377 ill.
665 348 701 363 -
720 318 928 378 domincum
947 320 1176 379 ounoottttttta.
1583 330 1634 384 858
1665 258 1672 281 ²

116 442 178 516 pelio
201 462 208 498 ι
225 446 334 501 Nouest
348 443 499 515 discipulus
512 459 593 516 super
620 448 781 515 magistrum
796 450 823 514 Α
837 445 942 520 amodo
955 452 984 503 et
999 460 1051 504 tuo
1063 454 1201 519 tempore,
1224 447 1374 519 apostolica
1388 449 1556 507 auctoritate
1568 465 1635 508 con·
1727 500 1732 507 .

116 542 153 605 a).
170 542 240 598 Vere
251 540 440 614 evangelicam
454 548 482 598 et
491 540 671 613 apostolicam
684 541 784 599 doctri·
837 549 943 611 rocam,
953 538 1073 614 judicari
1099 548 1147 597 aut
1161 539 1288 598 damnari
1311 541 1414 614 possit3
1436 551 1465 601 et
1481 542 1556 618 quod
1578 545 1636 601 une

116 640 257 706 etempus
282 633 465 707 iudicaverint
478 635 525 707 qui
539 643 599 692 tam
625 634 784 693 inordinate
837 634 935 706 prima
949 632 1022 691 sadis
1035 634 1199 691 auctoritate
1210 634 1397 692 conciliarata
1423 650 1551 694 menon
1567 652 1634 709 poa-

116 743 149 785 tm
160 727 331 785 sententiam
348 728 451 785 summi
465 726 615 801 pontilicis,
629 728 680 786 sed
694 738 722 786 et
741 728 782 803 ip·
838 726 901 783 sint.
915 727 984 785 ilaee
1005 727 1052 800 qui
1075 728 1183 800 querit,
1206 727 1327 785 invenire
1353 729 1455 803 poterit
1476 729 1507 785 in
1525 731 1634 804 seriptis

116 819 296 879 ndemnantes
313 821 514 894 judicaverunt,
537 821 673 879 sententia
697 822 783 881 indis·
837 820 1052 894 apostoticarum
1064 820 1142 891 tulii,
1156 822 1282 890 Damasi,
1297 822 1542 892 Mareelli‚Gelasii
1554 824 1626 882 alio·
1683 867 1687 876 .

116 922 230 972 retorem
243 916 398 983 sententia,
414 914 583 984 inauditum,
594 916 783 974 inconvictum
837 930 967 988 rumque,
982 914 1066 973 beato
1079 914 1185 972 Isidoro
1199 914 1319 988 idipsum
1331 923 1488 975 attestante.

115 1010 219 1078 essum,
232 1008 281 1066 sed
293 1024 381 1082 neque
395 1018 560 1066 conventum
572 1008 613 1067 vel
623 1011 782 1068 commoni·
873 1006 1032 1066 Mirandum
1046 1010 1128 1083 igitur
1144 1017 1187 1066 est
1203 1010 1274 1066 viros
1294 1009 1444 1083 prudentes
1467 1011 1538 1071 adeo
1562 1021 1631 1069 nota

116 1103 448 1177 atentiamquidem,quae
460 1103 639 1178 talitempore
653 1104 782 1178 asynodo
837 1101 966 1159 oblivioni
993 1101 1153 1171 tradidisse,
1178 1104 1236 1175 qui,
1256 1103 1332 1161 nulla
1354 1103 1488 1163 existente
1512 1107 1630 1180 synodo,

144 1197 315 1270 promulgata
331 1204 382 1264 est,
398 1196 511 1270 quando
536 1198 610 1254 nulla
637 1196 673 1255 de
685 1200 781 1272 prasi·
836 1196 914 1252 illum
929 1196 1088 1269 episcopum
1099 1195 1254 1268 judicantes
1268 1197 1486 1270 reprobaverunt
1504 1199 1562 1258 sine
1582 1217 1631 1260 cu·

116 1290 268 1347 inuadictio
287 1290 357 1357 iuit;
383 1290 475 1361 ipsum
501 1290 706 1363 presidentem,
734 1293 781 1348 cui
833 1289 878 1362 Jus
903 1290 1065 1347 auctoritate
1086 1304 1140 1347 nec
1165 1291 1326 1363 episcopum
1349 1291 1469 1363 aliquem
1484 1293 1630 1364 damnare,

116 1384 200 1459 rporis
224 1400 280 1440 non
295 1384 384 1440 solum
398 1399 429 1440 ca
443 1399 507 1456 quaa
522 1384 551 1440 in
577 1385 636 1442 istis
660 1386 782 1458 partibus
836 1398 886 1439 nec
902 1383 1028 1457 generale
1049 1383 1465 1458 conciliumlicetcongregare.
1487 1391 1558 1444 Ecce
1581 1403 1631 1444 no·

116 1478 170 1545 sia,
188 1477 237 1535 sed
248 1477 293 1533 illa
311 1493 373 1550 qnae
394 1479 423 1533 in
448 1485 508 1534 toto
532 1478 600 1535 orbe
621 1477 722 1536 diliusa
739 1489 781 1536 est
835 1492 885 1532 vus
899 1477 968 1534 ordo
977 1476 1154 1551 judiciarius,
1166 1492 1230 1535 ecce
1249 1483 1358 1536 matura
1369 1479 1484 1539 Domini
1498 1481 1630 1539 sacerdo-

116 1571 314 1645 subjectionem
330 1570 471 1636 exhibuit;
487 1571 578 1641 illum,
592 1572 715 1644 inquam,
728 1589 778 1630 suo
836 1578 896 1626 tum
918 1569 1037 1643 iudicial
1063 1572 1110 1627 lsti
1137 1569 1287 1643 judicessi
1312 1586 1345 1629 eo
1369 1588 1427 1645 qno
1438 1572 1631 1646 indicaverunt

116 1663 334 1738 ynodalijudicio
353 1663 555 1734 retentaverunt,
571 1673 599 1722 et
610 1666 707 1736 alium,
731 1668 778 1740 qui
829 1663 1023 1737 judicarentur
1032 1665 1167 1737 [iudiciol
1182 1665 1219 1721 ito
1235 1674 1265 1721 ut
1278 1682 1293 1722 a
1305 1664 1421 1723 subditis
1434 1667 1493 1723 satis
1505 1668 1630 1725 eamdem

116 1766 172 1816 tea
194 1758 259 1814 sede
279 1758 430 1830 apostolica
447 1758 596 1816 damnatus
610 1768 661 1829 est,
676 1761 776 1828 eidem,
834 1757 1076 1829 praedamnationis
1090 1759 1180 1815 vicem
1190 1759 1346 1831 reciperent
1353 1774 1437 1831 quarn
1450 1760 1563 1832 praelato
1577 1777 1628 1818 suo

116 1852 207 1909 =illum
220 1851 410 1917 damnaverat,
430 1851 585 1925 pontificem
611 1851 774 1927 designave-
793 1821 816 1884 B
833 1850 1045 1922 impenderuute
1057 1866 1233 1924 nequaquam
1254 1852 1307 1908 boc
1318 1851 1532 1909 ecclesiasticum
1550 1853 1628 1926 judi·

116 1961 215 2002 omana
235 1945 354 2002 Ecclesia
380 1962 431 2003 nec
449 1946 559 2003 conscia
582 1962 634 2003 nee
659 1962 777 2004 consen·
831 1944 916 2012 cium,
943 1943 993 2002 sed
1014 1960 1078 2002 rere
1100 1942 1224 2003 furorem
1243 1945 1419 2019 tyrannicum
1438 1945 1622 2004 nominarent.

115 2038 163 2097 uid
180 2039 264 2111 igitur
274 2055 414 2095 canonum
429 2040 593 2097 testimoniis
608 2040 643 2097 ad
670 2042 777 2113 impro-
832 2039 889 2094 Nec
898 2038 927 2095 id
935 2038 1138 2106 mirumqnam,
1150 2045 1182 2094 ut
1194 2038 1229 2096 de
1242 2038 1378 2110 episcopis
1386 2047 1540 2109 taceamus,
1556 2049 1629 2097 carte

116 2148 144 2190 ac
152 2132 257 2206 judicia
284 2132 450 2206 indigemus,
467 2148 529 2206 quae
543 2149 594 2190 nec
618 2134 777 2191 similitudi·
831 2129 901 2187 nulli
916 2131 1074 2193 bominum,
1093 2132 1280 2204 culuscunque
1289 2129 1469 2204 professionis
1479 2132 1520 2189 vel
1532 2132 1630 2190 condi·

116 2226 402 2299 ntorumjudioiorum
415 2235 520 2293 tenent,
532 2226 579 2284 sed
592 2227 671 2301 qnasi
686 2228 776 2299 prima
831 2225 916 2282 tionis
931 2226 966 2282 sit
977 2266 986 2293 ,
997 2226 1053 2282 tale
1070 2224 1206 2298 judicium
1216 2225 1279 2298 jure
1293 2226 1436 2297 competit,
1452 2225 1533 2298 quale
1545 2226 1574 2283 in
1586 2226 1629 2283 ul-

116 2334 161 2377 ma
175 2318 357 2392 blasplremiae
370 2323 520 2392 apparent?
535 2323 616 2391 Nam,
632 2329 664 2378 ut
679 2337 776 2378 rerum
832 2320 889 2376 lum
907 2321 1041 2392 processit
1062 2321 1108 2391 qui
1131 2335 1147 2375 a
1171 2318 1249 2375 nullo
1272 2318 1385 2375 bomine
1402 2318 1566 2393 judicandus
1578 2328 1627 2377 est,

118 2412 199 2479 ,nibil
214 2413 242 2469 in
257 2423 416 2470 sanctorum
431 2416 544 2471 Petrum
558 2415 669 2487 seriptis
682 2424 776 2473 contra
830 2413 981 2482 Sientilie,
992 2413 1148 2486 apostolica
1161 2412 1295 2470 doctrinae
1306 2412 1397 2470 adhuc
1409 2413 1527 2481 nesciam
1546 2429 1628 2471 eano-

116 2506 140 2565 lt
154 2507 382 2581 praesumptiones
401 2508 555 2579 specialiter
584 2508 706 2566 edictum
725 2525 777 2567 nos
829 2521 898 2561 num
914 2506 1034 2578 ignaras,
1050 2504 1217 2562 Nicodamus
1227 2506 1316 2563 dixit:
1334 2507 1464 2577 Nonquia!
1474 2509 1520 2564 lea
1532 2514 1628 2564 nostro
1733 2582 1737 2593 ι

126 2601 324 2668 meminimus,
344 2602 409 2675 quia
435 2602 550 2659 insaniae
570 2617 629 2659 non
650 2611 708 2660 erat
734 2602 776 2659 lex
826 2600 935 2669 jetdioot
947 2614 1116 2669 quenquam,
1130 2602 1185 2655 nisi
1198 2600 1365 2655 oudimltob
1380 2603 1525 2671 ipsopriue
1539 2607 1566 2657 et
1582 2618 1627 2658 oo·

132 2696 178 2759 Ex
194 2694 341 2751 abundanti
368 2703 460 2751 atatem
473 2694 508 2751 ab
521 2694 641 2767 antiquis
653 2695 776 2753 doctori·
830 2692 1030 2763 quateritqoid
1037 2694 1144 2760 facim!
1157 2696 1249 2760 (toan.
1273 2697 1343 2762 vir.)

116 2796 181 2845 itum
197 2796 239 2844 est
259 2797 355 2845 contra
378 2788 438 2845 illas
452 2788 645 2861 imperitorum
670 2788 776 2860 episac-
865 2789 907 2840 De
923 2785 970 2841 illo
984 2793 1079 2842 autem
1099 2786 1260 2857 (Guiberto)
1274 2785 1339 2858 quid
1361 2786 1495 2854 dieamus,
1510 2787 1570 2859 qui,
1593 2786 1627 2845 ad

116 2878 286 2950 testationes,
302 2897 373 2953 quae,
386 2882 439 2938 etsi
450 2881 484 2937 ab
497 2881 700 2938 adversantium
714 2881 777 2938 insi
830 2877 1013 2951 supplendum
1029 2879 1111 2952 hujus
1122 2878 1238 2951 depositi
1248 2878 1353 2948 locum,
1380 2887 1437 2935 tam
1451 2880 1563 2952 provide
1576 2881 1627 2939 de·

116 2974 200 3043 edant,
215 2976 377 3031 nonnullam
402 2983 497 3031 tamen
510 2975 649 3049 aequitatis
674 2976 775 3049 imagi·
831 2973 976 3046 ligantium
986 2969 1165 3045 dispositione
1187 2981 1295 3030 erectus
1313 2974 1374 3030 esti
1388 2973 1559 3030 veredeillo
1573 2972 1627 3030 boe

116 3067 247 3139 tiendum,
277 3069 381 3126 seilicet
408 3068 548 3138 inducite·
564 3068 775 3140 evocationibus,
830 3065 953 3124 dicimus
974 3066 1101 3138 verisque
1130 3066 1248 3123 testibus
1273 3066 1628 3140 approbamus,quod,etsi

116 3161 201 3228 ubas,
223 3162 336 3234 aliisque
348 3162 424 3235 juxta
450 3170 576 3219 tenorem
586 3161 766 3235 judiciomm.
786 3191 810 3258 c
826 3159 883 3229 J‘am
899 3148 948 3233 pro
962 3160 1019 3217 suis
1029 3159 1166 3218 erratibus
1179 3174 1230 3216 rrae
1245 3158 1391 3217 damnatus
1400 3168 1473 3217 essm
1483 3175 1537 3217 nac
1551 3159 1626 3217 dam-

116 3271 153 3312 tm
166 3255 326 3312 cantionem
351 3255 570 3328 distinguendam
585 3256 609 3311 si
620 3257 771 3312 auctoritas
825 3254 944 3321 naudus,
959 3256 1008 3311 aad
1019 3262 1047 3310 et
1060 3253 1152 3310 sedem
1165 3254 1241 3310 illam
1254 3262 1400 3310 vacantem
1413 3252 1572 3324 invenisset,
1581 3254 1628 3313 cui

116 3348 259 3420 aquiritur,
274 3365 329 3405 non
351 3350 557 3421 scripturarum
576 3357 704 3421 excerpta
722 3351 771 3406 sed
824 3364 900 3405 niano
920 3347 1066 3419 superstite
1084 3347 1213 3419 pontifice
1231 3345 1401 3405 adulterinus
1415 3348 1524 3404 invasor
1541 3347 1626 3421 depu-

134 3443 312 3515 opponimus,
346 3442 416 3498 sicut
439 3450 481 3498 est
499 3442 569 3498 liber
595 3443 769 3501 decretorum
824 3450 897 3498 tatus
915 3450 968 3507 est,
992 3448 1097 3508 temen,
1113 3449 1182 3497 teste
1199 3440 1395 3509 matotaone,
1413 3443 1567 3503 rtullaratio
1582 3448 1620 3505 si-

115 3536 184 3604 ium,
200 3534 246 3608 qui
268 3552 336 3607 pano
354 3543 431 3592 totns
445 3535 472 3590 in
487 3536 583 3591 talium
598 3535 770 3593 discussione
825 3545 903 3591 neret
915 3542 946 3589 ut
957 3534 1030 3591 inter
1037 3534 1180 3607 episcopos
1192 3534 1350 3605 baberetur,
1362 3550 1446 3607 quam
1466 3552 1518 3593 nac
1534 3538 1626 3601 clerus

116 3628 157 3686 led
170 3645 207 3685 ue
220 3628 287 3685 nibil
302 3629 404 3684 horum
430 3628 465 3685 ad
484 3644 606 3700 qiraesens
628 3629 769 3686 induxisse
825 3628 905 3700 elegit
922 3642 975 3684 nec
987 3628 1105 3700 populus
1118 3627 1255 3699 expetivit.
1276 3628 1400 3700 Cumque
1414 3629 1537 3702 ejusdem
1555 3637 1624 3693 Leo-

116 3720 207 3792 ,illud
231 3723 330 3779 saltem
359 3722 432 3778 beati
456 3722 582 3796 Gregorii
604 3723 768 3793 inseramus,
824 3723 868 3778 nis
895 3728 978 3793 atque
1001 3719 1139 3779 Goelestini
1167 3721 1312 3778 sententiis
1337 3720 1488 3780 diffinitum
1518 3727 1554 3782 sit
1594 3736 1624 3784 ut

116 3818 246 3872 loannem
261 3818 430 3884 Defensorem
445 3824 559 3873 euntem
573 3817 603 3872 in
622 3816 770 3889 Hispanias
825 3814 909 3872 nullis
933 3814 1026 3872 inritis
1050 3815 1192 3887 episcopus
1228 3815 1319 3882 detur,
1344 3823 1446 3887 quanto
1470 3817 1562 3877 minus
1585 3821 1624 3878 illi

116 3909 284 3981 tStephano
309 3909 450 3980 episcopo,
466 3909 514 3981 qui
542 3909 643 3982 injuste
666 3925 726 3967 esse
740 3925 769 3967 se
825 3908 957 3966 Ecclesiae
986 3909 1091 3966 nolenti
1118 3908 1263 3982 episcopus
1276 3908 1384 3967 aliunde
1398 3914 1639 3984 superponendus¹

116 4010 301 4075 nooaquestus
316 4004 516 4066 estt’nmum,
530 4002 632 4073 inquit,
653 4004 769 4073 ditique·
824 4011 895 4068 erat,
918 4018 980 4075 quae
1007 4003 1051 4060 sui
1072 4002 1261 4060 incolumitate
1274 4002 1411 4076 pontilicis
1430 4012 1457 4061 et
1477 4006 1622 4065 concordia

116 4096 200 4152 adom
214 4100 253 4152 cst
270 4096 442 4165 sipradica‘nm
457 4096 647 4151 ordirmbtliter
665 4103 703 4151 est
716 4099 769 4153 bo-
825 4097 909 4169 potita
924 4104 974 4152 est.

117 4191 169 4246 otii
178 4194 355 4253 accusatores,
369 4191 420 4244 olii
440 4195 517 4245 testas
529 4192 660 4257 frarann
675 4191 770 4246 duride
860 4191 931 4264 Ergo
945 4188 1010 4261 qnia
1021 4205 1087 4247 orm
1108 4189 1266 4263 hujusmodi
1281 4193 1434 4263 portionem
1449 4208 1552 4265 ponere
1566 4209 1622 4252 non

127 4286 255 4355 mutilos,
269 4286 304 4352 si,
316 4288 588 4354 oocusotoprcscnte,
608 4284 658 4339 rub
666 4284 769 4354 jureju·
824 4282 1022 4355 acquievimus,
1037 4283 1234 4340 maledicimur
1256 4293 1285 4341 et
1309 4286 1528 4357 persecutionem
1550 4290 1623 4361 pati-

116 4383 160 4434 tra
172 4394 233 4434 eum
248 4379 430 4434 testimonium
444 4378 549 4433 dictum
559 4383 610 4448 θεὶς
625 4380 650 4433 ai
663 4393 770 4448 reapon-
824 4392 888 4431 mur
907 4379 993 4445 (Jooa.
1008 4376 1068 4448 ιιι),
1093 4384 1122 4433 et
1132 4377 1207 4433 velut
1220 4385 1306 4434 tantae
1329 4377 1474 4437 discordia
1497 4390 1623 4438 auctores

116 4488 150 4527 tm
162 4473 268 4541 tabuit,
284 4474 309 4527 sa?
321 4473 486 4527 acomiraotio
495 4488 675 4544 personarum
688 4487 768 4527 oecu-
823 4469 916 4526 traditi
929 4484 1026 4526 sumtu
1041 4483 1094 4528 nos
1111 4478 1139 4527 ct
1153 4479 1248 4528 nostra
1259 4471 1287 4527 in
1296 4470 1479 4544 direptionem
1490 4473 1622 4531 omnibus

117 4582 132 4621 o
153 4568 354 4637 testificantium
367 4566 527 4635 reputantes
540 4568 615 4633 scoto
629 4572 682 4632 este
697 4551 808 4637 quodi)
823 4564 870 4636 qui
890 4563 1049 4621 incircuitu
1063 4573 1159 4621 nostro
1173 4573 1251 4621 sunt.
1270 4566 1352 4632 Vere,
1373 4574 1404 4621 ut
1418 4566 1505 4633 aiunt,
1521 4566 1555 4623 ab
1570 4566 1622 4623 illis

116 4659 167 4715 loe
184 4660 338 4716 solemniter
360 4663 423 4716 acto
438 4675 492 4715 raon
516 4664 591 4721 suat,
607 4663 637 4714 ia
649 4661 767 4716 Ecclesia
821 4656 938 4730 quitiae
950 4656 1273 4727 iaciunt,discordamus,
1284 4656 1333 4715 sad
1345 4672 1402 4715 nou
1416 4658 1623 4717 amerediscor·

116 4768 154 4808 rus
173 4753 260 4809 modis
280 4759 422 4809 revocetur.
438 4755 475 4808 lta·
496 4768 560 4809 aare
574 4755 692 4823 quierem
704 4769 768 4809 cou-
820 4750 885 4819 dies,
898 4751 955 4808 imo
968 4751 1071 4809 timore
1085 4759 1226 4825 perpetuae
1242 4751 1439 4820 damnationis,
1464 4754 1531 4810 certi
1547 4755 1621 4827 quod

116 4850 234 4903 tr‘morem
254 4852 281 4903 et
304 4852 408 4903 statuto
424 4862 552 4901 curionum
574 4847 764 4903 occidentanae·
820 4844 965 4902 anatbema
979 4845 1061 4903 nobis
1083 4854 1156 4903 esset
1174 4845 1234 4903 sine
1255 4845 1322 4915 line,
1346 4847 1369 4904 si
1394 4848 1423 4903 in
1443 4846 1548 4906 talibus
1569 4864 1621 4905 nos

127 4942 260 5012 ogandam
272 4942 457 5013 ponitmrtiom
479 4941 609 4996 mittendi
630 4946 694 4996 erait
718 4956 766 4996 sea
819 4939 1082 5012 contingerctvitam
1097 4940 1192 4998 liuere.

126 5038 167 5090 ita
197 5051 261 5091 sone
285 5040 326 5099 nt,
342 5036 463 5090 matteas·
475 5050 564 5089 aonam
584 5037 681 5091 mortes
702 5050 765 5090 coa-
855 5036 924 5089 Ecce
948 5042 979 5090 nt
993 5033 1107 5105 jussisti,
1129 5034 1342 5093 odilectissime
1366 5038 1478 5108 praesul,
1506 5034 1573 5108 quid
1591 5036 1621 5092 in

116 5131 226 5184 eminere
248 5129 406 5192 discrimav,
424 5130 520 5182 ararat
544 5128 689 5184 duodicim
712 5144 765 5183 aori
819 5128 912 5184 haere
934 5126 1121 5186 mediocritati
1148 5136 1254 5186 nostrae
1276 5128 1411 5195 videatur,
1429 5129 1554 5185 charitati
1565 5136 1621 5185 tuae

819 5221 970 5293 expositum
997 5230 1048 5279 est.
1071 5222 1099 5278 Si
1118 5230 1244 5278 autema
1268 5221 1491 5296 pmdentioribus
1513 5222 1621 5294 potiora

116 5323 125 5372 t
147 5330 211 5387 ergo
230 5314 427 5388 praedictorum
445 5315 610 5389 judiciorum
626 5317 763 5374 mediato·
819 5314 976 5387 audiemus,
1000 5315 1131 5375 obaudire
1151 5318 1236 5388 parati
1257 5333 1364 5386 sumus,
1387 5332 1419 5373 aa
1439 5324 1536 5374 tamen
1549 5316 1620 5371 inter

122 5409 243 5466 Romani
262 5408 385 5482 praesulis
400 5408 563 5465 refutatione
577 5410 616 5465 vel
633 5411 765 5467 unumde
818 5424 869 5465 nos
882 5418 911 5465 et
923 5426 970 5466 eos
993 5412 1041 5485 qui
1066 5425 1082 5466 a
1112 5410 1193 5468 nobis
1215 5410 1321 5469 diversa
1342 5411 1465 5468 sentiunt
1485 5409 1619 5467 vicissitu-

116 5502 189 5560 iriri
203 5502 349 5575 praeceptis
362 5502 581 5568 observaverint,
595 5518 657 5576 quae
676 5504 722 5560 ille
735 5505 764 5560 iu
819 5503 882 5559 dinc
906 5510 1024 5574 servata,
1042 5512 1073 5561 ut
1088 5520 1144 5561 non
1168 5521 1216 5577 per
1235 5505 1366 5578 ambages
1386 5505 1427 5562 vcl
1450 5503 1620 5562 extrinsecus

116 5595 228 5670 inslibet
252 5596 376 5669 episcopi
400 5596 569 5655 discussione
595 5597 763 5654 observanda
818 5597 939 5653 detortas
953 5596 1203 5656 virisimilitudines
1218 5613 1261 5655 res
1276 5607 1382 5671 agatur.
1398 5599 1456 5656 lieo
1464 5598 1618 5673 bonaequi-

116 5690 178 5747 avit.
817 5690 880 5747 dem
896 5690 1089 5748 aestiiuationis
1109 5701 1160 5758 est,
1182 5692 1218 5747 ibi
1242 5690 1385 5764 exquisitis
1405 5691 1618 5765 circumquaque
1692 5676 1721 5707 '¹

116 5783 276 5856 ceditquod
290 5783 388 5842 multis
401 5795 560 5842 sanctornm
575 5786 688 5842 statutis
709 5785 763 5841 ‹tit-
817 5784 983 5858 argumentis
993 5784 1084 5855 inniti,
1097 5785 1144 5842 nbi
1157 5783 1192 5839 de
1206 5784 1264 5855 ipsa
1283 5799 1313 5840 re
1326 5791 1369 5840 tot
1389 5784 1521 5855 speciales
1533 5792 1619 5858 atque

116 5885 149 5935 at
167 5884 200 5965 ut
215 5876 306 5935 nullus
328 5878 482 5953 episcopus,
507 5879 562 5937 nisi
586 5877 614 5936 ia
640 5878 761 5952 legitima
815 5876 969 5941 citimam
980 5879 1136 5943 maanus,
1160 5890 1205 5932 na
1216 5874 1292 5934 nulla
1305 5882 1424 5950 ponant
1432 5879 1628 5940 mudascon-
