3884 6158
113 6054 138 6124 l..

158 270 213 327 os
622 268 795 327 mussona:
812 266 925 326 nrmu
943 250 1139 327 nucusmuu
1155 218 1344 329 violares.

1739 284 1742 289 '
1754 274 1806 331 etl

155 394 275 461 bonore,
293 400 322 450 et
341 408 405 450 orm
427 398 529 466 quanta
558 390 690 451 charitate
707 409 772 451 enm
796 395 828 450 id
847 395 953 468 gremio
968 399 992 461 Α
1008 395 1067 467 ipse
1080 393 1228 469 aliquando
1250 400 1399 469 cognoscat
1420 408 1472 452 nos
1498 394 1587 452 multo
1607 396 1699 454 verius
1714 411 1812 467 amare

157 494 264 545 muetos
284 486 413 544 Ecclesite
426 485 665 559 amplecteremur,
691 496 788 577 utpote
809 502 874 545 eum
895 487 954 561 qui,
1009 505 1083 558 eum,
1105 504 1191 563 quam
1204 488 1266 547 ullos
1286 489 1332 561 qui
1357 504 1431 546 nunc
1444 487 1503 546 suis
1525 487 1713 562 iniquitatibus
1726 490 1809 549 obse·

156 579 383 654 princepspopuli
394 579 570 650 constitutus,
593 589 622 637 et
635 581 796 654 amplissimi
809 582 888 655 regni
903 597 955 655 gu·
1009 592 1129 656 quuntur
1142 591 1170 639 et
1187 581 1287 639 lavent.
1299 581 1425 655 Quodsi,
1438 584 1499 639 Deo
1514 581 1677 657 inspirante,
1692 584 1809 642 uoluerit

153 672 307 731 bernacula
320 682 429 741 teneus,
443 672 587 731 catholice
600 674 674 746 pacis
687 682 715 731 et
732 673 846 747 justitite
858 673 956 731 deleu—
1010 676 1180 748 resipiscere,
1202 674 1334 749 quidquid
1349 684 1446 733 contra
1465 691 1516 734 nos
1537 675 1677 745 moliatur,
1698 692 1808 752 semper

155 782 206 825 sor
218 766 411 826 essedeberet.
426 770 531 825 Verum
545 768 638 841 quanti
654 768 712 841 ipse
726 776 774 824 aut
784 768 895 840 scripto,
909 775 956 825 aut

155 876 209 935 per
230 861 335 935 legatos
350 862 435 917 missa
459 870 555 918 nostra
577 862 659 918 rerba
679 862 783 929 iecerit,
805 863 864 933 eius
883 860 956 918 iacta

156 952 316 1024 declsrant3
336 954 382 1029 qui
397 953 508 1028 indigne
523 954 616 1012 lereus
635 970 664 1011 se
677 970 693 1011 a
708 969 846 1028 quoquam
862 971 957 1028 repre-

154 1048 240 1107 bendi
251 1055 302 1107 aut
312 1048 423 1120 corripi,
437 1063 495 1105 non
505 1048 596 1106 solum
610 1066 625 1105 a
640 1048 802 1122 perpetratis
814 1046 849 1106 ad
864 1065 957 1106 emen·

154 1140 301 1201 dationem
325 1142 448 1200 reuocari
474 1158 531 1199 nou
548 1142 646 1216 potuit,
671 1142 719 1201 sed
743 1142 870 1216 ampliori
890 1159 956 1200 coo·

154 1234 281 1295 fienda
292 1234 389 1294 furore
403 1244 556 1310 correptus,
571 1252 628 1294 nou
640 1236 715 1310 prius
729 1236 856 1306 cessauit,
870 1236 958 1295 donec

155 1328 302 1404 episcopos
318 1345 387 1404 pene
402 1346 499 1389 omues
512 1330 542 1387 iu
559 1331 649 1402 ltalia,
664 1330 693 1387 in
713 1331 874 1389 'teutonicis
895 1348 959 1390 uero

155 1424 282 1497 pertibus
294 1432 431 1498 quotquot
448 1423 549 1497 potuit,
565 1423 635 1481 circa
657 1423 743 1482 tidem
764 1424 866 1483 Christi
887 1442 958 1484 nau-

155 1516 348 1592 fragarelecit,
362 1518 430 1575 dum
441 1517 617 1575 eosdebitam
627 1519 707 1576 beato
718 1520 800 1577 Petro
809 1527 837 1576 et
851 1528 959 1592 aposto·

155 1610 218 1671 lices
227 1610 289 1670 sodi
301 1611 497 1683 obedientiam,
510 1619 539 1669 et
551 1610 687 1670 honorem
700 1627 715 1668 a
729 1613 849 1670 Domino
861 1622 959 1671 nostro

151 1707 221 1763 lesu
232 1705 342 1764 cbristo
354 1721 527 1775 concessum,
542 1707 678 1777 abnegare
689 1705 806 1781 subegit.
822 1709 892 1765 Cum
907 1708 954 1781 igi-

150 1808 202 1857 tur
214 1798 386 1873 iniquitatem
401 1800 460 1873 eJus
474 1800 509 1857 ad
521 1815 662 1858 summum
676 1800 809 1873 prodiisse
819 1801 951 1871 uidimus,

151 1892 267 1968 probis
286 1894 387 1962 causis,
409 1892 547 1962 videlicet,
562 1894 693 1966 primum,
710 1894 785 1968 quod
804 1894 839 1951 ab
858 1911 954 1953 coruum

151 1988 353 2046 communione
367 1986 413 2061 qui
432 2003 481 2059 pro
491 1987 626 2061 sacrilego
639 1997 714 2045 reatu
728 1988 890 2047 Simoniacae
902 1990 954 2049 bae·

152 2081 224 2139 rcsis
232 2078 443 2139 excommunati
456 2090 531 2149 sunt,
541 2096 571 2139 se
582 2082 720 2139 abstinere
730 2083 830 2146 noluit,
841 2083 953 2140 demum

151 2174 448 2249 quodproeriminosis
457 2175 613 2233 actionibus
622 2176 686 2233 vitre
693 2177 953 2248 suaepoeniteotiam,

150 2267 283 2327 condico
294 2268 442 2341 suscipere,
456 2268 503 2326 sed
516 2285 567 2326 nec
577 2268 738 2341 promittere
748 2269 955 2338 uoluit,immu-

151 2362 955 2435 tataea‚quaminmauuslegatorumnostrorumpromise·

151 2464 206 2525 rat,
214 2456 341 2523 lide,nec
349 2471 406 2511 uon
416 2454 489 2526 quod
497 2454 738 2528 corpustristiet
747 2456 881 2513 unitatem
893 2473 955 2513 san-

153 2547 693 2621 ctaescinderebcclesiaenonerpauerit,
705 2565 754 2621 pro
766 2549 819 2619 bis,
830 2550 953 2622 inquam,

154 2642 243 2716 euripis
254 2640 381 2715 synodali
392 2657 456 2699 eum
466 2640 572 2714 judicio
586 2642 897 2711 excommunicavimus,
911 2652 952 2712 ut,

158 2750 242 2808 quem
253 2736 338 2793 mites
349 2750 407 2792 nou
418 2735 568 2809 potuimus,
581 2736 621 2791 uel
627 2735 713 2792 severi
720 2735 754 2793 ad
764 2735 837 2792 uiam
847 2736 953 2807 salutis,

155 2832 214 2887 lieo
226 2828 385 2902 adiuvante,
397 2843 526 2886 reuocare
543 2830 697 2895 valeamus3
710 2838 758 2885 aut
770 2829 802 2895 si,
816 2830 889 2901 quod
902 2831 955 2888 ab·

155 2922 204 2979 siti
223 2937 262 2980 ne
279 2920 461 2979 districtionis
483 2921 596 2995 quidem
611 2937 754 2979 censuram
773 2923 952 2995 pertimuerit,

158 3024 252 3073 uostn
263 3016 364 3073 saltem
376 3015 468 3072 anima
480 3016 654 3089 negligentia
667 3024 715 3072 aut
728 3016 838 3073 timoris
855 3016 954 3074 discri-

156 3108 221 3167 mini
232 3123 293 3167 ncu
311 3109 481 3167 succumbat.
495 3110 521 3167 Si
538 3109 598 3181 quis
612 3109 697 3183 igitur
708 3109 780 3166 hanc
791 3111 954 3168 seutentiam
971 3128 994 3192 c

158 3201 255 3276 injurste
273 3202 316 3259 rel
329 3202 549 3260 irrationabiliter
570 3204 704 3275 prolatam
727 3218 786 3261 esse
808 3207 954 3280 putauerit,

158 3294 265 3355 uitalis
283 3304 339 3365 cst,
359 3304 389 3354 ut
406 3296 491 3354 sacris
506 3296 608 3369 regulis
631 3296 818 3371 intelligentius
844 3314 956 3359 sensum

159 3390 281 3462 prebere
304 3390 382 3459 uelit,
401 3389 549 3447 nobiscum
567 3389 650 3446 etiam
666 3399 738 3464 agat,
757 3399 785 3448 et
804 3406 860 3448 nou
881 3392 957 3465 quod

158 3496 215 3555 sou,
229 3483 281 3541 sed
297 3482 366 3556 quid
379 3482 480 3541 diuina·
491 3484 641 3541 auctoritas
654 3484 761 3551 doceat,
780 3484 847 3557 quid
860 3484 956 3544 decer-

158 3576 289 3649 mquid
300 3592 424 3635 consona
432 3592 486 3634 uox
495 3586 659 3635 sanctorum
670 3579 779 3634 Patmm
789 3576 901 3649 indicet,
909 3596 957 3652 pa·

159 3668 373 3740 tieuteraudiat,
383 3670 547 3743 acquiescat.
557 3672 616 3728 Noe
624 3672 958 3730 tamennonaestimtmus

158 3778 325 3837 quemquem
331 3763 466 3833 lidelium,
478 3764 523 3837 qui
530 3764 713 3822 ecclesiastiea
724 3774 828 3822 statuta
837 3767 955 3835 noverit,

159 3854 213 3914 hoc
224 3871 319 3915 errore
328 3857 427 3927 teneri,
439 3866 471 3916 ut
484 3874 541 3915 nou
551 3858 615 3928 boc,
629 3859 688 3915 etsi
702 3858 957 3931 publiceaidrmare

157 3948 339 4019 nouaudeat,
352 3950 395 4008 rel
418 3951 448 4007 in
467 3951 551 4011 corde
573 3966 624 4008 suo
651 3950 758 4008 rectudr
781 3950 882 4009 lactum
897 3968 957 4010 esse

157 4042 311 4114 pabbear.
340 4045 506 4118 Quanquam
535 4044 558 4101 si
583 4060 646 4112 nos,
678 4045 750 4117 quod
778 4047 853 4102 Deus
879 4061 957 4102 aver-

158 4142 208 4194 tat!
222 4152 283 4195 non
304 4138 373 4195 satis
396 4138 469 4211 gravi
491 4138 526 4197 de
539 4153 621 4196 causa
644 4145 694 4194 aut
716 4137 808 4195 minus
830 4137 956 4195 ordinate

156 4244 219 4287 eum
251 4229 416 4303 hujusmodi
442 4232 554 4288 viuculo
578 4231 735 4304 ligavimus,
766 4231 839 4288 sicut
868 4232 956 4288 sancti

156 4324 253 4381 l’atres
288 4324 376 4381 cosmi
411 4332 548 4394 asserum,
574 4340 631 4383 nou
665 4323 768 4382 idcirco
806 4325 957 4397 spernenda

155 4416 294 4474 sententis
309 4425 366 4485 est;
390 4416 440 4475 sed
461 4417 599 4475 absolutio
620 4433 685 4475 cum
707 4418 784 4475 omni
799 4417 956 4475 bumilitate

156 4509 314 4583 querenda.
330 4513 494 4569 vosautem
512 4511 625 4567 Domini
647 4510 804 4584 [annolisto
825 4514 902 4569 Suco
915 4514 953 4568 le·
970 4509 1134 4598 [iffi-worse·
1154 4528 1208 4585 γη

156 4605 215 4673 pi:
242 4601 425 4675 dilectissimi]
454 4604 502 4676 qui
522 4603 659 4677 justitiam
686 4603 737 4660 Dei
758 4620 810 4661 nec
833 4620 883 4676 pro
908 4620 954 4661 re·

155 4694 199 4769 gia
217 4694 418 4770 indignatione,
439 4712 491 4753 uec
510 4711 560 4768 pro
579 4697 673 4770 aliquo
694 4698 814 4769 periculo
828 4697 954 4755 deserere

153 4788 292 4855 uoluistis,
311 4788 463 4860 taructes,
485 4805 547 4864 quae
568 4789 602 4848 de
621 4790 808 4848 exsecratione
824 4799 850 4847 et
871 4807 954 4848 men-

151 4880 235 4939 dacio
256 4882 497 4941 annuntiabuntur
510 4885 540 4941 in
554 4884 792 4941 consummatione
809 4884 954 4957 parvipen-

1011 777 1104 826 tameu
1124 784 1177 825 nos
1194 768 1230 827 ad
1252 768 1440 843 recipiendum
1453 786 1518 827 eum
1539 769 1567 826 in
1581 778 1705 829 sanctam
1727 785 1807 829 com-

1010 863 1183 930 munionem,
1196 870 1280 935 prout
1295 870 1382 920 uestra
1398 860 1481 919 nobis
1493 860 1609 921 charitas
1628 864 1806 933 consuluerit,

1011 965 1121 1057 paratos
1133 956 1263 1014 inueniet.

1348 1074 1470 1131 xxvtt.

1012 1192 1136 1265 Greqorr‘t’
1158 1192 1211 1249 t'll
1221 1190 1333 1261 epotata
1350 1191 1388 1245 od
1408 1206 1497 1246 omnes
1518 1191 1663 1261 episcopos,
1686 1191 1806 1258 aetate,

1282 1261 1546 1332 ceterosquepdeles.

1308 1382 1401 1446 (Anno
1416 1381 1510 1444 toto.)

1015 1494 1312 1570 [fluugonist'tavtntac.
1335 1496 1469 1564 chronic,
1484 1494 1556 1565 apud
1569 1496 1667 1552 Pauus
1687 1497 1808 1553 Morum.

1168 1570 1256 1626 Germ.
1272 1570 1356 1631 illst„
1373 1567 1473 1638 script.
1487 1567 1562 1635 Vlll,
1576 1570 1654 1635 442]

1047 1683 1224 1742 Gaaoonrus
1236 1682 1390 1755 episcopus,
1403 1696 1497 1739 servus
1509 1696 1654 1739 serrorum
1669 1681 1732 1747 Dei,
1746 1698 1808 1741 om·

969 1766 1090 1834 Bnibus
1114 1778 1141 1834 in
1168 1776 1277 1835 Christo
1300 1774 1443 1846 fratribus,
1470 1776 1617 1849 episcopis,
1649 1775 1806 1843 abbatibus,

1008 1871 1206 1940 sacerdotibus,
1238 1870 1354 1929 dulcibus
1376 1879 1403 1928 et
1432 1869 1601 1942 principibus
1626 1876 1710 1944 atquc
1732 1868 1807 1925 mili·

1008 1964 1093 2034 tibus,
1117 1965 1300 2038 omnibusque
1320 1963 1504 2022 Christianam
1521 1962 1607 2020 ddem
1623 1972 1652 2020 et
1673 1961 1807 2022 beatil’c

1007 2061 1043 2114 tri
1055 2058 1191 2116 bonorem
1213 2072 1307 2116 reuera
1333 2056 1509 2131 diligentibus
1522 2056 1551 2112 in
1570 2058 1700 2112 Romano
1721 2055 1809 2128 impe-

1008 2153 1049 2209 rio
1067 2150 1264 2221 babitantibus,
1294 2151 1412 2209 salutem
1437 2158 1465 2207 et
1487 2148 1666 2223 apostolicam
1695 2146 1809 2207 benedi·

1011 2246 1143 2304 ctionem.

1045 2340 1195 2413 Postquam
1220 2338 1386 2397 fraternitati
1416 2346 1515 2396 uestras
1538 2337 1687 2410 epistolam
1707 2334 1809 2394 diresi-

1008 2448 1072 2489 mus
1085 2448 1146 2505 quae
1167 2433 1205 2489 ita
1227 2433 1344 2504 incipit:
1366 2432 1477 2489 Gratias
1497 2432 1607 2505 agimus
1627 2428 1809 2503 omnipotenti

1009 2529 1081 2593 Deo,
1093 2548 1107 2574 »
1127 2524 1284 2581 alldelibus
1302 2532 1406 2581 sancta
1418 2524 1548 2580 Eccleeite
1559 2523 1716 2595 accepimus
1734 2521 1810 2595 quod

1007 2634 1056 2675 rer
1068 2632 1244 2690 summopere
1260 2623 1391 2689 procuret
1402 2631 1456 2672 nos
1469 2616 1504 2673 ab
1518 2616 1633 2673 invicem
1651 2614 1807 2688 seiungere,

1009 2726 1111 2784 suaque
1125 2710 1222 2767 fraude
1235 2710 1373 2782 decipere,
1386 2694 1471 2765 modo
1483 2724 1532 2780 per
1541 2708 1708 2779 spiritumet,
1721 2706 1808 2765 modo

1009 2820 1057 2876 per
1070 2803 1218 2861 saeculares
1230 2816 1369 2874 personas.
1383 2799 1501 2857 Proinde
1514 2800 1675 2858 dubitamus
1687 2814 1723 2856 ne
1738 2800 1809 2857 lorte

1008 2898 1161 2969 exsnostris
1173 2895 1302 2953 iratribus
1319 2895 1411 2952 miuus
1433 2893 1505 2950 cauti
1529 2909 1579 2965 pro
1595 2892 1703 2950 licentia
1722 2907 1808 2965 quam

1009 2990 1136 3048 dedimus
1156 2989 1342 3061 decipiantur;
1363 2996 1392 3045 et
1406 2987 1468 3044 ideo
1490 3002 1522 3043 eu
1545 2994 1622 3059 parte
1643 2984 1717 3042 beati
1734 2985 1808 3043 Petri

1010 3085 1201 3157 apostolorum
1223 3082 1355 3155 principis
1381 3080 1555 3154 precipimus
1581 3087 1612 3137 ut
1631 3079 1721 3135 nullus
1742 3093 1808 3136 eum

1009 3186 1162 3250 prasumat
1179 3176 1320 3234 auiueulo
1334 3174 1514 3232 anathematis
1534 3172 1687 3242 absoluere,
1706 3186 1809 3245 quous·

1011 3287 1065 3344 que
1085 3271 1158 3329 illius
1171 3269 1321 3326 sntisiactio
1335 3277 1363 3326 et
1384 3267 1546 3341 poeuitoutia
1568 3265 1744 3340 peridoneus
1762 3280 1808 3323 ue·

1012 3373 1085 3422 atros
1096 3364 1180 3422 nobis
1192 3361 1277 3420 luerit
1296 3361 1461 3427 renuntiata,
1485 3369 1518 3418 ut
1534 3359 1619 3417 simul
1633 3359 1809 3417 decernentes
1903 3368 1907 3377 ’

1011 3473 1061 3531 per
1071 3458 1176 3529 legatos
1190 3464 1302 3513 nosnos
1315 3453 1389 3527 quuod
1401 3469 1514 3527 acquum
1527 3452 1614 3511 tuerit
1632 3467 1665 3509 sc
1677 3454 1737 3510 Deo
1752 3452 1808 3525 pla·

1011 3552 1107 3619 citum,
1120 3549 1196 3607 omni
1217 3547 1314 3605 fraude
1331 3555 1447 3613 remota,
1461 3546 1612 3618 apostolica
1635 3544 1806 3603 auctoritate.

1011 3647 1067 3701 llos
1092 3652 1185 3700 autem
1207 3642 1356 3715 diligenter
1378 3638 1486 3698 studete
1508 3654 1572 3697 eam
1595 3638 1806 3711 promissionem

1011 3752 1130 3810 eamque
1136 3736 1312 3793 securitatem
1324 3733 1418 3790 abillo
1430 3732 1553 3805 recipere
1559 3739 1592 3790 ut
1601 3746 1659 3789 uon
1667 3730 1808 3789 uideamur

1011 3846 1064 3905 pro
1076 3829 1215 3888 columbae
1226 3828 1402 3902 simplicitate
1415 3827 1548 3900 serpentis
1568 3823 1745 3898 prudentiam
1758 3840 1808 3882 ne·

1009 3924 1119 3997 gligcre.
1142 3923 1224 3993 Quod
1248 3920 1270 3979 si
1290 3922 1364 3978 iuter
1391 3920 1460 3987 brec,
1483 3919 1560 3992 quod
1581 3934 1639 3978 non
1666 3926 1804 3990 optumus.

1010 4026 1100 4074 morte
1114 4023 1267 4089 praeuentus
1278 4013 1373 4084 luerit,
1389 4029 1448 4072 non
1460 4011 1569 4071 dubitet
1578 4020 1669 4070 umtra
1682 4010 1807 4069 irateuui·

1009 4119 1052 4167 tus
1063 4126 1147 4183 quam
1160 4124 1224 4166 rora
1234 4108 1393 4181 poeuiteotia
1405 4122 1524 4180 ueraque
1536 4104 1686 4164 satieimtio
1698 4120 1808 4178 meme·

1009 4213 1087 4261 retur
1099 4202 1281 4258 absolutionis
1295 4200 1463 4257 medicinam
1476 4197 1643 4271 impendere.

1044 4297 1117 4353 Data
1128 4293 1263 4363 Triburis,
1274 4308 1306 4351 tv
1317 4292 1383 4349 Kal.
1396 4291 1573 4364 Septembris.

1343 4408 1475 4465 xxviii.

1225 4522 1342 4654 egestolo
1350 4523 1388 4581 od
1405 4522 1569 4607 willelmum
1590 4520 1805 4609 repersdoglo·

1044 4616 1117 4752 et
1131 4592 1805 4739 musteus

1044 4758 1101 4813 epus
1112 4743 1207 4798 boum.

1310 4839 1504 4911 (moroso.)

1206 4951 1329 5026 [lluusq
1339 4951 1436 5009 Concu.
1451 4951 1522 5018 xit,
1537 4954 1612 5019 tet]

147 4972 262 5046 dentes,
277 4976 393 5033 viriliter
411 4985 481 5034 state
503 4984 531 5033 et
550 4975 747 5035 confortamini
768 4978 796 5033 in
823 4978 953 5046 Domino,

140 5068 272 5127 uictum
281 5067 357 5142 quod
371 5070 446 5127 illius
459 5078 565 5143 partem
578 5070 724 5128 defenditis
742 5072 790 5144 qui
809 5072 953 5144 insupera-
1044 5069 1390 5141 Gasoonuusepiscopus,
1400 5081 1646 5124 seruusseruorum
1655 5065 1808 5133 Dei,excel·

141 5154 219 5220 hilis
230 5178 279 5221 rex
290 5170 343 5233 est,
356 5171 385 5221 et
397 5162 560 5237 magnificus
572 5163 772 5237 triumphator,
783 5164 956 5238 judicaturus
1008 5164 1160 5221 lentissimo
1172 5162 1228 5219 illio
1244 5164 1291 5218 W.
1308 5160 1429 5235 glorioso
1448 5159 1505 5235 regi
1516 5160 1679 5235 soporum,
1690 5159 1806 5217 salutem

146 5253 233 5315 viru
242 5264 273 5315 et
284 5266 425 5327 mortuos,
433 5257 552 5317 reddens
561 5258 709 5332 unicuique
719 5259 871 5317 secundum
886 5277 955 5334 opus
1009 5265 1037 5316 et
1046 5257 1229 5330 apostolicam
1243 5253 1475 5314 benedictionem.

141 5356 248 5408 mm.
262 5351 393 5426 neeojus
405 5350 568 5410 multimoda
579 5352 770 5422 retributione,
787 5362 816 5411 et
824 5368 874 5411 vos
887 5353 954 5411 certi
1045 5353 1225 5425 compertum
1252 5365 1312 5407 esse
1331 5346 1485 5406 celsitudini
1505 5354 1560 5405 tuse
1575 5362 1632 5404 non
1647 5345 1807 5404 dubitamus

148 5450 218 5499 ue
240 5444 378 5518 poteritis,
396 5446 422 5502 si
441 5445 572 5519 usquein
588 5445 674 5504 duem
697 5446 790 5505 lideles
812 5456 841 5504 et
853 5448 954 5505 incon-
1009 5444 1084 5520 quod
1100 5445 1191 5502 dictos
1205 5442 1349 5516 episcopus
1369 5440 1497 5499 nolensis
1514 5440 1653 5508 seelera,
1673 5455 1736 5513 quue
1751 5439 1808 5497 ilri-

151 5534 231 5593 αι’
247 5537 281 5595 itt
301 5536 362 5612 ejus
375 5537 491 5597 ueritate
504 5538 687 5612 perstiteritis.
702 5541 813 5613 Propter
834 5540 910 5614 quod
929 5548 956 5598 et
1008 5537 1126 5595 taumcae
1139 5536 1285 5610 provinciae
1297 5534 1510 5609 principeliscst
1524 5532 1614 5603 sedes,
1628 5546 1688 5591 sure
1713 5532 1809 5590 salutis

150 5632 212 5685 tos
233 5630 404 5689 iumenwr
422 5648 472 5705 pro
493 5631 572 5690 uobis
594 5648 722 5708 rogemus
741 5636 842 5704 Deum,
858 5641 889 5691 ut
909 5634 956 5691 det
1009 5632 1172 5700 immemor,
1192 5640 1220 5687 et
1233 5638 1393 5687 sannorum
1412 5632 1554 5684 canonum
1572 5625 1681 5684 decreta
1694 5624 1806 5682 concul-

159 5718 239 5780 'cltis
250 5722 425 5781 corroborari
438 5725 631 5798 perspiritum
650 5734 775 5785 sanetum
794 5728 824 5784 iu
843 5726 956 5784 numius
1010 5740 1088 5793 cans,
1104 5724 1231 5782 eamdem
1250 5723 1402 5781 Ecclesiam
1415 5736 1466 5794 per
1476 5718 1665 5777 Simoniacom
1681 5714 1807 5775 boresim

160 5810 229 5885 qus,
249 5822 280 5873 et
299 5822 507 5877 mtermteor
524 5819 599 5893 regis
619 5819 655 5877 ad
668 5819 868 5892 poeniteutiam,
883 5827 957 5878 utet
1010 5818 1182 5894 impudenter
1207 5817 1347 5881 invaserit,
1370 5820 1399 5870 et
1418 5811 1528 5885 prolixo
1547 5810 1606 5882 iam
1622 5818 1814 5879 temporeoq-
