3870 6164
138 298 192 354 'tte
499 290 528 347 s.
547 286 708 345 eueuutut
724 286 770 343 vtl
787 286 862 343 OPP.
883 284 1030 342 reuelli.
1051 312 1086 327 -
1104 285 1262 343 cultellis
1281 284 1435 343 ltollultb.
1745 286 1798 340 tot

139 422 182 481 vel
198 420 235 479 ad
248 419 361 495 aliquod
372 416 534 491 hujusmodi
546 384 671 472 clericale
681 411 817 480 oldcium,
830 427 880 485 per
892 427 936 484 pe·
951 415 977 479 Α
991 412 1047 469 sivo
1059 411 1214 471 'turonensi
1235 418 1371 469 τττττῑτττ
1384 410 1494 485 legitur,
1507 419 1539 469 ut
1550 410 1695 485 presbytes
1706 410 1799 468 Eccle-

140 516 252 575 cuuiam
265 508 572 587 promoventnr,qnnlis
584 505 939 578 ττιτίοτᾱττττίττττττ,ρτττ1
993 506 1063 563 siam
1075 507 1163 578 pretio
1182 506 1306 579 adeptus,
1321 514 1351 563 ct
1372 506 1545 579 presbyterio
1559 513 1587 562 et
1600 503 1729 562 Ecclesia
1743 504 1797 577 pri·

140 610 275 683 positura,
286 605 412 673 decatum
428 602 719 676 archipresbyteratus,
732 609 760 658 et
772 600 816 658 bis
825 600 936 657 similia.
991 608 1080 659 actm.
1096 602 1168 658 ltcm
1178 600 1274 658 beatus
1293 602 1351 656 loo
1374 615 1445 673 papa
1459 601 1521 672 ejus
1545 598 1672 657 nominis
1694 612 1795 666 nouus,

140 703 187 760 Sic
209 715 275 774 ergo
288 707 317 757 et
329 712 422 757 noster
457 697 625 772 apostolicus
655 695 711 753 duo
734 695 938 767 negotiatorum
989 702 1084 751 nostro
1095 694 1213 767 tempori
1227 709 1295 766 peno
1309 693 1473 767 contiguus,
1489 692 1797 767 inprimasualtoms·

141 808 253 869 genera
275 800 303 850 et
321 806 420 851 omnes
431 790 636 865 negotiantium
651 789 784 846 versutias
807 789 835 844 in
850 787 939 859 primo
992 803 1027 844 na
1041 785 1341 861 synodosimoniscam
1365 786 1493 845 haeresim
1518 786 1630 860 penitus
1643 784 1793 853 detumit

141 891 202 962 eius
212 894 318 946 statuto
337 884 557 958 comprehendit,
573 884 601 939 in
615 897 671 956 quo
693 882 807 938 clericos
819 880 938 952 aliquem
993 882 1146 955 emptiones
1171 889 1199 937 et
1217 881 1391 938 venditiones
1412 880 1540 938 altarium
1554 878 1793 937 subanstbsmste

140 996 284 1039 umorum
298 979 430 1037 ordinum
444 977 560 1053 gradum
573 986 602 1035 et
615 975 738 1033 oidcium
749 989 861 1048 quoquo
875 987 939 1029 mo-
994 975 1148 1048 prohibuit3
1163 973 1237 1048 quod
1260 973 1410 1031 anathema
1441 973 1480 1031 illi
1495 990 1550 1030 non
1564 981 1717 1031 evaseruut
1738 974 1794 1046 qui-

141 1073 179 1135 do
192 1090 241 1148 per
253 1073 405 1148 pecuniam
418 1072 532 1144 adeptos
544 1070 671 1143 deponit,
685 1068 760 1142 quod
774 1075 867 1124 tamen
880 1075 939 1123 sta-
993 1084 1100 1141 cunque
1120 1068 1248 1141 deinceps
1268 1077 1326 1126 mm
1338 1067 1472 1124 notariam
1489 1068 1709 1140 negotiationem
1720 1082 1792 1123 exer·

142 1172 238 1225 mmm
249 1165 383 1240 superiori
394 1166 484 1238 capite
495 1165 590 1222 mitius
599 1162 702 1236 liquido
718 1160 862 1237 probatur,
875 1175 941 1217 cuns
994 1179 1055 1220 cere
1081 1170 1326 1236 praesumpserunt.
1340 1161 1422 1217 Libet
1442 1176 1506 1235 ergo
1519 1160 1701 1217 considerare
1715 1175 1792 1234 quan

143 1259 330 1335 spiritualium
343 1254 504 1317 officiorum
521 1257 688 1325 venditores,
703 1265 731 1313 ct
756 1263 814 1312 tam
827 1253 942 1311 nelarie
994 1258 1144 1315 clementer
1164 1265 1260 1313 noster
1273 1256 1439 1329 apostolicus
1454 1263 1564 1311 tantum
1577 1263 1690 1327 emptas
1706 1256 1790 1312 Eccle-

141 1353 341 1427 negotiationis
349 1352 526 1419 mediatores,
534 1350 626 1408 debita
636 1350 738 1407 ultione
749 1365 806 1406 non
819 1347 940 1413 damnet,
995 1352 1049 1408 sias
1060 1350 1231 1423 emptoribus
1243 1366 1341 1407 eorum
1352 1348 1495 1416 ademerit,
1510 1364 1580 1421 quos
1601 1348 1684 1421 jum
1697 1364 1791 1409 m.

141 1460 215 1519 quos
227 1454 322 1504 tamen
336 1445 497 1519 praedictum
510 1453 592 1518 ceput
605 1460 671 1501 cum
685 1444 753 1516 ipsis
772 1440 943 1514 emptoribus
995 1460 1056 1502 ram
1067 1452 1226 1501 sanctorum
1249 1446 1365 1500 Petrum
1379 1452 1408 1500 et
1428 1441 1549 1499 Ecclesia
1561 1451 1591 1498 et
1613 1441 1789 1514 presbyterio,

140 1526 331 1612 degradandos
344 1547 372 1595 et
397 1536 735 1598 anathematizandosesss
758 1534 888 1592 dmrevit.
908 1534 943 1587 Et
997 1539 1054 1595 imo
1068 1537 1226 1595 christiano
1252 1537 1365 1594 nomine
1387 1535 1634 1603 etcommunione,
1651 1535 1790 1609 privandos

142 1639 207 1689 nota
225 1632 249 1689 si
267 1630 404 1689 mediator
423 1630 567 1704 degradari
585 1631 628 1687 vel
646 1628 870 1687 anathematizari
881 1640 943 1682 me-
997 1646 1057 1688 esse
1069 1647 1124 1688 uon
1132 1632 1278 1705 ignoravit.

140 1724 196 1782 rlto
206 1722 328 1796 iubetur,
343 1723 455 1799 quidde
468 1725 516 1782 illo
529 1738 626 1781 censes
637 1723 684 1797 qui
695 1738 745 1796 pcr
758 1721 884 1779 eamdem
898 1735 946 1775 ne-
1033 1727 1110 1781 Vlll.
1122 1726 1175 1782 Sed
1188 1742 1238 1782 cur
1260 1726 1411 1781 intantum
1432 1724 1600 1793 laboramus,
1625 1732 1658 1780 ut
1671 1723 1790 1797 praedicta

140 1816 321 1888 gotistionem
345 1818 459 1893 indigne
480 1824 666 1892 promovetur.
687 1819 748 1873 lloc
762 1817 856 1888 utique
870 1813 944 1887 quod
960 1790 1087 1876 Bnostri
1100 1818 1240 1892 apostolici
1255 1827 1355 1875 statuta
1371 1834 1405 1874 ex
1419 1816 1558 1891 synodicis
1571 1826 1736 1874 sanctorum
1747 1819 1790 1874 Pa·

141 1910 332 1969 missffmtlt
346 1928 416 1986 lllllt
429 1914 591 1985 Gregorius,
606 1911 664 1968 imo
680 1926 730 1983 ptr
754 1910 832 1966 illum
857 1908 943 1981 Silili·
996 1920 1073 1970 trum
1087 1913 1227 1970 sententiis
1239 1913 1402 1984 processisse
1415 1910 1652 1982 demonstremus,
1670 1926 1736 1968 cunt
1751 1924 1789 1966 ea-

141 2014 185 2064 tos
202 2014 328 2077 sanctus,
347 2006 381 2063 de
404 2004 566 2079 buittsmodi
587 2002 808 2078 negotiatoribus
829 2001 940 2059 indubi-
994 2005 1056 2063 dem
1083 2021 1117 2062 ex
1146 2007 1206 2078 ipso
1228 2021 1313 2063 werae
1336 2006 1486 2079 scriptum
1513 2005 1633 2062 ammeio
1656 2019 1790 2063 emanans

141 2110 231 2161 tantm
246 2099 380 2170 decrevit,
393 2099 481 2172 quiin
492 2098 617 2171 ejusdem
628 2096 771 2170 apostolici
788 2095 941 2153 auriculam
994 2100 1102 2157 nullum
1114 2098 1241 2157 dubitare
1261 2099 1401 2157 eruditum
1416 2104 1561 2172 putemus?
1574 2100 1648 2154 Nam
1664 2098 1790 2157 incudem

141 2195 193 2253 snb
210 2193 370 2253 columbina
398 2192 488 2265 specie
503 2190 635 2264 quaelibet
654 2187 825 2247 decemenda
839 2187 941 2244 dictare
994 2193 1131 2264 scriptura
1154 2208 1250 2249 omnes
1274 2208 1399 2265 personae
1424 2199 1484 2248 tarn
1504 2191 1601 2248 notarii
1626 2190 1791 2249 mercimoni

141 2288 293 2348 cousuevit.
316 2288 423 2359 liemps
448 2285 583 2356 scriptum
595 2292 638 2341 est
649 2285 679 2340 in
693 2282 811 2339 decretis
825 2281 883 2338 suis
894 2296 941 2337 ca-
995 2285 1133 2342 damnatae
1152 2287 1337 2359 reperiuntur,
1347 2286 1452 2342 scilicet
1472 2293 1500 2343 et
1511 2285 1670 2343 venditores
1682 2294 1710 2343 et
1721 2284 1790 2359 τρίτ’-

141 2382 197 2456 pite
211 2386 288 2439 tst:
310 2380 472 2452 Quicunque
485 2393 551 2449 ergo
575 2376 791 2434 ecclesiasticum
816 2373 940 2431 cilicium
994 2381 1112 2438 tualium
1123 2379 1279 2438 ciliciorum
1300 2387 1450 2452 emptores,
1478 2388 1560 2452 atque
1589 2378 1675 2452 huius
1699 2377 1792 2454 negotii

141 2476 222 2548 pretii
247 2473 339 2532 studet
351 2472 596 2539 dationemereari,
608 2470 674 2528 dum
687 2485 743 2527 non
758 2468 881 2526 cilicium
892 2467 942 2526 sed
995 2475 1171 2532 mediatores.
1183 2479 1244 2546 lpse
1257 2475 1332 2530 euim
1356 2473 1494 2530 Dominus
1507 2473 1609 2544 pariter
1628 2480 1751 2530 ementes
1765 2483 1791 2529 st

141 2582 245 2627 nomen
268 2565 398 2634 attendit,
428 2564 556 2622 sacerdos
582 2580 640 2621 non
655 2580 725 2630 esee,
750 2562 798 2620 scd
823 2562 942 2619 inaniter
995 2568 1144 2625 vendentes
1158 2568 1192 2624 de
1220 2567 1324 2641 templo
1338 2583 1388 2624 suo
1408 2567 1497 2639 ejecit,
1520 2574 1548 2623 et
1570 2566 1720 2623 cathedras
1731 2582 1791 2622 ren·

24 2654 28 2665 '
143 2660 338 2719 tantummodo
356 2658 410 2718 diei
418 2655 941 2731 concupiscientpaulopostineodcm
995 2663 1117 2720 dentium
1140 2661 1284 2718 columbas
1302 2662 1361 2733 jam
1382 2661 1519 2732 tuncipse
1539 2660 1678 2717 subvertit
1686 2661 1791 2729 (ans

142 2770 202 2829 cap.
217 2754 583 2825 (tlt.1xttpatotomm.cp.
601 2756 645 2818 ³⁴)
661 2752 752 2808 :Cum
764 2749 943 2824 liqueathtnc
996 2772 1063 2826 ττι,
1084 2761 1144 2824 12);
1155 2754 1230 2828 quod
1246 2757 1274 2811 S.
1290 2754 1439 2826 Gregorius
1452 2754 1498 2809 ille
1507 2753 1657 2827 theologus
1672 2752 1796 2811 nommin

142 2848 271 2908 heresim
284 2855 349 2905 ante
375 2862 474 2904 omnes
494 2845 584 2903 radice
606 2843 734 2918 pestilera
762 2843 940 2916 sunmpstssc
997 2850 1129 2923 vigesima
1161 2847 1279 2906 secunda
1299 2848 1412 2904 homilia
1440 2846 1552 2919 exponit
1573 2848 1638 2903 ita.-
1667 2846 1795 2905 &Mra

143 2950 227 3017 atque
240 2941 270 2998 in
282 2942 342 3016 ipsa
355 2956 404 2998 sua
417 2940 523 3013 origine
532 2939 680 3012 apostolica
689 2938 871 2996 detestatione
882 2952 943 2992 οῦκ
996 2960 1061 3017 ergo
1075 2942 1251 3000 vendentium
1273 2942 1415 2999 columbas
1428 2942 1568 3009 evertitur,
1583 2939 1696 3012 quando
1711 2940 1738 2997 bi
1751 2939 1794 3013 qui

145 3035 315 3104 &mimimo
336 3050 387 3092 Μ
404 3049 461 3092 ¹¹⁰⁰
473 3041 594 3102 mitur,
608 3049 658 3090 ⁰1¹¹
682 3048 740 3089 ¹¹⁰ss
754 3028 942 3104 perpenditur.
997 3037 1166 3109 spiritualem
1174 3036 1287 3108 gratiam
1302 3035 1437 3104 vendunt,
1451 3042 1478 3091 et
1489 3043 1552 3091 ante
1573 3033 1714 3091 humanos
1734 3050 1796 3091 ocu-

144 3130 210 3203 quit
222 3127 422 3186 benedictioilli
434 3128 466 3184 in
477 3126 701 3184 maledictionem
711 3124 835 3190 vellitur.
850 3122 941 3198 quial!
997 3132 1049 3198 los,
1060 3138 1089 3187 et
1100 3139 1163 3186 ante
1178 3130 1228 3185 Dei
1241 3130 1347 3198 emulos,
1355 3128 1507 3186 sacerdotio
1524 3128 1689 3201 privent1u3
1702 3137 1795 3185 etme-

143 3223 240 3281 bocut
252 3221 456 3280 datbaereticus
468 3222 667 3294 promovetur?
681 3218 752 3289 Quid
766 3233 832 3291 ergo
841 3217 945 3274 mirum
962 3187 1064 3293 Crito,
1078 3240 1144 3281 nam
1161 3224 1218 3297 ipsa
1233 3222 1340 3279 veritas
1357 3222 1481 3295 praecipit
1495 3223 1524 3278 in
1541 3222 1715 3295 Evangelio=
1731 3222 1796 3279 um-

143 3317 279 3375 domur
302 3314 467 3388 apostolicus
497 3329 546 3372 eos
573 3322 681 3371 tantum
703 3312 738 3368 ab
757 3310 945 3369 oeclffliiltlitlt
999 3323 1034 3375 tis
1062 3320 1211 3391 accepistis,
1235 3319 1324 3387 gratis
1339 3318 1403 3372 dote
1429 3316 1538 3389 (bluttb.
1552 3324 1609 3381 xl:
1636 3314 1711 3387 quod
1734 3328 1797 3371 cnm

142 3409 304 3468 ministeriis
327 3409 476 3482 separavit,
492 3422 565 3480 quoe
578 3407 769 3465 sanctissimus
787 3406 846 3479 eius
859 3405 946 3479 tequi-
1000 3413 1069 3469 tales
1087 3427 1143 3467 non
1157 3410 1313 3479 attendant,
1324 3411 1409 3467 etiam
1428 3425 1445 3466 a
1464 3413 1525 3465 Deo
1538 3410 1644 3482 seipsos
1666 3409 1796 3475 alienant,

142 3519 228 3563 rocus
243 3504 280 3562 ab
293 3502 414 3561 Ecclesia
433 3510 574 3575 separatos
586 3518 646 3560 esse
658 3517 723 3559 cum
735 3501 848 3574 reliquis
859 3501 945 3557 baere-
998 3508 1045 3580 qui
1059 3506 1087 3562 in
1100 3504 1197 3563 eodem
1210 3505 1358 3578 Evangelio
1369 3503 1453 3559 dicit:
1470 3504 1524 3571 Qut
1535 3508 1577 3558 ost
1588 3518 1623 3558 ec
1638 3507 1703 3571 beo,
1718 3503 1797 3558 mlo

141 3596 376 3670 ticlsdcputatill
1000 3605 1050 3659 Dei
1062 3599 1142 3656 cudit
1162 3621 1168 3655 :
1186 3600 1247 3655 ideo
1261 3614 1305 3654 eos
1326 3614 1379 3652 uon
1403 3598 1520 3661 cuditis,
1538 3599 1603 3667 quio
1623 3612 1660 3652 ee
1672 3600 1725 3653 ileo
1747 3611 1796 3652 sos

180 3689 245 3746 Vll.
261 3689 418 3747 Secundum
431 3704 541 3761 quoque
554 3696 687 3746 statutum
702 3691 791 3745 nostri
804 3689 947 3762 apostolici
1000 3698 1063 3750 ostis
1076 3693 1186 3760 (ltottlt.
1196 3707 1217 3749 τ
1228 3696 1247 3758 ).
1263 3694 1397 3748 Praeterea
1406 3692 1532 3763 princeps
1543 3688 1739 3762 apostolorum
1749 3691 1797 3746 Pe·

146 3781 223 3856 quod
236 3780 371 3839 Ecclesiae
393 3782 567 3854 emptoribus
586 3796 683 3838 earum
697 3781 781 3838 adimi
810 3783 944 3854 praecipit,
999 3799 1070 3855 trus,
1086 3788 1142 3843 imo
1158 3785 1299 3858 perillum
1320 3785 1379 3858 ipse
1393 3784 1517 3842 Christus
1532 3782 1665 3840 omnibus
1680 3781 1797 3856 praelatis

147 3874 258 3934 itemin
275 3874 403 3946 proedicto
415 3874 645 3933 Chalcedonensis
658 3875 769 3931 concilii
777 3876 875 3946 cupite,
884 3875 947 3931 licet
1000 3881 1027 3936 in
1042 3879 1159 3937 Ecclesia
1181 3879 1304 3951 praecipit
1322 3878 1360 3935 ita
1374 3880 1509 3942 :Pascite
1534 3879 1630 3947 quiin
1653 3876 1730 3933 cobis
1748 3882 1794 3941 eet,

147 3967 516 4041 obsumcompretenmm
526 3966 644 4033 videtur,
655 3967 731 4040 quod
743 3969 827 4025 etium
839 3967 946 4041 dispeu
1000 3990 1106 4045 gregem
1121 3976 1184 4039 net,
1211 3956 1382 4044 procidentes
1407 3989 1460 4028 uou
1474 3976 1572 4034 oocctc,
1594 3972 1645 4027 scd
1657 3976 1797 4043 specuum

145 4061 232 4120 satori
263 4077 358 4118 rerum
385 4059 635 4119 ecclesiasticarum
650 4077 697 4133 per
720 4062 867 4134 meantum
881 4078 945 4135 pro·
999 4069 1144 4125 secuudum
1152 4070 1294 4124 Dominum
1306 4086 1315 4135 ,-
1330 4068 1480 4138 uoututpis
1496 4066 1674 4135 lucriqrctio,
1694 4064 1796 4121 sedeo·

144 4163 224 4214 moto
241 4153 364 4213 cilicium
390 4153 567 4228 dispensandi
582 4155 666 4228 y'ubet
692 4155 811 4226 aulerci,
835 4156 947 4230 quilibet
1002 4163 1122 4217 luntario
1145 4164 1178 4228 (l
1189 4164 1264 4218 Petr.
1286 4165 1333 4225 v).
1358 4160 1461 4216 Contra
1489 4158 1542 4215 boo
1568 4166 1738 4231 praeceptum
1759 4156 1796 4213 illi

143 4251 218 4308 mim
232 4249 376 4324 presbyter
390 4248 565 4322 dispensator
573 4250 656 4307 debet
668 4251 798 4319 existere,
808 4266 866 4308 non
878 4266 948 4326 prae·
999 4263 1095 4328 agtmt,
1107 4254 1263 4328 quicunque
1274 4253 1328 4310 boe
1341 4252 1481 4326 spirituale
1495 4250 1620 4309 officium
1638 4268 1689 4325 pro
1706 4266 1794 4308 sneu-

143 4340 289 4403 dleationls
309 4350 432 4413 tanturm
447 4343 496 4401 sed
514 4344 599 4401 ctiam
628 4360 722 4401 rerum
746 4345 876 4403 Ecclesia
893 4344 946 4402 sibi
999 4347 1047 4405 lari
1061 4350 1137 4405 lucro
1147 4347 1277 4420 subjectis
1288 4347 1346 4404 suis
1358 4347 1473 4419 turpiter
1484 4343 1718 4418 impendent‚de
1737 4342 1797 4419 qui·

141 4438 311 4506 commissam
321 4453 390 4512 quas
403 4438 491 4496 uncti
504 4440 600 4496 Patres
614 4454 671 4496 non
686 4440 773 4496 solius
784 4440 945 4514 presbyteri,
1000 4440 1051 4498 bus
1071 4440 1145 4497 idem
1168 4440 1306 4513 apostolus
1328 4441 1356 4497 in
1377 4454 1426 4498 sua
1441 4437 1584 4513 posteriori
1612 4438 1731 4511 epistola
1755 4446 1795 4495 tc·

141 4531 193 4590 ssd
202 4532 391 4607 quorumlibet
413 4532 555 4605 egentium
567 4533 726 4591 necessitati
743 4532 983 4613 dIspenssndasyy
999 4542 1085 4592 statur
1100 4553 1108 4591 :
1134 4537 1225 4592 secuti
1236 4539 1299 4591 suut
1310 4538 1383 4590 otum
1396 4534 1509 4591 Eutocm
1523 4549 1557 4589 eu
1569 4536 1653 4591 Βοτοτ
1664 4535 1716 4604 qui
1724 4548 1796 4588 oser·

142 4638 203 4682 etse
216 4633 393 4684 censuerunt.
418 4628 556 4685 Praeterea
569 4627 599 4683 in
614 4626 712 4684 eodem
735 4626 858 4701 capitulo
882 4628 942 4684 cui·
996 4630 1085 4686 cedem
1098 4630 1390 4700 iniquitottsumuuit;
1408 4632 1677 4698 correptionemque
1697 4626 1793 4682 bobud

140 4716 318 4777 bbetclerico
331 4720 422 4776 omnis
434 4720 616 4778 ecelesiastica
640 4720 793 4778 sollicitudo
806 4736 856 4795 per
881 4735 941 4795 pre·
995 4722 1582 4792 sucoesoniossubjtsyotomutumauimot,
1597 4720 1720 4777 bomiuu
1737 4735 1795 4777 oocs

141 4807 214 4869 tium
236 4811 373 4885 acquisita
394 4813 509 4886 jubetur
541 4814 639 4883 adimi,
670 4829 818 4888 procurare
844 4822 941 4872 autem
996 4819 1115 4890 loquens,
1127 4818 1268 4889 proibuit
1278 4816 1416 4888 propbeta
1424 4816 1664 4886 iusipiuttioutffl
1673 4816 1792 4878 Petunt.

143 4905 232 4977 ipsstu
252 4904 402 4963 miceam
441 4922 507 4964 cum
538 4907 700 4965 umrdotali
734 4907 881 4982 diligentis,
911 4908 941 4965 ni
994 4910 1075 4983 Quod
1089 4910 1247 4969 venerabilis
1267 4909 1411 4983 presbyter
1427 4907 1502 4965 Euda
1517 4908 1544 4964 in
1562 4915 1686 4965 tractatu
1712 4921 1795 4981 super

145 4996 237 5069 talla,
250 4997 595 5058 clericalissollicltudosst
608 5009 636 5058 st
655 5002 847 5059 cedmiasdca.
867 5005 941 5077 Ergo
993 5003 1119 5062 eamdem
1142 5005 1289 5076 epistolam
1300 5002 1489 5061 dilucidatita
1506 5000 1662 5059 :Nonnulli
1680 4999 1807 5059 catboli-

144 5092 217 5149 stin
229 5090 331 5151 eedem
343 5093 465 5166 capitulo
486 5094 605 5153 ecclesie
618 5095 775 5154 sollicitudo
795 5111 845 5169 per
858 5111 940 5169 pecu
993 5115 1090 5157 corum
1108 5099 1246 5156 intantum
1265 5097 1422 5155 mercedem
1453 5104 1547 5154 ament
1569 5095 1733 5169 inquinas,
1763 5100 1805 5153 ut

141 5185 221 5244 mam
234 5194 365 5259 usurpata
383 5184 615 5260 iubeturaufsrri.
631 5188 754 5247 Undest
765 5189 940 5248 beadnimus
994 5194 1077 5250 etiam
1098 5193 1171 5250 docti
1180 5192 1216 5249 ab
1229 5192 1360 5261 indoctis,
1374 5206 1390 5247 s
1405 5190 1480 5248 laicis
1491 5188 1579 5246 clerici
1596 5187 1701 5246 merito
1724 5190 1800 5247 lm·

142 5292 213 5351 papa
225 5280 378 5354 Gregorius
393 5281 515 5340 scribens
523 5281 560 5339 ad
570 5283 742 5342 (dementem
752 5283 939 5343 bizanzenum
993 5294 1105 5344 rentur:
1125 5286 1174 5358 qui
1186 5286 1249 5359 jure
1259 5294 1455 5357 comparantur
1469 5283 1622 5357 prophetae,
1636 5282 1684 5355 qui
1704 5280 1794 5339 vose

139 5368 234 5449 Uorts,
247 5375 433 5449 llyracenum]
447 5374 482 5434 de
495 5376 619 5450 quodam
632 5377 802 5453 presbytero,
817 5377 940 5437 decernit
992 5381 1076 5438 asinae
1085 5386 1181 5436 contra
1198 5386 1327 5436 naturam
1349 5376 1487 5450 loquentis
1503 5375 1663 5450 corripitur,
1681 5390 1736 5434 nee
1751 5382 1789 5431 ts·

139 5464 195 5523 lta:
208 5467 250 5525 Ut
263 5465 286 5524 d
298 5467 373 5527 idem
387 5470 531 5545 presbyter
542 5471 693 5545 quamdam
706 5472 856 5531 Ecclesiam
871 5473 940 5531 obti·
992 5489 1056 5531 men
1073 5473 1244 5548 aproposito
1259 5471 1338 5547 pravi
1347 5473 1455 5530 itineris
1465 5470 1633 5529 retardatur.
1649 5472 1706 5528 lste
1717 5466 1788 5527 ride·

137 5556 242 5618 nubet
256 5574 306 5634 pcr
317 5564 475 5635 pecuniam,
502 5580 562 5623 non
579 5565 672 5625 solum
691 5564 790 5626 ττᾶττι
815 5567 938 5626 Ecclesia
991 5567 1054 5626 licet
1065 5568 1177 5625 Babam
1195 5565 1271 5624 idem
1284 5581 1344 5624 esse
1357 5566 1488 5625 asseritur
1498 5565 1545 5639 qui
1563 5572 1593 5622 ot
1611 5564 1728 5624 beatum
1738 5558 1786 5620 ici

134 5651 301 5726 privaretur,
314 5655 366 5714 ssd
392 5656 475 5716 οτίτττ
497 5660 658 5734 presbyterii
679 5661 784 5720 bonore
802 5662 936 5736 moliare·
989 5661 1098 5719 inlibro
1110 5661 1249 5735 superflue
1263 5668 1466 5735 etamogsnter
1482 5653 1788 5732 docuissclegitur,qul

139 5751 199 5806 tur.
213 5747 261 5808 Sic
272 5764 383 5826 quoque
396 5752 596 5829 etinautiquis
607 5764 765 5814 nostrarum
780 5755 935 5830 provincia·
988 5763 1017 5814 et
1032 5756 1105 5825 Elin,
1121 5756 1206 5815 idest
1227 5756 1352 5827 divinus,
1367 5755 1402 5813 ab
1414 5752 1506 5813 olticio
1524 5751 1669 5811 divinandi
1682 5758 1726 5810 est
1744 5764 1787 5807 eo·

133 5848 199 5898 Mt
223 5844 356 5919 cenula,
384 5845 606 5924 ltogtmtiacemi
634 5846 767 5919 videlicet,
791 5848 934 5920 tlemsusi,
985 5850 1172 5925 gnomiuatus.
1188 5850 1232 5910 Sic
1249 5849 1324 5909 enim
1344 5846 1789 5919 usuuremotmtstcronynus
