3870 6164
151 247 222 303 10711
649 246 697 301 ab
715 245 828 304 uetus
847 245 874 303 S.
894 244 1055 305 anetem
1072 244 1293 305 assemblatas,
1720 242 1796 307 'rue

148 387 231 431 suum
254 369 437 429 clementium
452 367 485 424 de
508 368 590 426 illatis
608 369 774 433 criminibus
789 386 854 428 cum
870 371 947 428 omni
960 374 989 439 Α
1001 344 1100 430 itidem
1116 372 1272 431 necessario
1286 377 1317 428 et
1332 369 1368 429 de
1389 369 1450 445 eius
1468 369 1624 444 ligamento
1638 368 1796 445 judicabitur

149 467 331 525 sollicitudine
351 464 551 528 examinarent,
563 470 604 531 ut,
622 464 712 520 audita
727 465 749 521 si
763 481 826 522 vera
837 473 943 533 esseut,
1001 466 1127 523 videlicet
1147 474 1178 523 ut
1191 475 1219 524 et
1233 474 1295 538 post
1312 474 1432 523 mortem
1448 465 1574 539 ligatoris
1597 481 1681 540 aeque
1696 483 1794 539 perma-

149 562 253 618 ultione
265 561 397 617 canonica
419 565 599 626 resecaretur,
612 556 664 614 hoc
677 559 836 617 terribiliter
850 559 945 617 subin-
998 570 1062 617 neat
1083 560 1184 635 ligatus
1207 560 1255 633 qui
1276 575 1334 618 non
1357 557 1441 616 luerit
1460 558 1651 617 eeclesiastico
1672 576 1792 620 momm-

146 651 247 722 iercns,
260 652 334 726 quod
343 653 417 725 apud
429 650 691 709 Deumeorumdera
707 653 848 709 criminun
862 652 944 726 parti·
998 655 1168 711 conciliatus.

147 763 211 820 ceps
225 749 353 805 existeret
372 747 526 821 quicunque
541 760 638 803 eorum
659 745 704 802 illa
720 746 854 804 subtiliter
865 745 942 804 iuda·
1034 748 1116 806 Libet
1135 756 1231 806 eutem
1242 747 1408 806 senteutiam
1421 749 1454 805 Β.
1476 748 1611 823 Cypriani
1628 750 1756 824 martyds
1769 761 1789 808 et

147 859 210 915 gare
222 843 396 915 neglexisset.
999 842 1099 917 egregii
1107 842 1229 900 ductoris
1237 841 1272 899 de
1281 841 1567 900 communicatoribus
1580 848 1788 904 excommunica

183 941 249 998 llaec
258 947 287 997 et
301 941 352 998 alia
365 938 523 1013 hujusmodi
537 939 567 995 in
581 938 773 996 ecclesiasticis
784 946 943 997 sanctorum
998 944 1093 994 torum
1112 937 1285 1005 subnectere,
1300 943 1332 994 ut
1345 937 1396 1008 ipsi
1409 937 1588 1010 perpendant
1600 955 1690 1012 quam
1703 941 1786 1012 pericu

145 1036 260 1091 Patrem
279 1033 391 1091 statutis
410 1032 714 1092 sullicieuterineenire
736 1033 944 1107 paleariaque
997 1031 1057 1089 lose
1079 1031 1131 1087 sibi
1154 1031 1221 1103 ipsis
1251 1030 1286 1087 ab
1307 1046 1405 1088 eorum
1427 1032 1572 1090 consortio
1596 1048 1659 1090 nan
1683 1044 1786 1092 cerunt

146 1128 226 1185 nobis
239 1128 441 1186 evidentissime
455 1128 649 1185 demonstrant
660 1143 745 1199 quam
757 1126 942 1185 obedientiam
999 1125 1128 1183 Scribens
1139 1125 1256 1182 euimed
1267 1126 1400 1197 blagaum
1408 1126 1626 1200 presbyterum:
1642 1130 1785 1194 taanenu,

147 1223 261 1296 subjecti
271 1223 417 1296 cujuslibet
427 1223 532 1295 praelati
544 1221 580 1279 ad
592 1222 763 1294 superiorem
777 1231 943 1295 potestatem
999 1219 1101 1292 inquit,
1115 1221 1145 1275 ia
1160 1220 1214 1275 tali
1225 1221 1345 1287 facinore
1362 1235 1418 1275 aon
1431 1221 1520 1277 solum
1535 1222 1620 1279 duces
1632 1228 1785 1288 1111111111,

147 1318 276 1389 debcant,
290 1334 350 1392 quae
362 1329 390 1377 et
406 1320 479 1392 ipsos
493 1318 627 1375 damnare
645 1319 757 1391 poterit,
777 1319 857 1375 sivel
872 1333 942 1391 prae·
998 1314 1046 1369 sed
1057 1318 1082 1369 et
1091 1315 1238 1385 participes
1249 1317 1339 1384 paeaie
1359 1313 1505 1385 destinari,
1518 1318 1578 1371 atsi
1601 1331 1632 1373 se
1654 1332 1785 1375 oseem·

147 1411 202 1469 lato
216 1429 267 1469 suo
288 1422 382 1469 contra
396 1414 482 1485 ipsam
502 1412 663 1469 obedierint.
680 1414 744 1468 Non
766 1427 831 1486 ergo
845 1412 944 1485 aliquis
1000 1410 1080 1463 aicae
1090 1408 1225 1463 moram
1243 1410 1441 1480 separaverint,
1455 1411 1641 1481 precipiente
1651 1427 1702 1484 per
1716 1415 1785 1470 aaa

147 1505 331 1565 obedientiam
353 1507 458 1579 praelati
479 1506 522 1563 sui
542 1505 679 1579 superllue
693 1505 855 1578 praetendat,
870 1505 944 1580 quod
999 1503 1122 1565 Domina,
1137 1506 1163 1557 et
1176 1502 1296 1557 ducale:
1306 1503 1512 1574 Sepuramiaia
1522 1504 1785 1563 tabcauaeulisleai·

148 1599 294 1673 praecipuae
307 1602 446 1671 potestati,
461 1600 588 1656 videlicet
601 1599 762 1672 apostolicae
777 1608 805 1656 et
817 1600 944 1657 ecclesia·
999 1610 1066 1650 aum
1073 1597 1190 1651 e'stoeum
1196 1596 1415 1660 durissimarum,
1426 1595 1548 1654 ctaole'te
1557 1601 1678 1668 tauqcre
1686 1600 1785 1656 1111111

147 1694 224 1750 sticae
234 1694 401 1762 auctoritati,
414 1695 444 1749 in
455 1692 607 1750 devitandis
621 1693 864 1751 excommunicatis
881 1693 946 1750 obe·
1001 1690 1049 1745 bus
1062 1704 1122 1759 quw
1133 1694 1197 1744 suat
1210 1692 1258 1753 eit.
1271 1705 1305 1745 111
1318 1691 1403 1746 timul
1411 1693 1532 1762 pameas
1544 1692 1576 1747 iu
1587 1696 1782 1764 peceatum

145 1786 206 1844 dire
220 1787 475 1855 noadebea13imo
490 1795 547 1843 mm
561 1785 703 1860 subjectus
716 1802 801 1859 quam
815 1787 943 1859 praelatus
959 1775 983 1838 B
997 1784 1092 1849 (Nure
1111 1782 1198 1854 xu1l;
1214 1787 1240 1839 et
1253 1784 1325 1854 quad
1344 1787 1527 1842 caeamiaatus
1537 1801 1594 1858 per
1608 1788 1701 1844 lteser
1712 1789 1782 1845 basi

146 1897 193 1937 eos
206 1882 326 1939 devitare
339 1880 479 1948 studeant,
494 1897 528 1936 ne
541 1880 632 1937 cidem
645 1880 943 1947 excommunicationi,
998 1892 1050 1932 aut
1062 1878 1165 1946 fueret,
1188 1878 1319 1948 impleuit,
1343 1881 1373 1933 ut
1391 1882 1517 1951 quisquis
1532 1895 1561 1937 se
1581 1897 1602 1936 a
1624 1881 1784 1939 011111111-

140 1975 219 2047 juxta
230 1976 419 2050 apostolorum
433 1974 646 2040 institutionem,
662 1975 763 2046 pariter
774 1975 941 2047 subiaceant.
999 1971 1066 2026 ldae
1079 1975 1105 2026 ct
1115 1970 1288 2028 Abiranaoa
1299 1977 1460 2043 separasset,
1475 1989 1574 2045 paenas
1589 1980 1687 2032 statius
1696 1979 1781 2049 preiee

180 2069 232 2126 Sed
247 2078 274 2125 et
291 2070 331 2124 illi
345 2068 521 2134 excusationi,
537 2082 621 2139 quam
639 2066 752 2139 quidam
766 2068 905 2139 simplices
916 2068 944 2124 in
995 2067 1046 2136 pte
1059 2069 1243 2121 commestione
1253 2068 1424 2137 persolveret.
1442 2069 1500 2136 (lue
1514 2070 1646 2142 eaempla
1658 2071 1782 2129 ostenditur

145 2170 371 2234 nostratempore
379 2159 563 2233 praetendunt,
571 2161 644 2231 quod
653 2164 875 2217 excommunicati
881 2163 944 2233 jam
997 2160 1165 2230 etprebatur
1181 2160 1311 2216 obaacios
1329 2176 1416 2217 omues
1435 2163 1562 2235 etculpm
1583 2169 1612 2220 et
1631 2167 1781 2238 pereum

146 2259 175 2310 iu
191 2260 296 2311 taatum
308 2256 507 2311 abundaverint
516 2259 548 2309 ut
561 2270 732 2325 nequequam
745 2260 794 2310 aut
805 2258 854 2311 uta
868 2256 942 2312 deui-
998 2268 1054 2316 ros,
1067 2256 1117 2324 qui
1132 2269 1160 2309 ee
1170 2255 1349 2311 ehematiae
1362 2260 1454 2312 aonbu
1463 2261 1635 2329 propositos
1648 2259 1780 2317 etnam

145 2352 203 2405 tari
213 2352 327 2420 possim,
342 2346 421 2405 facile
442 2347 623 2419 respondetur
641 2347 715 2421 quod
728 2348 874 2405 difficultas
886 2350 943 2405 evi·
998 2351 1037 2402 tes
1049 2348 1205 2420 irrellqiaeu
1224 2351 1376 2407 temeritate
1389 2352 1548 2407 miscuerint
1562 2356 1662 2424 (epus.
1679 2353 1780 2419 tella·

144 2439 230 2509 taudi,
247 2458 306 2498 non
319 2441 514 2514 negligentiam
529 2442 643 2505 nutrire,
664 2441 712 2498 sed
733 2443 866 2514 majorem
879 2459 943 2500 cau·
997 2449 1079 2497 reant
1099 2456 1165 2514 ergo
1185 2457 1284 2499 omnes
1301 2451 1360 2499 mm
1384 2444 1527 2516 subjectus
1550 2462 1643 2518 quam
1665 2447 1780 2521 prolatu

143 2536 227 2593 telam
247 2534 282 2592 ad
302 2534 466 2613 devitandos
486 2534 740 2591 excommunicatos
763 2534 848 2594 debet
861 2538 941 2594 nobis
997 2542 1056 2591 tam
1076 2534 1215 2592 saecularie
1236 2552 1318 2608 qaam
1334 2537 1491 2611 religiosus,
1507 2555 1523 2595 a
1542 2542 1736 2598 communione
1745 2556 1783 2597 es·

144 2630 270 2686 excitare.
289 2630 425 2701 Quamvis
435 2630 511 2686 euim
520 2628 632 2685 dificile
642 2630 771 2698 viuntau,
783 2640 942 2688 nontamen
996 2629 1282 2700 communicatorum
1297 2630 1372 2702 quod
1395 2631 1488 2688 nullus
1510 2634 1635 2692 omnino
1657 2634 1781 2708 excipiuu,

142 2740 193 2797 pro
210 2723 287 2781 nullo
310 2732 421 2796 peccato
444 2731 573 2794 reputare
592 2722 724 2781 debemus
745 2724 769 2781 si
792 2725 833 2781 eis
845 2735 942 2783 cantra
997 2723 1201 2782 cumomnibus
1212 2723 1367 2797 hujusmodi
1377 2726 1543 2785 communia
1553 2728 1611 2786 sub
1618 2728 1784 2787 ammuni-

142 2817 324 2874 ecclesiastiea
341 2824 443 2874 statuta
457 2817 769 2887 communicaverimus,
788 2819 939 2892 quaejuxta
996 2817 1106 2874 catione
1120 2817 1156 2874 ab
1169 2817 1234 2890 ipsis
1249 2819 1379 2890 apostolia
1391 2819 1584 2894 interdictum
1594 2824 1783 2882 etsaltemerm

141 2921 252 2969 sanctos
269 2915 365 2969 Patres
376 2926 464 2984 usque
486 2911 521 2968 ad
534 2912 694 2985 sanguinem
706 2910 878 2969 defendenda
890 2930 940 2971 eo·
994 2912 1242 2969 excommunicatis
1254 2913 1343 2984 perire
1351 2914 1549 2984 timeamus‚si
1567 2933 1621 2974 uec
1635 2934 1684 2992 pro
1691 2932 1783 2975 rexere

141 3005 296 3080 gnovimus.
318 3007 391 3062 Nam
409 3013 437 3062 et
450 3003 612 3076 quotidiana
635 3014 747 3077 peecata
767 3021 825 3063 non
848 3008 941 3063 minus
993 3005 1247 3078 rentiaapostolicae
1260 3007 1461 3065 interdictionis
1469 3008 1653 3069 caederitsre
1661 3025 1781 3069 aarum

143 3115 193 3172 pro
214 3098 334 3171 peccatis
346 3106 518 3170 reputamus,
533 3099 584 3154 etsi
599 3113 630 3154 ea
646 3114 820 3170 nequaquam
834 3099 863 3155 in
889 3099 940 3157 hac
1030 3098 1084 3169 lpsi
1104 3100 1187 3156 etiam
1214 3103 1470 3161 communicatores
1489 3106 1781 3165 excommunicatum

140 3193 194 3249 vita
206 3191 327 3250 devitme
341 3191 488 3248 valcamus.
504 3190 582 3248 Unde
596 3199 625 3248 et
647 3191 806 3264 quotidiana
821 3192 860 3250 cis
874 3209 938 3266 pro-
956 3173 1131 3250 cdevitandi
1145 3202 1221 3265 sunt,
1246 3196 1298 3253 etsi
1321 3197 1485 3255 communio
1496 3214 1599 3257 eorum
1611 3216 1668 3257 non
1687 3200 1782 3259 meu·

139 3296 234 3344 cerata
245 3295 311 3343 sunt
327 3285 457 3353 remedia,
472 3285 630 3343 orationum
643 3286 765 3343 videlicet
779 3294 808 3344 et
820 3287 940 3345 eleemo·
993 3287 1247 3346 communicatione
1264 3297 1325 3348 tam
1339 3290 1483 3349 evidenter
1494 3300 1528 3350 ut
1549 3295 1782 3352 excommunicato

139 3396 282 3454 synarum,
303 3388 336 3437 ut
366 3379 489 3453 quotidie
511 3388 700 3452 amputaretur
718 3379 794 3454 quod
816 3380 942 3454 quotidie
992 3395 1057 3436 rum
1067 3380 1149 3438 nobis
1160 3382 1307 3441 interdicta
1319 3385 1435 3457 legatur.
1456 3388 1532 3445 liam
1544 3388 1576 3445 in
1587 3389 1669 3447 samis
1680 3388 1780 3446 eanoni-

140 3475 211 3532 male
241 3473 373 3548 pullulare
396 3473 511 3532 videtur.
542 3474 587 3532 Sic
609 3476 706 3547 utique
724 3475 941 3549 quotiescunque
994 3471 1046 3530 bus
1058 3489 1250 3547 sepenumero
1272 3480 1410 3551 reperitur
1429 3488 1462 3537 ut
1480 3482 1531 3555 qui
1547 3484 1778 3543 communicatas·

139 3567 439 3626 excommunicatorum
450 3566 940 3636 communionemaculamur,statim
993 3570 1218 3639 communicato,
1243 3573 1513 3633 excommunicetur.
1548 3579 1607 3637 bec
1626 3585 1733 3637 unnim
1749 3576 1777 3634 ili

138 3662 174 3718 ad
186 3660 381 3732 paenitentiam
401 3668 429 3715 et
443 3660 699 3717 reconciliationem
716 3659 845 3718 imbuere
856 3661 939 3719 debe·
993 3663 1147 3734 specialiter
1160 3664 1286 3738 adjicitur
1307 3676 1382 3725 utet
1403 3671 1653 3731 communicatoris
1670 3686 1776 3731 mumu-

139 3770 212 3811 mus.
227 3757 299 3812 llam
310 3751 458 3810 dilbcultas
470 3751 595 3810 evitandi
609 3762 657 3809 aut
666 3770 765 3826 parum
777 3770 830 3812 nas
842 3756 941 3814 autni·
993 3757 1102 3814 nicator
1119 3758 1171 3816 sub
1196 3761 1483 3820 excommunicatione
1505 3763 1678 3825 dameam:
1695 3778 1776 3839 nempe

137 3847 176 3903 bil
188 3846 223 3904 ad
237 3846 444 3903 exeusationem
457 3845 572 3918 juvabit,
583 3848 668 3905 unos
678 3847 713 3905 ad
727 3848 939 3922 praecavendum
991 3853 1093 3921 multa,
1106 3853 1165 3910 imo
1186 3854 1263 3926 plura
1283 3864 1359 3926 sunt,
1380 3872 1444 3930 qum
1457 3873 1602 3932 nusquam
1617 3861 1659 3919 vel
1670 3859 1776 3933 subm·

138 3948 168 3996 et
179 3947 271 4011 postea
287 3937 323 3995 ad
334 3935 558 3995 sabsiaeiendum
575 3938 789 4012 negligentiores
800 3940 938 4013 elleeerit,
992 3944 1057 4001 cleb
1070 3946 1265 4018 prohibitione,
1279 3949 1385 4008 nedum
1398 3953 1696 4027 excommunicatione,
1713 3952 1775 4013 uui&

139 4048 209 4105 quos
220 4032 246 4088 in
260 4031 310 4088 tali
321 4029 486 4087 necessitate
503 4029 539 4087 ad
557 4032 696 4105 maiorem
709 4032 882 4108 diligentiam
891 4050 938 4093 ex·
993 4039 1130 4111 prohibita
1139 4042 1278 4114 leguntur,
1292 4052 1324 4101 ut
1335 4059 1449 4102 mmem
1461 4047 1615 4109 comedere
1624 4050 1657 4109 in
1672 4052 1774 4109 111111·

138 4128 224 4184 citare
233 4125 368 4184 debuerit
993 4149 1040 4203 ce,
1056 4135 1147 4193 atalia
1157 4135 1327 4209 husjusmodi,
1338 4153 1403 4212 quae
1415 4147 1511 4197 tamen
1524 4158 1578 4215 pre
1589 4141 1776 4203 aarum

173 4219 294 4291 Quidam
308 4219 392 4276 etiam
413 4217 585 4290 ineptissime
604 4232 634 4276 se
655 4235 721 4278 cum
733 4222 938 4281 mortedomini
991 4228 1061 4287 stica
1083 4230 1282 4289 consuetudine
1303 4234 1458 4291 necessario
1471 4233 1648 4306 devitamus,
1658 4236 1773 4311 sajum

136 4315 264 4388 Gregorii
277 4330 355 4388 papae
368 4321 495 4371 excusent
515 4315 612 4386 (971),
626 4315 704 4389 quasi
718 4318 940 4376 excommunica
992 4324 1179 4394 augustinum
1192 4325 1229 4383 ad
1242 4327 1409 4385 casulanum
1427 4329 1640 4404 presbyterum,
1653 4342 1776 4407 uem
1815 4352 1817 4357 ·

136 4410 241 4468 donem
251 4408 368 4466 Romani
383 4407 520 4480 penulae
529 4417 592 4480 pest
609 4418 731 4468 mortem
750 4410 837 4484 ipsius
845 4413 939 4471 obser·
992 4416 1124 4476 riaatoces
1145 4419 1246 4478 divine
1270 4421 1339 4495 legis
1351 4421 1523 4495 judicemur.
1549 4427 1580 4484 st
1599 4427 1776 4503 ergopltuiu
1814 4406 1817 4413 ⁵

87 4508 92 4514 '
136 4519 200 4561 vare
219 4519 276 4561 non
290 4502 418 4561 debeant.
444 4500 498 4559 Sed
517 4501 671 4560 biaudient
693 4503 852 4578 ligationem
877 4508 975 4581 lto-1)
991 4525 1040 4582 pre
1051 4512 1776 4597 mtaeceesiasucaeansueeudiaedevirammaua

137 4600 213 4653 aneni
225 4597 365 4668 pontilicis
376 4612 434 4653 non
447 4596 645 4653 minusculam
657 4599 781 4670 reputari
795 4616 879 4673 quam
893 4616 939 4658 so-
993 4606 1082 4679 magis
1100 4607 1179 4676 illud,
1200 4608 1280 4684 qued
1301 4628 1318 4669 a
1339 4612 1440 4669 uncis
1457 4614 1593 4674 Patribus
1605 4618 1660 4675 etsi
1671 4632 1725 4675 non
1738 4610 1776 4671 sal

136 4689 285 4757 lationem,
298 4690 365 4764 quia
380 4693 413 4746 B.
428 4694 510 4748 Petro
524 4698 551 4747 et
564 4691 623 4748 suis
636 4693 841 4751 suecessoribus
854 4711 871 4753 a
883 4697 939 4753 Do
991 4703 1292 4774 excommunicatione,
1315 4713 1409 4763 tamen
1427 4706 1590 4767 tirmissime
1614 4710 1774 4786 μαψ·

139 4782 215 4840 mino
232 4782 278 4855 jus
293 4782 395 4856 ligandi
408 4783 508 4840 eodem
522 4791 620 4842 tenore
633 4793 662 4843 et
674 4784 817 4855 firmitate,
838 4798 871 4846 ut
882 4789 938 4847 sol·
992 4797 1182 4869 cognovimus,
1206 4797 1309 4856 scilicet
1329 4814 1366 4856 ne
1384 4802 1677 4863 communicatoribus
1687 4816 1774 4865 aaa*

136 4876 227 4945 rendi,
241 4890 405 4933 mneessum
415 4885 467 4933 est.
481 4877 588 4936 Solubo
600 4886 695 4938 autem
707 4881 854 4954 cujuslibet
869 4899 938 4957 apo-
991 4892 1198 4949 munioetorum
1210 4894 1460 4953 communicemus,
1471 4896 1549 4955 Nam
1561 4897 1664 4958 emm,
1675 4872 1772 4959 dm

138 4971 239 5039 subet,
261 4969 317 5027 sive
331 4971 363 5026 in
381 4972 602 5031 rwonciliatione
615 4977 937 5048 excommunicatorum,
991 5000 1072 5057 papa,
1097 4985 1143 5058 qui
1175 4994 1204 5043 et
1224 4986 1343 5044 alionum
1373 4997 1533 5047 sancmmm
1557 4992 1678 5053 Panum
1693 4956 1773 5062 ⁸sao'qtt

137 5064 231 5120 sivein
239 5064 414 5121 secutatione
422 5066 574 5139 lapsorum,
588 5068 673 5127 etiam
684 5079 747 5143 post
755 5079 877 5130 mortem
889 5088 938 5131 eo-
989 5078 1140 5150 apostolica
1152 5079 1314 5137 auctoritate
1328 5082 1499 5139 canonizavit
1511 5084 1611 5158 (tat),
1627 5076 1773 5145 scribuel

134 5158 231 5215 tutoris
245 5158 335 5215 valere
347 5174 407 5216 non
419 5158 572 5219 dubitatur.
591 5164 811 5239 Nunquidenim
823 5167 940 5238 quilibet
989 5172 1132 5245 episcopos
1146 5172 1304 5243 Dardaniae,
1318 5175 1390 5233 bane
1402 5177 1573 5236 mtendam
1591 5177 1770 5254 promulgarit:

134 5252 329 5311 reconciliatus
361 5253 419 5311 sive
445 5257 589 5314 mutatus
620 5274 673 5331 pro
700 5261 938 5321 excommunicato
989 5267 1075 5332 111111,
1090 5266 1188 5340 inquit,
1203 5270 1278 5327 aobu
1291 5274 1771 5335 emmerammenses*

134 5345 176 5402 vel
189 5346 315 5419 deposito
329 5361 359 5405 se
379 5347 475 5407 statim
488 5352 633 5425 reputabit,
650 5361 800 5428 postquam
813 5356 938 5414 mmcd·
989 5363 1080 5417 aionis
1103 5365 1233 5431 setena,
1249 5363 1278 5421 in
1301 5364 1345 5422 bis
1359 5366 1493 5439 praecipue
1511 5367 1599 5425 rebus
1622 5386 1691 5445 qaas
1708 5360 1771 5427 Μ’
1791 5440 1794 5445 Ι

134 5437 217 5495 liator
248 5440 308 5514 ejxu
334 5442 392 5500 sire
424 5445 569 5503 restitutor
599 5447 717 5505 obierit?
748 5451 813 5507 Non
841 5450 935 5509 credo.
988 5457 1084 5512 Patres
1097 5454 1179 5512 nabis
1199 5458 1375 5529 prohibuisse
1395 5459 1590 5534 eognovimus.
1617 5463 1770 5523 ldeu'n·

134 5526 163 5587 Si
185 5527 270 5602 igitxu
292 5530 392 5589 solutio
415 5533 564 5606 cujuslibet
585 5535 715 5595 eatbolici
736 5540 855 5612 pastoria
876 5552 939 5615 post
990 5544 1140 5617 qaxcnubus
1150 5548 1245 5618 (epist.
1264 5552 1313 5615 11)
1328 5566 1338 5604 .·
1352 5550 1516 5622 Quidiwat
1535 5542 1793 5626 requirebam&

135 5625 258 5676 mertem
280 5619 368 5692 ipsius
390 5630 451 5680 rata
473 5632 502 5682 et
522 5624 694 5687 observanda
707 5645 766 5686 non
779 5629 937 5705 dubitatur,
989 5636 1108 5693 deteri
1122 5637 1247 5695 barsace
1260 5654 1316 5696 aaa
1326 5645 1510 5708 muniere,
1525 5648 1554 5701 et
1565 5644 1614 5702 aas
1628 5650 1713 5703 m
1722 5650 1769 5697 11

172 5742 389 5829 (etelecripsit
407 5762 473 5832 ergo
495 5749 650 5810 iternaldm
671 5752 744 5810 bane
764 5757 936 5832 apologiam,
1027 5765 1112 5830 (ets)
1126 5760 1157 5818 ld
1171 5771 1223 5834 est,
1239 5764 1400 5827 sumendae
1411 5764 1575 5839 declararit,
1591 5777 1622 5828 et
1634 5769 1670 5830 ab
1681 5774 1766 5843 epoti

132 5826 317 5895 mortuaJam
335 5818 468 5897 Gregorio
484 5824 544 5881 Vll.
991 5833 1207 5908 pbiseejunxit
1539 5902 1543 5907 ,
