3884 6158
74 278 126 335 trs
646 275 743 332 tinen
760 275 883 332 nonus
901 305 938 320 -
957 281 1060 339 nerse.
1079 284 1153 339 xxv.
1671 298 1723 352 ere

106 415 186 483 opem
204 402 298 468 [mmet
315 400 535 526 ‘irci‘T'Wn
545 402 595 470 qui
608 416 627 454 o
643 404 737 455 comite
758 401 792 456 de
813 402 913 471 scdeA
927 405 999 460 terit.
1013 405 1146 480 idonius
1169 410 1206 464 rei
1223 410 1440 483 indagationem,
1454 414 1519 486 quia
1534 424 1560 472 te
1572 416 1720 490 diligimus,

107 478 209 574 ‘lm
223 477 250 529 ‘i
263 472 340 528 b⁰²²²⁸
352 475 402 529 Μ
413 487 474 527 ⁰⁸⁸ae
485 476 612 542 imvms
689 477 728 527 αῖ·
926 498 985 553 sine
999 507 1156 574 temporum
1173 503 1287 560 molesta
1298 504 1430 563 dilatione
1443 509 1552 580 copiam
1572 510 1620 567 tibi
1635 512 1722 584 proei-

105 597 709 669 Gereorrnseptscopusserrusservorum
718 597 872 666 Dsi,abba·
925 590 1026 656 dimus,
1050 593 1172 651 videlicet
1192 605 1223 653 ut
1245 599 1383 655 accersitis
1405 600 1539 658 iratribus
1552 604 1654 661 nostris
1668 608 1731 663 Bu.

77 692 157 760 tibus,
171 692 279 749 clericis
292 699 320 747 et
332 690 409 748 iaicis
431 691 602 747 Turonensis
614 689 870 762 archiepiscopatus,
925 685 996 740 tensi
1007 685 1218 761 archiepiscopo.
1232 693 1255 746 V
1259 728 1349 750 ........
1360 700 1388 749 et
1397 695 1445 751 W.
1458 692 1541 767 [deest
1552 703 1581 753 et
1591 697 1638 771 W]
1642 739 1721 758 .......

76 785 280 858 ctcpismpatus
290 783 560 858 Andegaeensls,qui
576 786 672 841 [isoes
684 783 868 854 protopatres,
925 777 1053 835 Firmano
1077 781 1205 853 episcopo
1219 791 1249 839 et
1261 784 1349 857 legato
1361 795 1457 843 nosue
1475 789 1608 848 W..
1623 791 1646 847 ei
1660 791 1720 849 lieri

75 887 153 952 atqie
166 877 240 936 sedis
258 878 414 950 apostolieae
431 877 537 951 legatis,
552 877 696 946 obediunt,
711 879 871 936 salutemet
925 878 1024 942 potest,
1046 887 1110 928 cum
1129 874 1172 930 bis
1185 874 1285 943 tribus,
1303 877 1423 951 alioquin
1437 879 1478 936 rel
1495 880 1595 940 horum
1609 881 1719 942 duobus

73 971 251 1045 ipomiioem
264 970 490 1028 piammonem,
924 965 1105 1036 praesentibus
1122 981 1204 1023 causa
1218 967 1246 1023 in
1259 984 1408 1027 commune
1421 971 1591 1034 discutiatur.
1614 976 1641 1033 Si
1652 991 1720 1051 ergo

102 1067 212 1123 Notum
228 1064 309 1122 vobis
322 1080 383 1122 esse
396 1080 453 1122 non
469 1064 628 1123 dubitamus
641 1065 870 1139 Andegavemem
923 1073 1005 1115 cautla
1019 1057 1133 1116 solerter
1154 1059 1298 1119 eventilata
1321 1063 1355 1119 ab
1369 1063 1440 1122 iiiiud
1460 1073 1592 1138 potestate
1605 1068 1719 1128 inventa

72 1159 201 1217 comitem
210 1159 248 1216 ob
259 1157 412 1232 nequitiam
424 1173 505 1216 snam
517 1174 577 1216 esse
588 1160 869 1230 excommunicatum,
924 1150 1005 1208 luerit
1019 1152 1113 1220 libera,
1135 1162 1202 1211 tunc
1215 1171 1266 1212 nos
1279 1155 1350 1213 sicut
1361 1157 1498 1229 oportebit
1511 1158 1641 1219 ellectum
1653 1165 1720 1221 dare

70 1267 154 1327 qmm
168 1252 257 1310 otiam
273 1252 301 1308 in
319 1268 367 1309 ρος
380 1252 427 1325 qui
447 1252 499 1309 gibi
520 1252 663 1310 ddhaerllni
676 1261 704 1310 pt
719 1252 868 1311 [ammei.
922 1244 1047 1317 precibus
1070 1246 1122 1303 tuis
1148 1263 1205 1303 non
1232 1249 1431 1321 pigritabimur.
1453 1251 1501 1307 Sin
1523 1261 1616 1310 alitem
1640 1254 1718 1313 debet

69 1346 141 1403 tendi
166 1346 275 1404 cunctis
297 1360 404 1403 sacram
422 1346 589 1418 Scripturam
610 1346 758 1404 scientibus
774 1347 867 1419 liquet,
922 1346 1005 1411 atque
1019 1355 1127 1397 necesse
1141 1341 1275 1399 estutsic
1287 1352 1334 1399 nra
1347 1343 1456 1400 devotio
1470 1344 1500 1401 in
1520 1344 1565 1402 bis
1584 1349 1721 1420 praecipue

69 1439 121 1510 Qui
131 1439 232 1497 mdiu
245 1448 419 1512 ruperimus
433 1455 488 1496 non
501 1440 593 1497 solum
608 1440 644 1497 dp
657 1441 698 1496 via
721 1443 869 1514 gua-pagii.
923 1448 985 1504 quaa
1000 1433 1051 1490 Dei
1061 1442 1127 1491 sunt
1150 1450 1208 1492 sose
1222 1437 1363 1508 aequaliter
1378 1436 1487 1506 habeat,
1512 1447 1648 1512 quatenus
1662 1441 1719 1498 ira·

68 1548 112 1589 m
132 1531 171 1589 sd
184 1535 287 1601 Deum,
309 1533 381 1590 sicut
399 1532 584 1591 Christianum
603 1541 723 1607 oportet,
746 1550 803 1591 non
827 1544 869 1592 eir
921 1534 1008 1583 ternae
1022 1526 1162 1584 charitatis
1182 1536 1209 1586 et
1222 1529 1379 1587 concordie
1398 1530 1537 1589 vinculum
1550 1548 1680 1606 rumpere
1691 1543 1720 1592 et

69 1640 231 1693 mannus,
244 1625 294 1683 sed
307 1626 418 1699 insuper
430 1626 466 1684 ad
480 1636 659 1700 augmentum
678 1629 790 1685 maiiiiae
807 1644 866 1685 euae
921 1620 1072 1679 dilectionis
1090 1623 1224 1680 unitatem
1245 1624 1272 1679 in
1287 1624 1403 1681 invicem
1417 1625 1543 1683 scindere
1562 1636 1665 1697 caveat,
1690 1630 1719 1686 in

69 1718 129 1776 aliis
141 1720 211 1777 item
225 1719 472 1777 excommunicetis
492 1720 673 1792 conjunctuS,
684 1720 798 1779 fratrem
813 1739 866 1779 no·
919 1724 1012 1771 menie
1025 1715 1130 1773 hibeni
1144 1716 1219 1790 (10οἆ
1232 1718 1367 1789 scriptum
1382 1727 1424 1775 ⁰⁸1
1438 1737 1446 1775 ²
1460 1721 1492 1776 εἰ
1504 1726 1573 1777 iiiii
1585 1722 1682 1791 ⁰ff⁶i⁰⁸
1693 1727 1721 1780 ⁶³

69 1822 155 1870 rtrum
171 1814 363 1870 'turonensem
382 1812 619 1886 archiepiscopum
632 1814 667 1874 de
682 1814 810 1872 sedesua
823 1832 868 1873 ex·
882 1787 989 1864 Brevi&
1010 1825 1064 1865 'wi
1078 1810 1212 1880 diiudicet
1237 1811 1373 1880 [diffletis
1395 1816 1520 1882 imili-
1548 1815 1590 1870 Di
1617 1824 1717 1872 mitro
1760 1808 1764 1813 ¹

68 1906 143 1978 pulit,
155 1904 434 1979 bennqueucclestae
447 1908 735 1980 penituserspotiartt.
748 1910 867 1967 eremus
918 1901 983 1974 quta
1004 1903 1201 1974 trajanensem
1222 1904 1338 1961 electun
1356 1906 1468 1964 anonis
1487 1908 1639 1964 conmuni
1664 1922 1717 1981 po-

68 1999 218 2071 apnstotica
233 2000 311 2056 vobis
333 2002 497 2058 auctoritate
525 2001 699 2075 precipimus
721 2010 752 2059 ur
770 2012 829 2060 ram
849 2020 866 2060 a
918 1995 1013 2064 stulas,
1029 1995 1091 2052 licet
1104 1995 1232 2070 electioni
1241 1997 1299 2069 eius
1319 1997 1373 2055 boc
1385 1998 1504 2056 deluerit
1518 2000 1592 2073 quod
1612 2001 1717 2073 legatus

67 2092 183 2165 pretato
199 2093 323 2163 comite,
338 2110 423 2168 quam
435 2094 470 2151 ab
491 2094 623 2152 omnihus
645 2097 809 2168 sequacibus
823 2097 866 2153 vel
917 2088 1073 2159 apostolicae
1099 2089 1172 2147 sedis
1194 2099 1224 2146 et
1250 2106 1400 2149 consensus
1413 2101 1508 2149 noster
1531 2108 1588 2149 non
1614 2094 1714 2162 adium

67 2185 322 2259 complicibusque,
332 2187 597 2260 sobissummopere
610 2189 740 2258 caveatis,
751 2190 865 2246 omnino
916 2188 1010 2239 tumen
1023 2191 1168 2240 monentes
1178 2199 1215 2241 ne
1227 2182 1263 2241 de
1279 2183 1370 2241 iuluro
1381 2184 1409 2241 id
1421 2184 1478 2252 fiat,
1494 2193 1549 2244 tnae
1564 2185 1715 2256 dilectioni,

63 2294 114 2336 ιω
127 2278 298 2337 manentes
312 2297 328 2336 a
341 2279 528 2338 iimiiiaiiriti
540 2290 568 2339 pr
580 2282 785 2354 participatione
794 2283 865 2354 ipio.
916 2275 1055 2349 ipsiusque
1073 2292 1207 2350 personae,
1232 2276 1360 2335 laudabili
1374 2279 1530 2336 testimonio
1548 2279 1575 2337 id
1589 2280 1625 2336 ad
1644 2296 1716 2353 prte-

53 2386 138 2431 xnm.
153 2374 198 2429 De
213 2371 345 2445 praedicro
359 2389 424 2430 vero
437 2373 520 2431 fratrs
538 2383 635 2432 nostro
650 2374 862 2449 archispiscopo,
915 2384 979 2427 sens
999 2370 1159 2440 annuimus,
1183 2378 1214 2428 ut
1236 2371 1358 2441 veniens,
1376 2375 1436 2429 Deo
1461 2366 1578 2443 iacente,
1600 2389 1649 2447 per
1663 2390 1716 2431 nos

52 2466 111 2539 qui
147 2473 263 2539 propter
294 2466 432 2539 justitiam
463 2467 558 2540 pulsus
592 2476 620 2524 et
643 2469 863 2541 persecutionem
916 2471 1103 2520 consecretur·
1137 2492 1140 2497 ·

44 2572 211 2633 perpetem
228 2561 395 2626 ostitiarii.
420 2565 461 2629 v),
480 2559 559 2618 vobis
571 2560 747 2618 nihilominus
765 2562 862 2635 praeci·
1172 2602 1346 2660 EPISTOLA
1364 2605 1448 2661 XXV

37 2654 173 2726 pientes
185 2652 361 2718 mandamus,
376 2661 409 2709 ut
427 2654 451 2710 ei
465 2652 535 2710 sicut
554 2654 623 2726 patri
636 2663 727 2712 vestm
747 2655 863 2713 fideliter
1451 2646 1458 2660 '

29 2746 215 2818 devoteque
236 2745 378 2814 obediatis,
400 2762 433 2802 ac
455 2747 664 2804 necessitatibus
684 2748 778 2819 ipsius,
791 2749 862 2806 sicut
954 2749 997 2792 sn
1009 2748 1284 2792 secusnetscoruu
1298 2750 1511 2795 ossusnuusr
1523 2751 1672 2796 omenes.

24 2833 128 2897 loni
155 2838 217 2909 otii,
249 2838 378 2911 opitulari
403 2839 521 2896 libenter
551 2840 695 2898 studeatis.
726 2842 862 2912 Quemad-
1217 2852 1310 2918 (Auno
1321 2855 1411 2916 1081.)

21 2932 179 2992 nodum
189 2948 312 3007 namqno
325 2932 482 3037 saepedicto
494 2920 588 2991 comiti
600 2932 719 2993 latentes
730 2935 760 2991 in
768 2951 798 2992 se
807 2936 861 2993 Dei
907 2942 953 3023 'm
977 2982 1005 3022 se
1031 2967 1066 3021 ab
1088 2968 1375 3023 excommunicamm
1396 2970 1609 3040 mmmmm„
1628 2972 1712 3026 absa,

15 3026 160 3085 odium
178 3027 275 3099 procul
295 3025 379 3083 dubio
404 3036 562 3099 provocant,
586 3028 623 3085 ita
647 3036 674 3084 et
694 3028 760 3085 huic
783 3026 862 3085 tratri
951 3042 1043 3105 noant,
1059 3052 1169 3107 comque
1187 3038 1251 3092 eliis
1270 3039 1443 3094 interdicant.
1463 3042 1500 3096 lis
1517 3043 1567 3110 qul
1585 3056 1712 3112 persecu·
1765 3066 1778 3075 -

10 3126 167 3189 nostro,
182 3120 214 3177 itt
229 3119 330 3191 quihus
341 3135 451 3177 neeesse
467 3128 518 3190 est,
532 3121 722 3194 suffragantes,
738 3137 794 3178 non
806 3122 859 3180 ‹lu-
878 3152 902 3216 c
952 3111 1049 3164 ‘linem
1060 3111 1134 3177 filie
1145 3124 1200 3164 ”⁰²2
1211 3115 1323 3179 P⁰⁸⁸¹¹²²i
1335 3111 1470 3166 &mmm
1486 3113 1712 3182 impertitorem

10 3204 99 3273 bis
113 3214 238 3287 gratiam
258 3212 332 3271 beati
344 3214 426 3284 Petri,
440 3230 607 3288 suorumque
621 3223 796 3287 pcccatorum
807 3216 857 3273 ab·
951 3180 1086 3235 adsedem
1099 3181 1274 3250 “mmmm
1287 3185 1336 3237 Μ
1348 3181 1386 3236 “d
1396 3182 1489 3238 dmm
1499 3183 1638 3252 mim·

10 3309 241 3376 wodanem,
255 3315 405 3364 merentur.
425 3309 560 3364 Praeteree
581 3307 754 3380 praecipimus
767 3310 856 3367 nomi·
946 3304 1533 3376 Gusoonsnsepiscopus,scrvusserrorum
1540 3305 1711 3374 Dei,dilecto

10 3403 148 3460 mrim
175 3402 201 3457 u
202 3438 293 3458 ........
318 3400 461 3458 recensiti
476 3400 567 3457 abbati
580 3409 681 3458 sanem
705 3403 813 3470 Marte,
828 3412 859 3459 ut
911 3396 938 3451 in
965 3394 1075 3452 Christo
1094 3395 1173 3453 tratri
1200 3397 1226 3451 Η
1230 3437 1320 3453 ········
1343 3398 1473 3470 Capuano
1497 3398 1710 3471 archiepiscopo.

10 3488 166 3553 [inem
182 3501 294 3551 nonnas
314 3493 461 3550 canonicis
476 3495 572 3551 Sancti
592 3494 717 3562 Martini,
737 3496 859 3568 quassis
911 3489 1071 3561 oaeterisque
1085 3489 1292 3563 principatuum
1312 3490 1456 3565 episcopis,
1470 3491 1517 3566 qui
1529 3492 1609 3549 beato
1628 3494 1710 3550 Petro
1806 3483 1808 3487 ’
1860 3580 1866 3589 .

10 3586 216 3663 affigimus,
237 3584 316 3644 leret.
911 3582 1069 3640 obedientes
1091 3582 1273 3640 Christianam
1299 3583 1459 3658 religionem
1486 3593 1642 3644 comtenter
1660 3586 1709 3644 de·

310 3712 486 3769 EPISTOLA
500 3714 608 3770 XXIV·
911 3673 1036 3745 rendunt,
1051 3676 1397 3749 salutemetapostolicam
1411 3677 1636 3737 benedictionem.

947 3769 1178 3842 congratulamur
1193 3769 1330 3828 dilectioni
1352 3778 1461 3840 sestrae,
1486 3770 1583 3830 iratres
1606 3772 1709 3830 charis·

911 3861 985 3932 simi,
995 3862 1127 3935 quoniam
1142 3861 1217 3936 digni
1230 3864 1335 3922 inventi
1348 3865 1425 3935 estis,
1437 3865 1482 3938 qui
1493 3880 1544 3940 pro
1556 3865 1709 3925 Christiana

357 3947 451 4011 (Anno
473 3949 562 4008 1081.)
911 3955 1041 4029 religione
1057 3956 1162 4030 integra
1186 3956 1286 4015 virtute
1304 3959 1421 4033 tortique
1438 3959 1592 4017 constantia
1614 3959 1709 4018 iuimi-

10 4058 218 4118 Pqiisim
230 4026 289 4131 eiiii
308 4076 389 4132 super
414 4060 494 4116 epiro
513 4060 648 4115 pigmenii
666 4065 786 4132 episcopo
805 4080 859 4120 ,m
911 4049 999 4117 citias,
1015 4050 1110 4108 odium
1124 4060 1152 4109 et
1164 4052 1343 4109 contumelias
1360 4052 1501 4127 patiamini
1517 4069 1567 4112 :ae
1580 4062 1710 4128 optamus

92 4148 170 4204 Μ
196 4133 352 4217 ΜΨΡῙΜ»
378 4148 437 4187 cum
457 4132 504 4216 ‚ld
536 4133 680 4187 13⁰⁶&in
700 4136 858 4202 Restionem
911 4150 940 4197 ut
966 4142 1002 4199 de
1024 4144 1127 4216 reliquo
1153 4145 1288 4202 immobili
1316 4146 1415 4204 robore
1438 4148 1624 4221 perseveretis,
1653 4162 1710 4203 non

95 4208 264 4261 crescone
284 4208 418 4274 perimere
431 4204 547 4258 dicotur.
573 4204 661 4270 Quom
678 4205 735 4258 velt
758 4210 789 4259 et
802 4222 857 4260 coo

92 4276 261 4346 mmm
281 4275 453 4341 dssmmr'
471 4273 628 4330 ancoram
643 4274 856 4331 mmmm·
909 4235 992 4292 modo
1007 4251 1055 4293 vos
1074 4237 1109 4293 ab
1124 4238 1213 4295 illicita
1234 4246 1261 4294 et
1281 4237 1386 4295 nefaria
1404 4241 1709 4298 excommunicatorum

95 4349 249 4418 tiospectet.
262 4346 452 4416 hainoensem
471 4348 622 4415 episcopum
634 4348 692 4401 sine
705 4349 856 4416 apostolico
909 4327 1111 4401 participatione
1130 4329 1308 4400 abstinentes,
1321 4331 1371 4389 sed
1383 4343 1412 4390 ct
1424 4342 1538 4392 caeteros
1552 4333 1710 4391 sacerdotes

95 4418 335 4475 emeceeerttcte
351 4419 461 4473 electum
482 4431 510 4472 sc
530 4423 710 4472 consecratum
724 4421 775 4487 cit,
788 4418 855 4475 dum
909 4422 944 4478 ab
968 4437 1066 4479 eorum
1082 4425 1276 4482 communione
1295 4424 1497 4484 interdicentes.
1519 4427 1548 4484 Si
1572 4427 1620 4500 qui
1641 4442 1707 4483 sero

95 4493 188 4547 “M
205 4491 236 4543 ⁸7²⁸
246 4488 550 4560 mmmmm&
559 4489 650 4544 ‘'em‘'
661 4503 715 4544 '³⁰⁷¹
727 4492 787 4559 Μ·
873 4522 900 4586 1)
914 4515 1019 4573 luerint
1031 4517 1078 4590 qui
1097 4526 1192 4575 contra
1206 4517 1382 4578 interdictum
1396 4527 1519 4577 vestrum
1533 4528 1562 4576 et
1578 4527 1706 4576 nostrum

96 4611 274 4669 (incusans
286 4612 443 4685 episcopus,
458 4625 552 4668 sersus
563 4626 708 4669 servorum
720 4613 782 4682 Dei,
798 4616 860 4671 llo·
912 4610 1111 4669 contumaciter
1130 4611 1228 4668 missas
1249 4621 1278 4670 et
1296 4611 1388 4670 officia
1402 4612 1453 4670 illis
1466 4613 1560 4671 divina
1573 4612 1710 4671 celebrare

262 3844 303 3885 nn
323 3842 488 3885 EOBBRTUM
507 3843 659 3887 conlusit.

66 4709 159 4763 euro
169 4703 259 4762 nobili
269 4705 376 4774 comiti,
390 4706 507 4763 sulutem
518 4714 547 4765 et
558 4705 736 4779 apostolicam
745 4706 860 4764 benedi·
912 4703 1027 4761 subinde
1053 4706 1285 4778 presumpserint,
1312 4722 1361 4778 pro
1388 4714 1464 4764 certo
1492 4706 1608 4765 babeant
1629 4707 1709 4795 taleq,
1812 4780 1814 4785 Ι

77 4795 195 4856 donem.
912 4805 1048 4854 annuente
1069 4800 1141 4867 Deo,
1161 4798 1245 4856 moris
1264 4814 1294 4856 se
1322 4799 1491 4869 ministeriis,
1515 4817 1577 4873 quae
1598 4800 1709 4875 indigne

97 4891 157 4948 lton
171 4890 280 4949 dubitet
300 4891 444 4964 prudentia
461 4900 510 4949 trra
531 4907 582 4949 nes
606 4892 721 4949 libenter
735 4892 858 4964 petitioni
913 4905 1043 4962 usurpare
1056 4905 1113 4947 non
1133 4899 1268 4963 metuent,
1284 4892 1488 4967 inperpetuum
1505 4894 1671 4953 abdicandos
1682 4904 1711 4953 et

72 4983 230 5055 molarem,
245 4984 422 5058 inquantum
436 4987 573 5042 cumlleo
583 4985 676 5042 etsine
684 4983 804 5043 fratrum
813 5003 861 5044 no·
912 4984 970 5041 sine
994 4999 1041 5056 spe
1064 4985 1275 5058 recuperationis
1301 4988 1477 5046 amovendos.
1501 4992 1544 5046 De
1564 4997 1663 5047 caetero
1686 4988 1709 5045 si

68 5084 182 5135 morum
193 5076 325 5135 smndelo
341 5077 401 5137 ueri
420 5086 521 5152 potest.
540 5081 604 5135 Non
618 5086 660 5136 est
682 5079 757 5136 enim
770 5079 859 5152 aliqua
911 5076 975 5152 quis
987 5084 1108 5135 vestrum
1122 5077 1269 5151 impiorum
1286 5095 1443 5153 pressuram
1458 5079 1530 5138 ferre
1546 5096 1604 5138 non
1615 5080 1711 5138 valens

62 5171 198 5228 muniaris
218 5172 302 5245 apicis
315 5186 442 5244 persona,
466 5171 510 5228 oni
528 5171 602 5229 salve
620 5172 725 5244 justitia
747 5174 859 5245 pronius
912 5170 1132 5246 cupitsecedere,
1155 5171 1236 5230 nobis
1244 5189 1302 5230 non
1313 5173 1448 5246 displicet.
1467 5176 1631 5249 Huiusmodi
1642 5191 1709 5248 ergo

61 5278 202 5323 mensum
216 5272 345 5322 nostrum
366 5264 490 5337 prebere
505 5265 633 5324 velimus.
651 5270 695 5324 De
708 5282 743 5324 eo
764 5274 859 5325 autem
911 5265 953 5322 sel
965 5266 993 5322 in
1005 5273 1170 5338 potestatem
1183 5265 1258 5324 ducis
1272 5267 1384 5340 gloriosi
1398 5267 1439 5325 vel
1452 5267 1546 5325 nstris
1559 5269 1619 5341 ejus
1627 5278 1710 5343 pots·

56 5356 136 5432 quod
146 5357 326 5430 superelecta
339 5357 477 5416 ilelitensi
487 5358 641 5430 postulasti,
653 5360 767 5417 noverit
777 5361 858 5418 nobi·
911 5360 948 5415 rit
962 5359 1013 5429 ire,
1031 5367 1077 5415 aut
1088 5359 1111 5416 si
1130 5359 1165 5417 ad
1179 5376 1232 5417 nos
1253 5360 1344 5418 uenire
1362 5360 1499 5429 maluerit,
1514 5377 1567 5419 nos
1577 5362 1710 5421 charitate

55 5452 121 5511 litae
133 5459 182 5509 tue
195 5450 279 5508 nobie
292 5466 353 5510 esse
374 5452 533 5509 intimatum
549 5451 584 5510 ad
595 5453 643 5525 jus
656 5453 787 5511 Ecclesiae
802 5456 860 5510 ite·
910 5468 964 5525 qna
979 5452 1111 5510 debemus
1132 5469 1195 5511 eum
1216 5453 1334 5511 libenter
1357 5455 1545 5528 suscipiemus.
1567 5457 1621 5528 Qui
1646 5472 1710 5514 sero

51 5546 161 5621 gitunae
183 5545 328 5617 minere.
351 5545 434 5604 Unde
447 5560 505 5602 non
519 5545 598 5602 alitor
620 5545 798 5604 annuendum
812 5563 858 5618 po·
910 5546 970 5603 aliis
994 5547 1148 5619 exemplum
1170 5547 1259 5605 iactus
1274 5548 1380 5605 lortiter
1401 5549 1473 5605 inter
1494 5549 1596 5621 impios
1618 5563 1709 5622 peree-

52 5636 199 5698 stuletioni
221 5644 278 5695 tum
299 5636 503 5712 perpendimus,
518 5639 572 5696 nisi
594 5639 740 5713 diligenter
753 5641 859 5697 exami—
911 5640 1060 5708 roraverit,
1075 5640 1119 5698 ille
1132 5642 1227 5713 procul
1242 5641 1325 5698 dubio
1338 5641 1445 5699 virtutis
1459 5656 1590 5698 coronam
1604 5641 1711 5714 perie-

52 5738 124 5791 sats
134 5729 242 5803 iustitia
255 5730 428 5791 Melitensem
438 5731 586 5790 Ecclesiam
597 5734 632 5790 ad
645 5733 768 5807 pretate
778 5734 858 5807 liegi-
911 5748 964 5807 que
974 5734 1144 5806 triumphum
1155 5735 1254 5792 merito
1266 5735 1414 5808 mojorem,
1430 5734 1552 5792 Domino
1563 5733 1709 5804 largiente,

51 5832 130 5883 tante
151 5822 292 5897 pemcbise
303 5826 537 5885 cemeeenoncur
549 5827 858 5900 inonattinereconsti·
911 5826 1051 5899 percipiet.
