3884 6158
81 252 133 309 tta
576 250 840 310 Paotaoottltltt.
859 279 894 293 -
910 250 1048 309 acts-s,
1066 251 1240 311 Gaudebit.
1680 258 1733 315 tto

76 376 105 433 ia
124 376 288 451 aliquonon
300 374 461 448 exoemtm,
475 376 642 450 impossibile
656 384 706 434 est.
723 381 760 433 At
771 376 914 450 GregoA
928 376 1024 450 purius
1046 378 1176 437 virerent.
1192 379 1262 453 Quae
1285 378 1378 437 omnia
1408 380 1469 438 fuso
1488 380 1664 454 prosequitur
1684 386 1729 439 Pe

76 470 163 540 dum,
176 472 201 528 si
215 472 262 545 pul
277 471 404 528 conviciis
423 472 618 529 lacessiverunt
636 473 695 546 ejus
715 470 874 539 adversarii,
927 472 1118 529 tmsDamiani
1136 475 1164 529 in
1172 475 1287 546 epistola
1294 474 1329 532 ad
1343 474 1575 543 lindebrandum,
1591 483 1658 533 tnnc
1676 478 1737 533 llo·

76 565 144 623 tatis
168 581 306 640 superque
341 566 520 625 vendicarunt
542 566 613 625 illius
642 567 775 640 temporis
803 565 877 625 baud
928 582 1018 625 manaa
1045 568 1175 625 Ecclesiae
1200 568 1434 639 archidiaconum,
1459 569 1536 644 curius
1558 569 1617 628 sinc
1644 567 1733 633 dublo

78 659 214 733 ignobiles
229 668 368 731 tumores,
382 660 417 719 ad
427 676 496 733 qnos
506 662 636 719 lectorem
649 662 790 720 remittere
803 677 873 736 prat·
929 661 1060 718 instinctu
1083 670 1111 719 et
1131 663 1247 720 consilio
1270 663 1296 718 id
1323 663 1425 721 lactum
1447 672 1499 722 est.
1520 667 1624 722 Verum
1642 664 1731 722 ubils

78 763 133 811 stat
142 770 227 827 marn
238 754 309 813 dere
322 756 423 814 tritaet
433 754 538 813 lubrica
552 758 629 829 plura
643 756 744 815 dicere.
930 771 1056 813 summus
1070 756 1192 828 pontifex
1202 758 1296 823 erasit,
1313 774 1372 816 rem
1384 766 1521 833 utcunque
1535 768 1652 832 creptam
1667 758 1729 816 nbi-

113 849 180 912 lam
192 848 255 907 anni
269 850 508 924 ampliuscentum
529 848 734 909 eilluaerantex
748 867 803 925 quo
827 850 876 908 cle
930 867 983 924 que
995 851 1141 924 promovit,
1154 867 1185 907 ac
1206 850 1319 908 demum
1338 852 1460 926 perfecit,
1489 852 1676 912 frendentibus
1701 853 1730 910 in

77 952 201 1011 sicerum
213 945 353 1005 caelibatus
366 959 454 1012 maer,
468 947 503 1000 ad
529 943 557 1002 ld
569 953 678 1019 tempus
688 945 877 1014 intaminatus,
931 960 996 1001 eum
1017 945 1162 1018 impudicis
1175 945 1290 1015 eloritis,
1312 954 1340 1003 et
1350 947 1502 1005 calumnias
1522 947 1553 1004 in
1567 948 1626 1021 eius
1646 946 1729 1021 pudi-

77 1040 304 1105 miraculorum
317 1054 380 1107 usn,
394 1046 437 1095 tot
449 1044 645 1112 tantorumque
655 1039 780 1097 virorum
795 1038 879 1112 pudi·
931 1038 1024 1095 citiam
1033 1040 1208 1114 jactantibus,
1223 1039 1274 1097 sed
1293 1046 1352 1097 tam
1372 1049 1553 1098 ranoeonatn
1566 1048 1599 1098 ut
1619 1044 1729 1098 cecmi-
1825 1084 1832 1095 .

75 1139 138 1198 ciria
153 1144 182 1195 et
197 1133 364 1194 anaoritate
386 1140 572 1203 consecratus,
587 1133 623 1190 ab
646 1133 879 1191 incontinentibus
931 1135 1035 1190 cimam
1048 1136 1156 1191 sinistri
1165 1138 1281 1192 marosas
1293 1136 1429 1193 ramalem
1450 1138 1658 1193 comessationis
1670 1136 1729 1207 eius

75 1230 242 1307 erubrudam
261 1227 436 1301 etcorrnptis
451 1226 582 1285 Ecclesia
592 1227 724 1286 ministris
730 1235 879 1284 attentatus
933 1230 1084 1285 sablimitas
1100 1229 1267 1299 admitteret,
1280 1229 1368 1301 inquit
1383 1229 1551 1287 Lambertus
1566 1228 1730 1307 Smmnlpur·

74 1330 175 1397 iuerat,
190 1340 258 1383 eum
269 1322 402 1381 nimirum
411 1322 515 1396 indigni
528 1324 687 1380 Romanam
702 1321 796 1379 sedern
809 1336 877 1394 pon·
931 1323 1030 1395 gensis.
1041 1323 1121 1379 Certe
1131 1322 1200 1381 adeo
1213 1332 1370 1396 portentosa
1381 1333 1410 1380 et
1423 1330 1498 1379 extra
1517 1338 1630 1379 omnem
1647 1316 1731 1380 lldem

75 1422 162 1481 tifices
173 1426 358 1493 occuparent;
373 1433 461 1491 eoque
475 1433 519 1475 res
539 1417 687 1475 devenerat
699 1424 731 1474 ut
741 1417 877 1489 quosdam
932 1417 988 1474 risa
1013 1424 1055 1473 est
1075 1417 1159 1475 otiam
1179 1418 1314 1485 Bennoni,
1339 1417 1515 1475 schismatico
1542 1414 1675 1475 cardinali
1703 1426 1732 1475 ot
1832 1426 1834 1431 ’

74 1515 253 1592 presbyteros
262 1512 369 1585 publice
379 1526 482 1568 uxores
497 1510 660 1569 ducerenon
675 1511 797 1584 puderet.
811 1511 878 1584 Ejus
933 1512 1057 1586 Gregorii
1072 1511 1144 1570 hosti
1166 1512 1360 1581 infensissimo,
1380 1513 1440 1571 baeo
1454 1512 1589 1569 calumnia
1610 1520 1650 1581 nt,
1666 1512 1733 1570 licet

73 1611 110 1671 rei
129 1622 250 1667 nnuma
265 1606 363 1681 primis
386 1605 544 1678 exemplum
560 1606 692 1663 babemus
712 1606 739 1662 ln
757 1605 878 1678 quodam
931 1607 1017 1663 multa
1035 1607 1064 1663 in
1078 1623 1142 1663 eum
1155 1606 1327 1676 confinxerit,
1340 1608 1394 1665 boc
1416 1608 1522 1664 crimen
1538 1621 1677 1679 nunquam
1692 1606 1731 1663 illi

75 1702 426 1781 praememorati.
454 1702 505 1769 lll,
530 1717 558 1774 p.
573 1707 636 1762 isal
650 1699 787 1773 parochiae
799 1701 878 1757 Cata·
932 1701 1070 1773 objecerit.
1089 1703 1131 1758 De
1143 1700 1187 1757 his
1207 1702 1283 1775 plura
1306 1701 1396 1759 dicere
1419 1698 1644 1774 supersedemus,
1666 1715 1730 1758 cum

74 1798 218 1859 mucosis
228 1796 257 1853 ia
269 1795 366 1864 Gallia,
381 1794 493 1853 nomine
505 1795 664 1868 Augelrico,
675 1795 721 1866 qui
737 1792 876 1851 seminam
894 1783 918 1847 Β
932 1796 1060 1852 omnibus
1069 1794 1150 1852 obvia
1164 1795 1228 1853 sint.

72 1892 227 1969 mandam
253 1906 349 1948 coram
375 1889 541 1963 paroecianis
569 1888 625 1945 suis
656 1888 876 1961 desponsaverat.
966 1889 1010 1946 Ad
1020 1889 1197 1945 investituras
1215 1889 1288 1961 quod
1299 1889 1408 1958 attinet,
1422 1889 1471 1947 diu
1485 1905 1551 1948 cnm
1560 1886 1730 1961 imperatori·

72 1990 153 2047 lianc
168 1995 264 2044 autam
279 2000 344 2041 cum
358 1982 458 2040 ducere
483 1983 598 2039 domum
612 1990 748 2056 pergeret,
774 1986 877 2039 restite·
930 1982 983 2040 bns
1004 1983 1164 2040 luctandum
1178 1982 1238 2051 luit,
1255 1985 1407 2041 uttnndem
1422 1984 1529 2056 utaque
1544 1983 1668 2057 imperio,
1689 1997 1731 2039 sa·

73 2089 138 2141 unt
158 2082 325 2152 capuceum
341 2080 452 2133 mactae·
468 2077 528 2147 ejece
543 2078 606 2133 boeti
627 2082 653 2133 et
673 2079 718 2148 pie·
732 2078 878 2148 fidelesque
931 2093 978 2135 ero
995 2086 1022 2134 et
1044 2078 1169 2149 proiano,
1187 2093 1235 2135 sua
1252 2077 1314 2150 jura
1333 2087 1517 2135 servarentur.
1540 2077 1595 2135 Sed
1615 2075 1731 2137 undem

72 2179 206 2240 lomina.
221 2174 269 2247 qni
289 2186 353 2229 earm
378 2170 450 2242 apud
463 2171 634 2227 blantlonem
649 2171 809 2243 episcopum
832 2186 878 2227 ae·
931 2181 995 2245 post
1017 2172 1119 2229 multas
1145 2171 1346 2240 altereationes,
1370 2172 1508 2245 inquibus
1532 2171 1568 2228 ad
1595 2181 1730 2240 extrema,

72 2276 220 2330 emrnnt.
247 2266 352 2323 Citatus
372 2264 417 2321 ille
438 2262 474 2321 ad
501 2263 619 2336 episcopi
646 2264 821 2338 praesentiam
850 2264 877 2320 in
930 2267 1059 2324 nonsine
1073 2266 1215 2340 utriusque
1229 2267 1313 2340 partis
1332 2267 1411 2341 culpa
1424 2276 1534 2324 rentum
1553 2274 1605 2333 est,
1617 2265 1731 2323 tandem

69 2365 179 2440 senode
199 2358 377 2424 lionislllaii,
393 2358 549 2416 catalaunis
562 2356 666 2425 babitu,
681 2361 790 2431 cuipam
815 2375 877 2415 con·
931 2361 1102 2419 subcallisto
1129 2364 1153 2418 ll
1173 2378 1218 2419 res
1237 2362 1273 2419 ita
1285 2360 1438 2434 composita
1459 2360 1512 2419 luit
1529 2370 1560 2418 ut
1578 2360 1730 2433 imperato-

71 2461 165 2518 fessns
184 2464 241 2524 cst,
265 2454 421 2526 missusque
446 2453 634 2525 abepiscopo
664 2452 699 2509 ad
725 2453 876 2510 Falconem
930 2455 1052 2512 resloco
1066 2455 1160 2511 annuli
1181 2463 1209 2511 et
1223 2455 1322 2520 baculi,
1336 2471 1405 2529 quos
1419 2455 1498 2511 noris
1512 2455 1647 2528 episcopis
1665 2454 1732 2512 darc

72 2549 293 2626 metropolitam,
315 2549 421 2604 incerto
435 2562 467 2604 ac
488 2546 630 2605 dubitante
644 2562 697 2619 qua
716 2550 878 2617 correptione
931 2557 1137 2616 consueverant,
1157 2564 1205 2606 eos
1227 2559 1336 2622 sceptro
1361 2558 1469 2607 tantum
1492 2550 1593 2608 tradito
1616 2548 1728 2605 irrresti·

73 2657 99 2707 et
115 2662 203 2721 poeua
228 2658 330 2701 noram
352 2642 427 2700 illam
451 2657 482 2698 ec
509 2643 610 2696 malem
639 2645 877 2723 prmsremptioaem
931 2652 1006 2712 rent,
1021 2660 1076 2717 quo
1099 2643 1300 2713 significaretur
1317 2661 1364 2701 eos
1393 2644 1555 2716 temporalia
1573 2644 1636 2716 jura
1661 2642 1732 2700 acci·

74 2743 234 2799 mulctaret.
260 2736 334 2808 Quid
348 2735 400 2792 bac
418 2735 453 2792 de
466 2751 496 2791 re
510 2736 595 2792 Fuleo
615 2735 801 2807 rescripserit,
820 2752 877 2791 non
933 2754 995 2811 pere
1009 2737 1043 2793 ab
1061 2738 1238 2810 imperatore,
1266 2739 1340 2810 quod
1361 2738 1405 2794 ille
1422 2754 1469 2810 per
1484 2739 1661 2795 investituras
1679 2737 1731 2794 sibl

74 2838 178 2911 liquet3
190 2832 243 2891 sed
254 2840 348 2888 tamen
360 2846 394 2886 ex
408 2830 557 2886 blautionis
573 2830 685 2903 epistola
703 2829 879 2901 intelligimus
933 2830 1068 2887 vindicare
1083 2829 1282 2899 contendebam
1301 2840 1328 2887 et
1349 2830 1497 2905 spiritualia
1521 2848 1577 2887 non
1597 2833 1729 2903 recipere,

74 2945 179 2988 uorum
191 2926 261 2985 illud
274 2924 383 2984 lacinus
406 2924 488 2982 fuisse
503 2933 531 2981 et
553 2924 587 2981 ad
609 2923 637 2981 id
663 2923 794 2997 temporis
808 2924 880 2980 inau·
932 2923 1007 2997 quod
1019 2924 1160 2997 pontifices
1174 2924 1273 2981 merito
1290 2926 1340 2997 ipsi
1363 2925 1541 2997 denegabant.
1567 2927 1635 2994 Quae
1649 2925 1732 2996 buius

72 3024 177 3083 ditum.
197 3020 421 3080 Verumseasim
440 3034 473 3075 eo
499 3018 632 3090 prooessit
658 3019 797 3075 abnormis
819 3019 878 3075 bae
932 3019 987 3075 litis
1014 3018 1210 3090 componendae
1236 3019 1305 3075 ratio
1318 3020 1341 3075 si
1365 3018 1402 3075 ab
1430 3018 1489 3090 ipso
1510 3018 1639 3090 principio
1665 3019 1731 3075 inita

75 3120 182 3177 &entia
196 3125 229 3175 ut
254 3115 356 3175 saeculo
380 3113 526 3172 undecimo
544 3113 658 3186 publicae
679 3112 802 3170 infamiae
822 3130 879 3169 me·
932 3110 1036 3179 luisset,
1051 3112 1147 3168 multis
1167 3119 1194 3168 et
1211 3113 1340 3168 maximis
1363 3110 1510 3179 scandalis,
1530 3112 1608 3169 bellis
1632 3128 1664 3168 ac
1678 3128 1731 3170 cee-

74 3216 156 3273 ribam
171 3212 295 3271 dedecus
308 3209 516 3284 peneerrrisset.
532 3210 621 3265 Tauto
635 3208 761 3265 eeclesiae
776 3208 876 3280 probro
933 3205 1013 3263 dibus
1031 3206 1138 3263 obviam
1161 3206 1230 3263 itum
1246 3214 1327 3263 esset.
1357 3210 1455 3275 Breve,
1469 3204 1669 3263 sedernditum
1697 3221 1731 3263 ac

74 3307 204 3367 abolsus
227 3308 255 3362 ll
277 3301 480 3361 comanendum
496 3302 606 3357 censuit
630 3302 779 3359 comtituto
801 3300 877 3358 edito
931 3300 1051 3356 solidum
1067 3300 1119 3356 bac
1133 3300 1167 3356 de
1178 3316 1208 3355 re
1220 3299 1383 3372 opusculum
1394 3299 1480 3356 edidit
1489 3298 1635 3357 Goliridns
1647 3299 1733 3357 abbas

75 3397 320 3459 inconcubinarios
346 3396 474 3463 clericos;
488 3403 516 3451 et
535 3396 597 3468 quia
610 3395 638 3451 in
652 3395 725 3452 clero
745 3393 876 3452 Mediola·
931 3392 1148 3461 Vindocinensis,
1165 3393 1193 3449 in
1218 3408 1272 3465 quo
1295 3394 1436 3466 reetejma
1459 3392 1587 3449 Feclesiae
1613 3408 1644 3449 ae
1656 3394 1733 3466 regni

74 3496 151 3555 sensi
166 3492 289 3551 maxime
303 3490 410 3564 rigebat
421 3490 482 3547 baec
496 3490 590 3562 pestis,
603 3506 636 3548 eo
653 3489 752 3547 direxit
765 3492 877 3545 Petrum
932 3486 1084 3559 distinguit.
1104 3486 1186 3543 blortl
1214 3487 1356 3561 proximus
1381 3487 1542 3558 Gregorius,
1574 3485 1733 3557 rogantibus

75 3588 203 3647 damiani
216 3584 383 3644 cardinalem
397 3592 425 3639 et
447 3584 609 3656 episcopum
633 3584 791 3640 Ostiensem
811 3598 876 3639 eum
931 3581 1114 3639 cardinalibus
1132 3581 1278 3638 eonsilium
1297 3580 1375 3637 dedit
1386 3589 1426 3649 ut,
1442 3581 1464 3637 si
1476 3580 1577 3635 vellent
1588 3579 1731 3639 bominem

76 3685 210 3742 basalmo
232 3679 354 3737 Lucensi
370 3678 509 3751 episcopo,
524 3685 556 3734 ut
580 3692 642 3734 eam
663 3677 823 3746 emendare,
841 3678 878 3732 si·
933 3678 961 3733 in
980 3676 1082 3733 monio
1101 3683 1251 3749 potentem,
1265 3675 1397 3749 eligerent
1409 3674 1583 3733 Desiderium
1605 3674 1730 3731 abbatem

74 3774 380 3850 mulqrreSimoulacam
392 3772 492 3841 labem,
504 3786 567 3844 quae
581 3770 651 3827 illius
667 3772 800 3827 Ecclesiae
824 3770 878 3825 mi·
931 3771 1108 3828 casinensem
1120 3770 1165 3841 qni
1181 3769 1338 3826 violentiam
1354 3770 1470 3827 wiberti
1485 3770 1620 3843 antipapae
1635 3767 1730 3825 inirin-

76 3874 177 3929 nistros
190 3869 331 3934 iniecerat,
358 3866 453 3924 tollere
482 3866 694 3922 conniterentur.
717 3866 876 3921 Convenere
932 3874 1022 3939 geret;
1046 3865 1089 3920 siu
1108 3865 1320 3921 ecclesiasticum
1340 3873 1368 3920 et
1391 3866 1565 3938 eloquentem
1579 3865 1733 3937 acciperent

75 3966 108 4023 ad
120 3963 259 4037 synodum
279 3961 371 4020 clerici
386 3976 480 4017 coram
494 3960 594 4033 legatis
615 3966 692 4014 tanto
714 3958 833 4014 tumultu
847 3965 878 4013 ut
933 3960 1092 4032 episcopum
1106 3960 1265 4015 Ostiensem
1285 3957 1421 4015 odonem.
1436 3962 1481 4015 lto
1502 3961 1569 4014 obiit
1590 3962 1633 4014 vir
1657 3958 1732 4029 apud

75 4060 116 4115 tir
140 4072 242 4114 manus
252 4055 286 4112 ab
312 4056 351 4112 eis
373 4053 569 4121 abstinuerint3
590 4051 638 4108 sed
664 4051 778 4107 tandem
805 4050 877 4108 Petri
933 4059 1016 4112 bearn
1052 4055 1140 4122 (elicis
1166 4055 1273 4124 pretia,
1304 4054 1379 4123 apae
1411 4054 1527 4109 homines
1560 4055 1730 4109 amteritetis

74 4152 209 4213 Damiani
221 4151 347 4208 oratione
372 4165 405 4207 ac
432 4147 574 4222 prudentia
603 4146 755 4219 composita
777 4145 878 4203 seditio
932 4150 1057 4218 tmtossis
1076 4149 1178 4212 arimin,
1197 4146 1285 4219 inquit
1302 4147 1461 4203 Willelmus
1482 4146 1731 4203 blalmesburiensis

75 4258 133 4320 est,
152 4248 334 4321 iuratumque
352 4260 368 4300 a
391 4243 493 4300 clericis
515 4249 547 4298 ut
570 4240 695 4313 deinceps
721 4240 823 4297 cestim
847 4257 878 4297 ac
934 4240 1106 4312 (Wintauu.
1124 4237 1169 4293 lib.
1186 4252 1237 4305 rar,
1252 4237 1286 4293 de
1302 4240 1367 4306 liep.
1387 4238 1492 4307 Angli.

404 4482 747 4595 sancet
783 4480 1232 4597 cancerem
1268 4478 1412 4591 var

741 4662 928 4720 PONTIFICIS
947 4664 1067 4720 Maxtttt

370 4791 573 4945 vira,
619 4793 944 4946 nesorio,
991 4792 1121 4907 nus
1162 4789 1436 4906 ossam.

622 4987 787 5045 AUCTORE
809 4987 993 5044 ONUPHRIO
1018 4984 1190 5043 PANVINO.

556 5113 637 5195 (Lib.
655 5131 684 5177 rr
700 5117 741 5177 lle
761 5112 845 5176 varia
860 5111 1018 5175 creatione
1034 5116 1125 5175 Boni.
1145 5113 1254 5185 Porri.)

1540 5170 1551 5201 b
1627 5176 1641 5201 ¹·

361 5249 457 5308 Edidit
472 5250 664 5318 Gnsrssaus,
679 5250 794 5321 Operam
804 5252 882 5304 >tomo
896 5250 933 5317 ll,
944 5264 1011 5319 pop.
1026 5250 1072 5313 91,
1088 5264 1122 5302 ee
1136 5245 1292 5301 bibliotheca
1305 5243 1455 5303 Birra-rico.

795 5478 1018 5558 LECTORI.

114 5628 214 5686 Paucis
224 5624 424 5695 sellettano
438 5623 536 5696 lector,
555 5625 691 5683 monitam
710 5626 784 5691 volo,
807 5624 997 5696 0nupbrium,
1011 5623 1076 5680 dum
1098 5623 1239 5698 sigeberti,
1253 5604 1452 5706 Urspergensis
1470 5627 1497 5677 et
1509 5618 1635 5701 Arenaci
1649 5617 1732 5699 reed-

79 5698 121 5773 p'a
138 5700 223 5757 nimis
239 5712 357 5783 propere
368 5697 503 5769 seqnitur,
519 5711 550 5752 ac
567 5705 640 5753 recta
658 5696 882 5771 liueaaliquando
896 5696 1038 5761 excidisse,
1056 5702 1088 5751 ut
1107 5698 1266 5780 contingere
1279 5695 1350 5751 solet
1367 5694 1400 5751 ris
1413 5693 1459 5765 qui
1477 5692 1560 5749 duces
1578 5690 1732 5747 sebrsmatr·

81 5786 137 5841 aas,
152 5769 310 5847 pmbstun
325 5766 495 5843 sigebertus,
507 5768 548 5823 rel
565 5768 662 5841 alioqui
680 5784 776 5841 parum
789 5783 863 5826 sanae
883 5767 945 5825 lidci
960 5776 989 5823 et
1011 5766 1144 5824 doetrinae
1158 5776 1319 5840 scriptores,
1346 5764 1433 5837 qualis
1449 5762 1612 5830 Aventinus,
1626 5758 1731 5831 absque

81 5850 211 5901 murato
225 5840 403 5917 singulorum
429 5853 491 5912 quae
515 5837 636 5895 alierunt
657 5841 781 5895 examine
798 5840 849 5895 sibi
865 5838 996 5914 deligunt.
1020 5840 1072 5896 Sed
1100 5838 1195 5905 babes,
1209 5838 1288 5909 qu'us
1301 5835 1349 5891 iilo
1361 5835 1469 5927 ductus,
1484 5849 1500 5889 a
1513 5844 1577 5887 sero
1587 5842 1730 5901 nunquam
