3870 6164
166 219 231 272 vrri
494 176 496 180 ⁵
665 218 710 272 no
728 215 841 272 ovem
860 214 888 269 s.
908 210 1069 267 unseonu
1089 204 1307 263 rennuentes,
1754 200 1811 253 un

165 357 236 398 uum
248 350 353 405 aridor,
363 341 479 414 generali
492 339 750 413 synodopraesldens
759 355 895 395 consensu
909 342 959 392 277
975 341 1002 403 Α
1018 350 1082 389 uam
1096 330 1232 406 synodum
1244 344 1291 401 per
1301 327 1406 400 legatos
1414 342 1480 383 suos
1489 327 1519 382 in
1531 323 1638 382 eadem
1654 321 1761 396 synodo
1771 338 1812 393 pu-

167 437 374 506 Episeoporum,
388 450 449 505 cap.
462 441 488 500 7,
498 435 593 489 statuit
606 434 717 490 diceus:
729 457 741 481 a
754 436 842 489 Nemo
855 431 958 504 iudica-
1013 427 1189 482 blicaverant.
1204 421 1287 480 Unde
1300 421 1421 478 Romani
1443 420 1527 488 cives,
1542 417 1584 474 de
1595 423 1706 473 sanctte
1721 417 1812 471 Roma

166 528 208 585 bit
230 530 347 600 primam
358 527 463 595 sedem,
475 527 612 599 justitiam
627 535 779 600 temperare
801 525 958 582 desideran·
1012 537 1056 577 nae
1076 517 1203 575 Ecclcsiae
1215 515 1442 573 dehonestatione
1458 515 1564 570 merito
1589 510 1744 575 commoti,
1759 525 1812 581 pre·

166 630 231 677 tem.
248 623 341 692 Neque
356 620 430 676 enim
447 621 481 676 ab
496 624 630 693 Augusto,
643 636 731 693 neque
742 620 777 676 ab
787 620 861 676 omni
873 620 957 687 clero,
1012 616 1149 672 dictorum
1170 613 1273 684 legatos
1293 610 1369 666 omni
1384 624 1464 681 poena
1476 607 1674 680 dignissimos
1686 604 1811 675 arripiam,

165 713 413 787 nequearegibus,
424 730 539 786 nequca
555 715 656 786 populo
666 713 956 786 Judexjudicabirum
1012 718 1040 765 et
1070 707 1112 763 vel
1135 706 1308 777 aliquatenus
1336 720 1434 759 eorum
1465 701 1722 758 immanissimum
1740 698 1810 754 sceln

163 810 233 862 ltem
255 807 436 880 Symmachus
452 824 520 879 papa
535 809 664 864 omuibus
677 808 813 879 episcopis
825 806 958 873 scribens,
1012 800 1108 859 ulcisci
1121 801 1273 874 voluerunt.
1282 797 1335 854 Sed
1347 800 1492 852 Romanus
1500 793 1649 868 pontifex,
1661 793 1729 848 licet
1739 807 1812 864 apis

164 916 224 971 cap.
247 907 273 968 t,
290 901 408 956 decrevit
430 899 523 956 dicens
538 921 545 956 :
562 901 687 957 Aliorum
701 900 846 957 hominum
864 916 959 956 causas
1012 895 1091 951 dictis
1105 893 1201 965 legatis
1223 891 1376 961 specialiter
1393 891 1591 961 impeteretur,
1606 896 1709 942 tamen
1720 884 1753 940 dc
1772 901 1813 941 me

163 996 240 1049 Deus
252 993 337 1049 voluit
349 1009 396 1066 per
410 994 534 1050 homiues
555 996 711 1063 terminare,
721 1009 800 1050 sacro
814 1009 877 1050 vero
897 1009 958 1050 san-
1012 989 1095 1045 nibus
1106 991 1299 1045 homanorum
1307 983 1451 1040 crudeliter
1461 998 1510 1039 eos
1522 980 1724 1038 allicientium
1735 979 1812 1035 vinde

164 1094 216 1142 cta>
236 1086 308 1143 sedis
327 1090 462 1144 Romauae
483 1089 649 1158 praesulum,
664 1103 714 1143 suo
737 1087 796 1142 sine
809 1087 959 1158 quaestione
1013 1098 1091 1138 mrim
1110 1081 1221 1153 eripuit,
1235 1087 1261 1135 et
1275 1077 1368 1135 sedata
1383 1078 1464 1132 turba
1477 1075 1617 1148 laetoque
1645 1074 1814 1138 silentiosus

162 1178 427 1251 reservavitJudicio.
443 1182 511 1237 ltem
523 1182 551 1237 S.
568 1179 723 1236 Alexander
733 1195 813 1252 papa,
829 1180 875 1251 qui
887 1195 959 1235 mar·
1013 1176 1047 1233 ad
1058 1175 1141 1247 pedes
1154 1190 1219 1230 suos
1229 1173 1322 1229 sedere
1335 1171 1408 1228 iecit.
1421 1173 1461 1227 Ea
1476 1169 1600 1243 quidem
1615 1167 1732 1224 ratione
1739 1167 1812 1239 utipsi

163 1273 235 1344 tyrio
262 1289 311 1329 sua
338 1273 506 1330 consecravit
525 1278 647 1340 decreta,
674 1289 734 1346 cap.
770 1280 793 1335 t,
825 1281 958 1329 testatur:
1012 1269 1138 1326 audirent
1164 1267 1228 1340 quid
1254 1276 1351 1322 sancta
1365 1265 1489 1338 synodus
1502 1259 1813 1335 de'hujusmodiselti-

166 1389 179 1414 «
196 1368 258 1421 Non
291 1375 390 1437 potest,
418 1367 518 1439 inquit,
544 1366 720 1423 condemnari
746 1367 867 1423 hnmano
896 1383 956 1423 exa·
1013 1364 1127 1420 smatica
1137 1361 1337 1432 conspiratione
1353 1359 1379 1414 in
1393 1358 1490 1415 eadem
1504 1355 1624 1430 synodo
1643 1354 1683 1411 ad
1704 1354 1812 1428 iniurias

164 1459 238 1515 mine
250 1472 335 1532 quem
350 1465 481 1516 Deussuo
491 1461 640 1517 reservavit
651 1460 767 1533 judicio.
783 1481 798 1513 v
1015 1458 1099 1528 ipsius
1120 1454 1292 1510 manifestata
1307 1454 1473 1511 decerneret.

199 1552 252 1609 Sed
266 1562 392 1624 tempora
405 1555 482 1626 prius
493 1569 720 1611 consumeremus
733 1556 960 1627 quamevempla,
1050 1549 1177 1606 Decrevit
1191 1547 1275 1620 igitur
1290 1555 1385 1603 sancta
1403 1545 1526 1618 synodus
1545 1552 1579 1600 ut
1595 1543 1699 1600 officio
1712 1552 1741 1601 et
1751 1560 1812 1600 com

162 1646 185 1703 si
198 1646 471 1721 singulahujusmodi
484 1656 644 1704 sanctornm
655 1652 770 1704 Patrum
781 1656 882 1704 statuta
892 1664 960 1704 enu·
1014 1645 1149 1701 munione
1171 1643 1267 1714 privati
1289 1650 1379 1698 essent
1402 1641 1565 1714 quicunque
1585 1638 1673 1696 illam
1696 1638 1812 1695 nefariam

162 1755 268 1796 merare
281 1748 460 1798 tentaremus.
476 1742 582 1813 Quippe
609 1742 755 1812 praedictus
787 1758 854 1813 papa
878 1744 957 1813 Sym·
975 1708 999 1770 B
1014 1737 1247 1810 conspirationem
1258 1744 1285 1792 et
1295 1736 1574 1792 contumacissimam
1587 1733 1813 1805 legationemstc

163 1833 286 1900 mechus,
300 1833 443 1890 ostholicar
452 1834 513 1890 lidei
527 1843 713 1907 propugnator
722 1834 884 1901 indefessus,
897 1852 961 1892 eum
1014 1833 1060 1890 dio
1081 1841 1108 1887 et
1133 1832 1270 1887 voluntate
1291 1830 1466 1886 conflassent.
1493 1827 1636 1900 Reliquis
1657 1836 1750 1883 autern
1763 1842 1811 1882 on·

163 1926 288 1998 plurimis
312 1927 472 1984 criminibus
499 1927 690 1992 infamaretur,
717 1944 769 1984 nee
800 1930 833 1985 ab
855 1929 961 1986 Ariana
1013 1926 1098 2000 nibus
1118 1927 1240 1997 ejusdem
1259 1922 1469 1995 conspirationis
1489 1921 1698 1993 participibus,
1712 1920 1811 1977 indodu

163 2037 226 2095 rege
240 2021 491 2078 ‘theodorico-tune
510 2022 644 2077 Romanis
658 2021 821 2092 imperante,
846 2031 904 2078 tam
918 2031 959 2079 te·
1014 2021 1160 2086 concessit,
1181 2026 1213 2073 ut
1225 2016 1295 2073 infra
1309 2015 1501 2073 festivitatem.
1521 2018 1552 2072 S.
1575 2015 1673 2084 Petri,
1688 2022 1753 2072 tunc
1761 2029 1809 2087 pro·

163 2129 240 2168 mere
260 2114 450 2183 proscribitur,
472 2113 563 2170 sedin
580 2115 686 2186 synodo
698 2118 838 2182 Romana,
855 2131 911 2171 non
925 2117 959 2172 ab
1014 2114 1128 2181 rimam,
1141 2129 1170 2169 se
1182 2120 1230 2167 arnt
1243 2119 1355 2167 coactos
1368 2109 1515 2181 deliquisse
1531 2109 1636 2165 missis
1659 2109 1752 2181 legatis
1762 2124 1809 2180 pro·

162 2205 226 2272 alio,
250 2205 300 2259 nisi
315 2206 349 2261 ab
360 2205 405 2261 illa
420 2205 539 2278 legitime
553 2209 758 2279 congreganda,
772 2208 961 2266 discutiendus
1013 2209 1121 2275 barent,
1133 2215 1180 2263 aut
1194 2204 1392 2276 praedictorum
1403 2202 1809 2271 excommunicationis&

163 2304 311 2369 exspectat.
334 2298 460 2369 synodus
475 2300 558 2371 igitur
571 2302 671 2356 Romae
704 2317 753 2371 per
768 2301 961 2359 auctoritatem
1014 2302 1077 2359 dem
1090 2299 1203 2357 crimine
1216 2298 1342 2371 obligati,
1359 2298 1546 2369 subjacerent.

163 2391 250 2461 ipsius
260 2400 442 2464 congregata,
458 2393 615 2449 nullatenus
633 2402 725 2449 tamen
739 2410 812 2461 eum,
828 2394 890 2452 licet
909 2396 962 2454 hoc
1046 2399 1151 2463 Regem
1165 2409 1230 2449 vero
1243 2400 1305 2464 post
1317 2392 1418 2448 multas
1431 2390 1652 2448 admonitiones
1673 2391 1808 2463 resipiscere

162 2484 377 2554 permittentem,
413 2494 506 2541 contra
532 2486 639 2542 decreto
664 2497 823 2544 sanctorum
846 2492 960 2547 Petrum
1011 2489 1163 2555 nolentem,
1193 2488 1248 2542 imo
1271 2485 1354 2558 htrjtts
1386 2484 1580 2542 schismaticae
1615 2484 1807 2558 conspirationis

161 2577 298 2633 discutere
308 2579 493 2650 praesumpsit,
511 2579 559 2635 sed
572 2588 659 2636 totam
672 2580 731 2653 ejus
745 2598 856 2638 causam
867 2583 961 2640 divino
1013 2590 1165 2649 auctorem,
1179 2596 1263 2652 regno
1282 2579 1420 2652 privatum
1437 2578 1489 2633 sub
1513 2578 1712 2636 anathematis
1723 2578 1805 2634 vinculo

159 2669 272 2742 judicio,
288 2680 318 2726 ut
331 2680 406 2744 gesta
422 2672 545 2743 ejusdem
566 2673 663 2748 synodi
686 2683 830 2745 testantur,
845 2679 962 2734 commi·
1014 2677 1133 2732 domnus
1145 2674 1309 2746 apostolicus
1321 2672 1424 2745 ligavit,
1438 2680 1470 2727 nt
1485 2671 1587 2729 eidem
1604 2674 1697 2729 etiam
1706 2682 1805 2729 annes·

164 2763 208 2819 sit.
220 2766 276 2820 Nec
288 2763 340 2821 hoc
354 2765 445 2838 utique
457 2765 587 2834 dicimus,
608 2768 686 2840 qnasi
703 2770 833 2840 quaelibet
842 2769 959 2828 nefanda
1015 2768 1296 2825 communicationem
1304 2766 1441 2837 promisit.
1452 2769 1498 2822 De
1506 2766 1595 2837 cujus
1603 2764 1804 2824 anathematismi

161 2857 290 2913 Romano
311 2858 430 2929 pontifici
455 2861 568 2931 impune
599 2861 680 2917 licere
704 2862 859 2930 credamus,
880 2865 957 2937 quasi
1015 2863 1146 2919 canonica
1164 2860 1381 2933 promulgatione
1390 2859 1500 2915 nullum
1514 2859 1653 2917 dubitare
1667 2860 1803 2917 conlldhnn

160 2965 215 3006 non
227 2959 254 3006 et
273 2952 330 3023 ipse
341 2952 378 3007 sit
390 2952 575 3025 impetendus,
586 2956 609 3009 si
623 2955 648 3008 in
663 2955 755 3027 aliqua
769 2955 865 3013 naresi
875 2956 959 3014 fuerit
1013 2957 1170 3030 quicunque
1182 2953 1408 3025 illamepistolam
1423 2951 1524 3009 domni
1537 2955 1694 3025 apostolici
1708 2952 1804 3010 fideliter
1842 2954 1844 2961 '

161 3044 324 3114 publicatus,
346 3045 394 3102 scd
406 3055 502 3103 eontra
514 3047 577 3103 illos
599 3048 707 3120 agimus
723 3049 768 3119 qui
795 3066 844 3121 pro
865 3050 959 3109 dubiis
1011 3049 1237 3113 consideraverit,
1255 3048 1283 3103 in
1296 3063 1360 3119 qua,
1375 3046 1433 3117 ipse
1447 3062 1545 3118 regem
1557 3049 1670 3120 saepius
1683 3064 1699 3103 a
1711 3062 1738 3103 se
1749 3060 1803 3117 preL

161 3138 241 3193 rebus
258 3141 415 3209 apostolicae
443 3140 516 3195 sedis
540 3141 626 3212 episoe·
634 3158 701 3213 pum
723 3150 828 3199 temero
850 3144 957 3216 judica·
1010 3143 1160 3209 monitum,
1184 3141 1271 3196 multo
1286 3150 1412 3212 tempore
1434 3149 1648 3211 exspectatum,
1666 3151 1694 3197 ot
1716 3141 1751 3196 ita
1769 3138 1803 3194 do

161 3240 261 3287 verunt
274 3232 476 3303 expellendum.
1010 3253 1087 3293 mmn
1111 3234 1239 3291 canonice
1251 3234 1518 3290 anathematizatum
1529 3234 1738 3291 evidentissime
1746 3247 1802 3304 pro

197 3327 258 3396 lpse
277 3325 388 3396 quidem
404 3335 498 3382 noster
511 3329 675 3400 apostoliens
700 3331 841 3387 multoties
867 3331 921 3388 hoc
940 3347 957 3387 a
1010 3330 1091 3385 bavit.
1110 3330 1296 3399 Quapropter,
1307 3327 1417 3397 speciali
1435 3328 1510 3399 regis
1524 3325 1799 3400 causaprretermlsso.

160 3418 217 3473 suis
231 3416 436 3475 insidiatoribus
448 3421 577 3492 expetivit
594 3430 626 3476 ut
646 3426 745 3479 Romae
767 3424 809 3480 vel
823 3424 887 3481 alibi
901 3441 956 3496 quo
1012 3423 1078 3496 quid
1092 3423 1177 3478 sancti
1193 3425 1286 3477 Patres
1296 3419 1330 3477 de
1343 3419 1505 3492 brrjusmodi
1519 3422 1755 3493 conspiratoribus
1765 3434 1799 3491 gr

162 3511 220 3582 ipse
233 3522 326 3583 posset
341 3515 434 3569 nenive
447 3515 474 3568 in
491 3515 597 3586 synodo
609 3517 800 3586 convenirent,
815 3527 843 3573 ct
854 3534 887 3574 eo
904 3518 957 3575 hoc
1012 3516 1140 3572 neraliter
1166 3514 1348 3579 definiverint,
1370 3513 1524 3571 videamus.
1638 3569 1640 3573 .

161 3603 278 3660 libenter
292 3606 468 3676 concedente,
484 3608 688 3664 ordinationem
702 3611 761 3682 eJ'us
773 3612 830 3666 sive
843 3628 956 3668 couver-
1040 3610 1231 3666 Sanctissimae
1255 3623 1322 3679 papa
1343 3607 1487 3674 Fabianus,
1517 3608 1651 3666 veritatis
1676 3607 1749 3664 miles
1766 3606 1798 3660 in·

160 3696 307 3762 sationem,
322 3700 576 3769 utcunquevellcnt,
589 3701 957 3761 duntaxateanoniccdiscu·
1011 3703 1144 3769 defessus,
1166 3703 1296 3758 omnibus
1314 3701 1449 3772 episcopis
1470 3701 1613 3771 scribens,
1636 3696 1800 3764 decreritdi

159 3796 266 3855 terent3
279 3805 361 3858 seque
372 3790 408 3846 ab
422 3791 570 3863 apostolica
583 3792 647 3849 sede
661 3795 762 3867 absque
785 3799 861 3854 omui
887 3815 956 3855 con-
1012 3813 1077 3854 cens
1092 3816 1099 3853 :
1116 3819 1129 3845 ι
1149 3797 1252 3867 Siquis
1271 3795 1384 3852 clericus
1402 3810 1452 3850 suo
1473 3796 1613 3868 episcopo
1636 3795 1746 3853 infestos
1764 3798 1799 3848 nl

161 3880 326 3936 tradictione
345 3882 542 3938 descensurum
558 3887 696 3956 promisit,
710 3890 731 3943 si
747 3890 812 3960 quid
823 3891 853 3945 in
868 3908 901 3947 eo
913 3873 953 3947 di·
1013 3891 1154 3947 insidiator
1173 3889 1265 3958 luerit,
1286 3904 1403 3960 eumque
1423 3888 1570 3944 criminari
1593 3888 1745 3955 tentaverit,
1762 3892 1799 3941 ru

161 3988 247 4044 gnum
260 3971 431 4045 depositione
451 3977 609 4047 reperirent.
627 3981 661 4033 Et
670 3979 723 4035 lnoc
740 3982 834 4053 utique
853 3983 905 4038 sibi
916 3983 956 4040 la·
1011 3983 1181 4056 conspirator
1200 3982 1292 4051 luerit,
1314 3999 1380 4038 mox
1395 3989 1458 4037 ante
1473 3984 1675 4040 examinatum
1686 3982 1798 4056 iuditio·

159 4065 210 4120 elle
234 4066 422 4138 credipotest,
443 4069 490 4141 qui
505 4069 532 4125 id
546 4070 677 4128 culminis
700 4081 795 4144 captus
814 4084 895 4146 atque
921 4093 955 4133 eo
1011 4079 1155 4135 submotus
1175 4094 1190 4134 a
1209 4079 1292 4144 clero,
1306 4077 1390 4133 curiae
1413 4075 1555 4144 tradatur,
1573 4078 1622 4134 cui
1645 4074 1797 4134 diebnsvite

158 4166 234 4213 actus
248 4175 312 4215 eum
330 4175 432 4234 magno
446 4162 549 4234 ejulatu
571 4164 707 4232 ascendit,
727 4167 770 4223 cui
783 4182 833 4223 nec
847 4168 955 4226 divitias
1010 4188 1067 4230 suae
1080 4171 1224 4237 deserviat,
1240 4181 1268 4227 et
1282 4171 1395 4227 infamis
1407 4172 1510 4242 absque
1524 4171 1587 4226 ulla
1602 4186 1655 4244 spe
1673 4166 1796 4227 mnaso

157 4268 208 4307 nec
223 4251 341 4308 honores
356 4255 502 4312 saeculares
521 4257 547 4311 in
565 4259 690 4315 [lontano
706 4260 866 4331 pontificatu
882 4279 956 4335 quae·
1009 4269 1053 4322 nis
1074 4273 1246 4337 permaneat.
1266 4288 1279 4315 ι

158 4360 217 4400 rere
226 4361 296 4416 opus
311 4345 365 4402 luit
378 4348 478 4419 quibus
491 4350 614 4420 utrisque
633 4368 698 4407 cum
711 4353 810 4410 minori
821 4356 954 4412 sollicitu·
1046 4364 1113 4415 ltern
1127 4361 1155 4415 S.
1168 4360 1294 4415 Callistus
1309 4374 1378 4429 papa
1394 4355 1569 4414 fortissimus
1590 4360 1717 4416 veritatis
1728 4355 1797 4414 atlrle

157 4439 221 4495 dine
235 4448 263 4497 et
284 4445 548 4514 antepontideatum
561 4447 720 4504 abundarit.
1009 4461 1038 4509 ta
1064 4452 1214 4509 Gallicanis
1244 4451 1380 4523 episcopis
1403 4450 1529 4507 scribens
1553 4471 1561 4506 :
1588 4475 1602 4502 ι
1631 4450 1814 4531 conspiratio⁸

191 4533 244 4590 Sed
266 4535 326 4606 ejus
337 4536 510 4594 insidiatores
522 4539 651 4596 hactenus
664 4557 729 4597 eum
748 4545 955 4614 praesentialiter
1008 4562 1088 4610 nrrm,
1120 4545 1222 4617 inquit,
1250 4545 1366 4601 erimina
1394 4543 1489 4599 vestris
1514 4543 1547 4600 in
1575 4547 1705 4617 partibus
1726 4546 1798 4617 viga!

156 4627 302 4683 convenire
317 4639 491 4700 spreverunt,
505 4648 560 4687 non
575 4641 632 4689 tam
653 4642 683 4690 ut
709 4637 829 4707 qualibet
847 4640 953 4695 ratione
1008 4637 1174 4707 audivimus,
1190 4647 1218 4695 et
1234 4639 1328 4710 plebes
1340 4645 1434 4695 contra
1456 4637 1608 4711 episcopos
1623 4656 1693 4697 seros
1709 4634 1797 4709 compi

157 4733 187 4773 se
200 4718 234 4773 ab
254 4718 411 4790 hujusmodi
426 4726 598 4782 accusatione
611 4729 809 4799 suspenderent
827 4747 909 4803 quam
923 4742 954 4789 ut
1008 4748 1068 4789 rare
1083 4733 1162 4788 nobis
1187 4732 1350 4788 mandatum
1373 4739 1425 4786 est.
1446 4732 1540 4803 Hujus
1565 4734 1696 4792 criminis
1719 4729 1796 4791 astnl'!

61 4810 67 4829 '
156 4811 207 4881 ipsi
227 4811 348 4869 debitam
373 4819 539 4874 seutentiam
566 4835 616 4890 pro
636 4821 695 4876 suis
727 4824 888 4880 criminibus
919 4828 953 4883 ab
1007 4827 1168 4881 nonsolum
1189 4825 1263 4880 inter
1287 4825 1460 4881 Christianos
1484 4827 1670 4884 exsecrabilis
1692 4836 1742 4895 est,
1761 4817 1796 4879 sel

157 4904 204 4959 illo
214 4919 271 4959 non
290 4907 451 4978 exciperent.
465 4913 546 4980 Nam,
562 4921 592 4968 ut
608 4914 696 4971 beatae
709 4918 853 4974 memoriae
871 4920 954 4975 Boni·
1008 4919 1092 4974 etiam
1124 4919 1197 4974 inter
1229 4917 1367 4985 ethnicos,
1397 4927 1425 4973 et
1454 4918 1490 4973 ab
1513 4920 1623 4977 exteris
1643 4920 1705 4995 lege
1726 4914 1794 4993 »πθ

157 4995 243 5052 facins
266 5014 336 5071 pnpa
350 5008 467 5058 testatur
494 5007 581 5075 (epist.
610 5010 636 5077 t)
660 5024 698 5062 :u
721 5011 818 5067 Nullus
846 5012 954 5070 dubitat
1006 5011 1072 5067 bita.
1089 5011 1237 5068 Etidcirco
1251 5011 1333 5083 hujus
1354 5011 1481 5067 criminis
1503 5026 1572 5069 reos
1586 5029 1652 5071 non
1675 4999 1794 5071 salmo

157 5089 230 5161 quod
244 5092 281 5146 ita
290 5093 427 5164 judicium
440 5112 543 5155 nocens
564 5101 742 5175 subterfugit,
774 5107 955 5175 quemadmo·
1006 5105 1176 5172 clesiflsslicaet
1191 5104 1239 5161 8⁰⁶1
1257 5105 1341 5163 eliam
1354 5103 1447 5162 ⁸³⁰⁰st
1466 5104 1792 5181 damssfflllegffltffl

156 5182 222 5239 dnm
237 5194 268 5241 ut
289 5187 445 5244 absolvatur
459 5191 505 5262 qui
525 5202 568 5249 est
581 5193 712 5251 innocens
724 5198 834 5268 quaerit.
848 5222 862 5246 v
1005 5198 1097 5254 solum
1125 5197 1327 5269 conspirantes,
1351 5197 1402 5254 sed
1422 5197 1507 5254 etiam
1536 5195 1790 5258 eomennentesoit

191 5278 284 5343 (1049)
306 5277 388 5348 Apud
403 5280 589 5338 Wormetiam
604 5283 688 5356 igitur
710 5297 848 5344 conventu
867 5286 951 5356 facto,
1006 5298 1199 5348 Antecessores
1213 5308 1278 5348 vero
1303 5292 1402 5360 nostri,
1425 5293 1640 5364 quamplurima
1663 5292 1740 5353 turbs
1754 5286 1791 5360 t?

155 5366 360 5426 schismaticam
389 5374 619 5445 conspirationem
641 5377 769 5436 adversus
799 5382 952 5440 Dominum
1006 5399 1164 5455 scaporum,
1179 5386 1336 5457 quicunque
1360 5401 1457 5442 eorum
1482 5385 1512 5441 in
1525 5388 1700 5446 sacerdotali
1722 5383 1790 5443 orb

155 5466 183 5513 et
197 5458 327 5518 adversus
346 5464 486 5523 Christum
507 5467 566 5540 eius
579 5470 776 5540 conflaverant,
801 5490 894 5546 quam,
921 5487 952 5533 nt
1004 5485 1070 5531 sunt
1091 5479 1245 5547 constituti,
1270 5487 1319 5535 aut
1339 5480 1461 5535 existunt
1475 5480 1588 5551 cleriei,
1611 5482 1732 5550 bonos.
1752 5486 1787 5549 Ρ

156 5551 320 5618 predictum
330 5563 380 5620 est,
392 5558 425 5613 ad
441 5559 700 5619 deauctorizandam
714 5576 837 5623 sanctam
852 5571 952 5628 Roma·
1004 5579 1130 5638 utuntur,
1144 5587 1236 5629 carere
1251 5581 1446 5645 precepemnt.
1463 5575 1677 5635 commovero
1688 5582 1785 5634 ω*

202 5744 280 5805 1049)
294 5743 376 5796 Anno
383 5743 481 5802 Christi
497 5754 565 5804 tolo
574 5748 634 5822 lege
648 5753 762 5821 Boron,
773 5760 844 5809 tom.
857 5755 1097 5825 aedessenum
1111 5760 1192 5813 1076.
