3884 6158
822 150 1008 209 concillum
1026 150 1192 209 nonsatis!
1211 155 1231 211 l.

205 278 303 337 11111.
319 278 398 347 Quod
409 276 524 335 mrem
536 277 702 349 apostolicus
725 279 884 367 scopolus
897 278 1000 350 epissc-
1013 280 1041 348 Α
1054 277 1264 352 linopolitanum
1287 296 1408 355 quoque,
1433 296 1491 355 quo
1506 280 1636 340 lincomii
1654 290 1684 341 et
1696 284 1750 343 blau

235 372 342 445 possed
353 371 509 429 subduco
522 386 613 428 eonem
629 372 763 429 domeure
778 374 874 443 pessit.
1054 387 1132 430 error
1153 373 1338 442 convincitur3
1361 374 1531 448 prcsinum
1551 374 1634 433 etiam
1663 376 1757 450 primu

206 468 304 525 mv.
316 466 394 535 mod
412 464 557 536 cnjubbet
570 466 689 538 episcopi
698 466 882 536 mmmcbttus
906 467 1001 522 ἀοηιηο
1053 482 1109 540 quo
1135 467 1256 524 liestorii
1296 469 1428 542 impietas
1440 469 1597 542 judicatum
1630 468 1764 531 Cbalcedo

238 560 383 632 apostolico
391 560 475 615 debat
488 558 552 631 pius
565 559 662 615 debeat
674 559 783 617 cimice
793 576 877 631 quem
886 562 1000 632 proprio
1053 576 1129 629 sero,
1144 560 1238 634 inquo
1250 562 1408 636 Eutycbetis
1420 563 1600 638 Dioscorique
1613 564 1732 638 pravitas
1753 582 1771 623 a

239 656 369 727 episeopo.
459 642 463 652 '
1053 654 1145 722 batur,
1167 660 1224 709 tota
1245 654 1390 711 devouone
1414 657 1576 729 amplector,
1597 657 1774 733 integerrima

291 766 567 825 fflssgqqcus
594 767 714 824 supp-3
738 768 912 825 mecm-q
1054 746 1366 822 probationecualoditt3
1391 748 1454 822 quia
1471 750 1499 806 iu
1523 750 1566 806 itis
1579 751 1653 809 vetut
1673 753 1704 811 itt
1716 752 1786 827 qued

206 872 269 941 ow
287 870 449 926 „mm
472 886 548 942 Papa
569 872 714 941 amm-m
739 873 859 929 mam
886 875 1000 929 mim-3
1054 840 1146 914 lapide
1158 850 1261 899 sanmae
1270 839 1334 898 adet
1346 850 1484 900 structura
1492 846 1645 917 consurgit,
1666 853 1695 903 et
1707 846 1793 919 cujusl

236 944 410 1027 septematrus
432 944 678 1027 nomamlspuoao
701 890 882 1029 peripsum
905 949 1000 1001 mera
1055 937 1118 993 sitm
1142 935 1351 1009 atqueactionis
1364 950 1461 993 norma
1486 936 1621 994 consistit.
1647 938 1778 1013 Quisquis

237 1015 400 1073 &illm
424 1018 451 1072 ll
463 1018 654 1071 limbum
665 1016 762 1071 “liam
776 1021 928 1073 lilinum·
1054 1044 1118 1087 rum
1127 1028 1292 1087 soliditatem
1305 1044 1362 1087 non
1377 1036 1463 1098 tenet,
1478 1029 1586 1087 etiamsi
1603 1031 1670 1104 lapis
1683 1048 1743 1090 esse
1763 1032 1807 1093 rld

523 1134 691 1179 rsotoous.
1054 1134 1111 1192 tur,
1129 1132 1225 1179 tomen
1244 1130 1320 1180 extra
1335 1122 1480 1181 aedillcium
1491 1122 1573 1196 jacet.
1588 1124 1814 1201 Cunetrsrercp

237 1213 648 1287 insuperioribusepistolisilli
662 1223 768 1283 nostro,
783 1215 853 1272 nolit
876 1218 954 1272 Deus
970 1224 1001 1273 ut
1054 1232 1136 1275 sonas
1160 1232 1229 1289 quas
1256 1216 1370 1288 praelata
1399 1215 1553 1274 ueneranda
1575 1218 1692 1275 concilis
1719 1233 1819 1293 respuo

204 1306 331 1379 ddnceps
347 1306 451 1375 dicam,
476 1306 588 1375 ramulo,
604 1306 652 1363 sed
664 1309 831 1365 amicissimo
844 1306 1001 1366 satisfacere
1055 1328 1166 1385 respuo,
1177 1326 1245 1385 qua
1254 1319 1418 1368 venerantur
1429 1311 1594 1384 amplector3
1627 1311 1693 1385 quia
1707 1308 1778 1371 dum
1788 1326 1828 1371 tttt

203 1398 305 1466 studui.
315 1408 345 1457 et
356 1400 509 1473 capitulum
518 1400 627 1457 statutis
648 1401 736 1458 nostri
759 1402 904 1475 apostolici
930 1418 1000 1459 con-
1054 1406 1151 1463 versali
1173 1420 1307 1462 conscmu
1343 1411 1407 1461 sunt
1428 1405 1586 1473 constituta,
1611 1420 1642 1460 se
1664 1412 1694 1461 ct
1724 1420 1781 1461 non
1807 1404 1835 1463 ill

202 1494 316 1551 trarium
328 1493 486 1551 nullatenus
508 1493 722 1565 attendendum,
737 1501 769 1552 ut
783 1504 846 1568 puts
862 1495 914 1553 sub
931 1510 1000 1552 ana·
1054 1499 1180 1567 destruit,
1196 1497 1322 1572 quisquis
1339 1498 1483 1571 praesumit
1497 1508 1544 1555 aut
1568 1498 1675 1557 soluere
1696 1512 1768 1571 quos
1788 1498 1842 1555 reli

204 1588 326 1646 tbernate
358 1586 531 1660 probibitum
561 1587 704 1645 evidenter
727 1589 893 1660 monstravi,
929 1589 998 1647 adeo
1051 1602 1126 1668 gant,
1141 1601 1190 1649 aut
1206 1593 1289 1665 ligare
1302 1591 1504 1663 quossoluunt.
1529 1591 1661 1664 Quisquis
1682 1606 1750 1664 erqo
1778 1590 1850 1650 siud

204 1680 329 1739 videlieet
346 1689 377 1739 ut
389 1682 449 1755 ipse
462 1682 569 1739 amicus
582 1689 676 1738 noster
694 1682 790 1756 sejam
810 1698 868 1738 non
883 1682 1000 1740 ulterius
1014 1658 1039 1721 Β
1052 1688 1133 1760 sapit,
1147 1685 1293 1742 anathema
1304 1684 1350 1741 sit.
1368 1687 1510 1756 fluensque
1535 1686 1690 1755 Grepcrius.

204 1774 385 1843 mnteutioni,
407 1775 458 1834 sed
480 1775 609 1833 amicitia
636 1790 749 1847 operam
776 1774 905 1832 daturum
931 1774 999 1832 mibi
1090 1783 1168 1838 Hane
1182 1788 1277 1837 autem
1288 1776 1451 1852 synodalem
1463 1778 1605 1851 epistolam
1630 1778 1705 1835 idem
1719 1778 1855 1852 apostoli-

203 1870 374 1929 rescribsret.
387 1869 441 1927 Sed
463 1871 554 1943 plures
567 1868 660 1927 adbuc
684 1877 800 1937 restant,
826 1869 872 1943 qui
895 1870 1000 1927 medem
1052 1890 1102 1931 cus
1124 1874 1217 1930 statim
1236 1882 1299 1945 post
1320 1870 1524 1929 ordinationem
1540 1887 1621 1929 suam
1640 1872 1808 1945 composuit,
1826 1880 1856 1931 st

204 1966 311 2022 statutis
331 1964 469 2021 obstinato
493 1965 588 2021 animo
615 1964 732 2021 nimium
754 1964 917 2038 periculose,
940 1964 1000 2022 imo
1054 1968 1168 2041 reliquis
1199 1963 1376 2038 patriarchis,
1404 1964 1505 2037 quippe
1540 1964 1854 2038 Constantinopolitano,

204 2059 351 2132 perniciose
379 2057 521 2128 resistunt,
557 2058 604 2131 qui
636 2068 665 2114 et
701 2058 769 2116 alins
809 2058 999 2131 simpliciores,
1054 2058 1252 2126 Alexandrino,
1264 2056 1716 2125 trumhere,t1ierosotymitsnc
1725 2056 1857 2115 transtm-

205 2152 306 2225 quippo
330 2166 388 2208 non
417 2150 539 2207 multum
564 2150 704 2208 studiosos
728 2151 774 2211 sd.
789 2149 1000 2209 considerandos
1054 2151 1372 2211 sit.Consuetudoenim
1395 2160 1499 2208 erateo
1517 2158 1688 2223 temperent
1701 2150 1856 2224 quilibetitt

204 2260 322 2302 canones
334 2244 403 2301 adeo
416 2244 563 2314 seducunt,
581 2252 614 2301 ut
629 2244 715 2317 etipsi
731 2244 874 2317 pradictus
883 2245 998 2301 autben·
1055 2247 1144 2321 aliqua
1166 2246 1389 2321 patriarchalium
1408 2244 1517 2303 sedium
1528 2245 1636 2302 noviter
1658 2244 1809 2313 ordinatus,
1823 2260 1855 2304 sc

203 2339 270 2395 tices
288 2338 447 2395 οοιιοιίοιιοο
471 2346 659 2407 contemnant,
680 2347 708 2395 et
728 2353 808 2394 suant
823 2337 999 2396 consuetudi·
1055 2340 1198 2413 praedictas
1220 2349 1336 2413 quatuor
1349 2340 1470 2413 sy'nodos
1483 2337 1633 2403 custodire,
1650 2338 1767 2412 reliquis
1789 2338 1857 2397 sedi·

203 2448 264 2489 netn
275 2431 509 2505 jucundissimam
531 2431 654 2504 quidem,
667 2430 716 2488 sed
730 2431 998 2504 perniciosissimam,
1054 2436 1106 2492 bus
1125 2435 1284 2491 transmissa
1299 2433 1411 2505 epistole
1435 2431 1620 2505 proiceretur,
1639 2440 1787 2506 antequam
1802 2448 1853 2489 no·

198 2526 318 2583 minere
339 2525 520 2583 contendant.
551 2524 632 2595 Quod
659 2539 716 2580 non
736 2524 826 2596 plures
847 2539 944 2580 corum
957 2521 1000 2581 ls-
1055 2544 1117 2585 meu
1143 2528 1202 2599 ejus
1223 2526 1295 2599 apud
1307 2526 1424 2599 reliquas
1437 2524 1517 2581 sedes
1538 2525 1566 2580 iu
1578 2524 1717 2597 diptychis
1730 2524 1849 2583 describi

185 2619 315 2684 -cinent,
335 2626 366 2675 ut
379 2618 447 2675 mibi
468 2617 586 2684 ridetur,
606 2618 630 2674 si
651 2616 719 2689 ipsis
736 2624 910 2689 compertum
930 2616 1001 2673 bene
1054 2629 1224 2678 mereretur:
1248 2635 1351 2676 nomen
1365 2618 1489 2676 videlicet
1507 2617 1717 2690 praedecesmns
1736 2618 1807 2691 ejus,
1823 2618 1855 2676 li·

182 2720 274 2769 net
304 2727 390 2784 quam
422 2727 519 2784 parum
545 2720 572 2767 et
591 2711 683 2783 potius
706 2727 789 2782 quam
815 2709 886 2766 nihil
906 2717 1000 2767 noster
1055 2724 1100 2772 cet
1113 2712 1246 2775 deiuncti.
1261 2713 1378 2785 reliquae
1396 2710 1477 2768 sedes
1499 2710 1697 2783 computabant
1714 2710 1788 2767 inter
1812 2710 1854 2767 ri·

164 2804 368 2880 apostolim
390 2805 420 2861 in
441 2805 581 2877 praedictis
608 2804 720 2861 statutis
746 2802 837 2861 deviet
858 2819 874 2859 a
897 2804 1001 2860 sanctis
1055 2817 1157 2877 sentes,
1172 2807 1260 2864 donec
1284 2806 1371 2879 ipsius
1393 2804 1500 2862 noviter
1525 2802 1704 2860 inthronizati
1731 2804 1855 2876 praculis

166 2898 338 2959 J’etribus.
362 2901 537 2974 Quapropter
554 2899 625 2956 mibi
644 2899 765 2972 meisque
778 2899 914 2956 similibus
924 2914 1000 2955 cont·
1054 2900 1215 2976 synodicam
1231 2901 1382 2972 reciperent
1390 2897 1534 2971 epistolam
1550 2911 1632 2968 :quas
1648 2896 1713 2969 quia
1726 2896 1856 2955 cumdem

158 2994 318 3053 modum
349 2993 410 3051 iore
432 2994 539 3061 censui,
558 2993 582 3051 si
611 2992 708 3049 cadem
730 2999 834 3049 statuta
864 2991 1003 3049 muouicis
1018 3029 1041 3093 C
1058 2997 1220 3068 episcopum
1245 3002 1363 3066 quatuor
1389 2989 1509 3065 synodos
1538 2990 1672 3063 recepisse
1700 2989 1855 3058 denotarit,

153 3087 344 3161 *ceptum
369 3085 536 3155 conterrem,
556 3093 585 3143 et
613 3095 738 3142 mutuam
756 3101 854 3142 eorum
885 3101 1002 3142 concor·
1055 3088 1109 3146 hoc
1120 3089 1172 3146 sibi
1193 3102 1296 3144 nomen
1308 3086 1463 3157 synodicam
1483 3083 1518 3141 ab
1541 3083 1644 3141 eisdem
1667 3082 1780 3157 synodis
1799 3099 1856 3141 non

157 3182 277 3241 dam
304 3181 504 3255 qualiscunque
530 3179 592 3252 styli
606 3178 696 3236 cilicio
709 3179 829 3236 brevitor
839 3194 871 3236 ac
884 3178 1002 3237 lideliter
1056 3182 1206 3255 incongrue
1216 3180 1326 3238 uidetur
1338 3185 1490 3236 mutuasse.
1506 3179 1586 3233 Hanc
1599 3185 1693 3233 autem
1705 3184 1855 3235 consuetu·

152 3273 437 3343 nommmdarem,
464 3281 492 3329 et
505 3270 561 3329 hoe
587 3288 618 3329 ea
643 3271 816 3329 intentione:
843 3280 874 3327 ut
891 3272 913 3328 si
941 3272 1002 3343 quis
1055 3276 1152 3334 dinem
1162 3274 1235 3330 illius
1248 3272 1380 3345 temporis
1391 3270 1476 3327 lui
1495 3270 1569 3328 idem
1581 3269 1773 3328 sanctimimns
1786 3286 1854 3344 pcps

155 3366 319 3427 forsitan
347 3382 381 3424 ex
406 3367 497 3425 idiotis
522 3366 575 3423 boc
602 3366 736 3436 inspicere
762 3363 900 3437 dignetur.
927 3374 1001 3421 tauto
1056 3377 1172 3426 testatur
1195 3369 1224 3424 in
1245 3367 1359 3440 epistola
1372 3364 1407 3422 ad
1420 3362 1606 3421 Secundinum
1620 3378 1733 3421 ursum
1747 3364 1801 3421 Dei
1813 3364 1856 3420 ltr-

153 3462 322 3521 viracius
335 3459 371 3517 sd
393 3458 581 3517 obediendum
594 3457 751 3531 apostolicis
772 3457 906 3514 institutis
931 3459 1001 3514 resi·
1055 3465 1175 3531 clusum,
1188 3467 1309 3534 quemet
1321 3473 1409 3533 usque
1422 3457 1458 3515 ad
1470 3456 1543 3514 beati
1565 3472 1644 3530 papst
1657 3456 1771 3515 Adriani
1782 3466 1856 3517 tem-

161 3556 302 3627 piscat,
317 3552 585 3626 quantocuidentius
610 3550 775 3608 rideatbaee
792 3550 888 3608 eadem
911 3551 1001 3608 nulla·
1056 3572 1133 3630 pom,
1148 3557 1248 3629 quippe
1270 3552 1445 3611 sdcarolum
1467 3566 1572 3625 regem,
1594 3550 1758 3624 perdurasse
1773 3554 1857 3609 Jcan-

164 3652 283 3707 tessus
296 3664 312 3705 a
326 3646 521 3705 semotissimis
551 3645 703 3702 canonibus
726 3644 845 3713 desiere,
870 3644 918 3701 sed
937 3660 1002 3702 eum
1056 3654 1252 3707 nesltomanae
1264 3645 1394 3704 Ecclesia
1411 3644 1549 3702 baconus
1570 3643 1678 3715 asserit,
1702 3644 1749 3718 qui
1763 3644 1856 3701 Vitem

171 3742 308 3803 eisdem
321 3756 354 3799 ss
368 3742 426 3815 ipss
440 3740 667 3812 sacroscripturs
684 3738 860 3812 processisse.
1057 3745 1087 3799 s.
1106 3741 1231 3815 Gregorii
1256 3756 1294 3797 ex
1322 3747 1457 3812 praecepto
1481 3736 1600 3795 loannis
1631 3751 1709 3811 papa
1739 3735 1856 3797 ildeliter

509 3841 704 3900 caritura.
1056 3835 1209 3909 descripsit.
1231 3834 1285 3892 sm
1306 3840 1399 3890 utrum
1425 3831 1515 3890 adbuc
1549 3830 1648 3889 eadem
1683 3830 1878 3889 conmetudo'

230 3942 259 3999 1.
276 3940 311 3995 ln
330 3936 427 4009 primis
447 3936 532 4010 igitur
556 3934 722 3993 decretalem
744 3933 889 4005 epistolam
915 3934 1003 3991 nostri
1056 3929 1307 4001 perduretignoro,
1327 3941 1410 4001 quam
1426 3934 1521 3982 mmen
1546 3923 1667 3998 praelatis
1685 3924 1857 3997 temporibus

193 4030 351 4109 ipostolici
374 4030 529 4088 describere
552 4029 641 4102 Juvat,
657 4036 689 4085 ut
708 4034 785 4085 tanto
814 4027 936 4100 apertius
962 4042 1003 4085 se-
1055 4021 1139 4081 iuisse
1162 4038 1218 4080 non
1239 4019 1345 4077 dubito.
1369 4021 1448 4075 Patet
1468 4033 1535 4091 erqo
1553 4017 1752 4075 evidentissime
1772 4032 1856 4091 quant

201 4126 314 4197 [nuda
328 4124 482 4180 elucescere
495 4123 611 4179 valcant.
1057 4131 1165 4190 magna
1185 4115 1243 4171 sint
1255 4112 1426 4170 auctoritatis
1447 4110 1493 4167 illa
1512 4119 1630 4185 quatuor
1649 4111 1778 4180 concilis,
1793 4126 1856 4186 quse

231 4244 249 4271 ι
270 4220 450 4277 Ganoostus
473 4217 736 4291 episcopusservus
771 4230 916 4273 serrorum
941 4216 1001 4286 liei,
1057 4218 1170 4267 sanctus
1182 4206 1345 4279 Gregorius,
1357 4205 1416 4260 imo
1435 4204 1587 4277 peripsum
1604 4204 1722 4277 Spiritus
1731 4212 1855 4275 uncus,

214 4310 458 4373 itsctotnctuisto
472 4308 549 4367 tratri
573 4312 693 4367 Oranus
720 4308 922 4365 constantiensi
940 4310 1000 4381 epi·
1056 4318 1113 4361 non
1127 4301 1265 4368 ecmel,ut
1280 4299 1444 4373 praedictum
1453 4304 1504 4369 est,
1519 4296 1568 4354 sed
1581 4296 1856 4370 supinaetttrange

223 4403 430 4481 opo,salutcm
445 4402 663 4476 etspostolicam
677 4401 907 4459 benedictionem.
1012 4398 1096 4475 pyliis
1116 4402 1270 4468 comparat,
1295 4402 1323 4451 et
1343 4406 1445 4450 omnes
1470 4390 1505 4447 ab
1529 4386 1635 4447 eisdem
1661 4388 1857 4449 dissentientes

234 4518 252 4554 s
272 4496 407 4555 lamatia
435 4498 599 4553 nuntiorum
625 4503 749 4563 tuorum,
775 4513 791 4549 s
830 4502 885 4551 ete.
906 4498 1007 4552 Eastut
1061 4488 1291 4556 anathematisat,
1312 4500 1373 4559 quse
1392 4494 1421 4541 et
1442 4482 1558 4558 quilibet
1570 4482 1689 4539 naribus
1701 4482 1856 4556 patriarcba

237 4608 289 4651 nra
315 4594 389 4648 iuter
409 4591 545 4662 epistolas.
1060 4600 1091 4642 se
1105 4584 1314 4641 observaturum
1328 4595 1377 4652 pur
1390 4577 1532 4651 epistolam
1555 4592 1636 4634 suam
1662 4576 1776 4650 reliquis
1789 4577 1857 4635 sedi-

243 4690 272 4745 'l.
285 4684 627 4759 Sedpriusquamstatuta
658 4682 821 4757 singulatim
847 4680 1007 4739 considere·
1061 4677 1114 4736 bus
1135 4674 1258 4750 proliteri
1282 4673 1409 4741 debebat,
1435 4672 1460 4730 si
1481 4686 1512 4729 sc
1536 4672 1609 4728 inter
1633 4670 1785 4729 catholicos
1805 4686 1856 4745 ps-

251 4796 277 4851 s,
293 4776 429 4853 quiddam
443 4778 479 4835 de
494 4777 617 4850 ipsomm
629 4776 932 4834 canonumauctoritate
951 4790 1009 4833 non
1060 4768 1192 4829 triarcbas
1206 4769 1234 4824 in
1244 4766 1379 4841 diptychis
1391 4765 1507 4823 describi
1523 4764 1641 4822 solebat.

258 4868 415 4933 immodum
444 4870 552 4928 nstimo
573 4871 727 4944 pralibsse,
756 4877 788 4926 ut
810 4876 888 4925 taum
901 4868 1007 4926 tirmius
1096 4867 1145 4922 1ll.
1172 4866 1290 4921 Decreta
1309 4876 1374 4917 sero
1402 4859 1642 4917 mnedmimorum
1659 4861 1856 4917 Romanorum

266 4974 333 5025 stur
344 4963 480 5038 quidquid
491 4979 525 5022 es
539 4964 580 5023 eis
592 4965 628 5022 ad
642 4962 846 5023 observandum
859 4962 938 5020 nobis
957 4962 1006 5021 de·
1061 4958 1234 5034 pontillcum,
1262 4956 1285 5014 si
1311 4968 1465 5028 posaenttu,
1492 4952 1576 5010 etiam
1602 4952 1753 5011 studiosius
1771 4968 1856 5026 qnam

272 5062 362 5119 iatur.
1059 5054 1105 5111 illa
1120 5060 1239 5127 quatuor
1251 5048 1367 5107 conctis
1388 5046 1510 5105 venerari
1535 5053 1563 5103 et
1589 5045 1736 5103 observare
1746 5045 1857 5105 debere·

279 5156 435 5213 rctissimus
458 5169 528 5229 papa
541 5152 703 5227 Gregorius,
716 5167 801 5227 quem
827 5159 923 5209 noster
939 5167 1006 5223 apc-
1061 5161 1135 5215 mus,
1149 5140 1443 5216 sumetipsaconcilia
1456 5138 1678 5196 omnidrmitate
1688 5138 1858 5206 carerent,si

287 5264 320 5307 us
345 5249 457 5306 nominc
483 5256 511 5305 ct
538 5249 646 5305 actione
672 5246 774 5304 nostris
801 5245 1009 5318 representavit
1061 5254 1118 5297 aon
1131 5238 1288 5313 apostolicae
1305 5234 1377 5294 sedis
1389 5233 1532 5307 pontidces
1541 5232 1639 5291 cadem
1652 5246 1701 5307 per
1726 5231 1857 5307 apostoli·

294 5342 387 5412 tribus,
411 5342 439 5400 in
454 5356 503 5399 sua
526 5342 666 5416 synodica,
689 5341 719 5398 id
742 5346 784 5397 cst
805 5338 929 5412 synodali
952 5339 1009 5411 epi·
1062 5346 1124 5390 cem
1136 5332 1507 5421 auctoritatemocouqrcqare
1525 5334 1554 5382 et
1574 5326 1754 5385 corroborare
1765 5326 1859 5385 doere·

311 5435 487 5493 sanctissima
506 5443 625 5508 quatuor
637 5433 753 5492 macilia
776 5432 925 5490 confirmat
946 5433 1005 5489 ita:
1061 5423 1417 5485 umenecessitatis
1429 5438 1499 5497 papa
1517 5419 1674 5490 Marcellus,
1699 5419 1747 5495 qui
1758 5426 1859 5477 etsttte

308 5528 384 5587 ancti
395 5528 536 5603 Evangelii
554 5536 682 5604 metuar,
698 5528 738 5586 sic
755 5535 876 5600 quatuor
892 5525 1006 5583 macilis
1060 5521 1205 5579 Nicrenum
1212 5518 1357 5577 concilium
1374 5532 1423 5575 sua
1436 5517 1545 5575 deceta
1559 5514 1690 5589 manyrlo
1709 5526 1857 5571 consm-

315 5622 525 5682 restrnsrari
546 5620 709 5680 meiateor:
731 5622 877 5679 Nicaeum
892 5618 1003 5685 scilicet,
1061 5614 1111 5686 uit,
1132 5614 1202 5689 ipse,
1226 5613 1356 5685 isquam,
1369 5611 1410 5666 sir
1422 5608 1589 5683 apostolicus
1611 5610 1639 5666 iu
1660 5606 1776 5666 decretis
1797 5603 1856 5663 sctis

322 5730 483 5793 perversum
494 5715 552 5776 arii
574 5716 674 5790 dogma
687 5715 851 5785 destruitur3
866 5716 1002 5774 constan·
1060 5710 1150 5784 capite
1158 5706 1306 5767 undecimo
1315 5711 1433 5762 testatur
1447 5702 1505 5761 :ita
1515 5700 1576 5766 tusi
1582 5698 1695 5751 ww·
