3870 6164
212 249 261 302 aar
552 241 580 297 s.
600 220 764 297 oeneomr
779 238 825 295 vn
844 239 941 295 narn
960 235 1097 294 oeeaun
1115 235 1203 293 eles
1223 236 1241 290 r.
1263 262 1298 275 -
1315 232 1525 291 euctemon.
1551 216 1555 225 '
1812 232 1866 287 ssa
1890 248 1900 255 -

249 373 321 429 Data
333 371 431 428 llonsae
448 382 472 426 11
498 362 638 422 Kalendas
652 363 731 432 blaii,
751 361 903 421 indictione
919 361 1008 421 unde-
1020 365 1049 431 Α
1062 359 1215 429 dilectione,
1226 357 1409 430 omnipotenti
1422 365 1516 415 autem
1533 357 1594 415 Deo
1603 370 1654 428 pro
1669 360 1745 412 tanto
1758 353 1866 412 honore

213 465 295 522 elma.
1066 454 1117 511 sibi
1132 452 1232 511 collato
1242 449 1440 510 dissimulando
1453 448 1656 525 justitiamque
1672 455 1866 520 contemptum

499 549 677 606 EPlSTOLA
691 550 744 605 lx.
1066 563 1121 605 non
1140 562 1174 603 ex
1194 561 1275 619 aequo
1290 543 1451 612 reddiderit,
1465 542 1652 600 interminatio
1675 539 1866 616 quadicitnr:

404 648 451 701 An
469 657 689 701 corrrrnrennrr
709 656 824 700 noenu.
1066 642 1227 712 Maledictus
1244 641 1329 709 bomo,
1344 641 1394 711 qut
1404 639 1530 711 probibet
1542 637 1666 708 cladium
1676 651 1755 693 sumes
1768 652 1789 692 s
1801 652 1867 693 soss-

513 738 607 804 (Anno
623 739 714 804 lblb.)
946 755 951 767 ·
1065 739 1220 807 quiueuer.
1241 737 1361 800 nutri),
1384 749 1466 806 super
1485 747 1547 799 uos,
1560 730 1619 788 Deo
1635 728 1868 802 pseudomenon

214 836 326 892 drotum
339 832 393 888 sibe·
406 832 494 898 suessa
510 832 605 887 scribit
617 831 690 902 quod
703 831 803 886 litteris
819 831 906 897 luerit
917 829 950 885 ds
964 844 1013 885 uso
1067 831 1166 886 veniet.
1175 831 1269 902 Neque
1278 828 1353 885 enim
1363 826 1479 883 liberum
1496 823 1751 897 nobisestalieup‘us
1770 838 1867 896 perso·

244 905 413 977 Pwmlll'llw
440 903 608 973 bilbilim&
623 903 857 972 illliflfflilamffl
876 915 903 957 ⁸⁶
926 901 1014 957 dm
1066 923 1120 980 nali
1146 923 1233 997 gratia
1255 921 1344 997 legem
1364 920 1414 979 Dei
1437 928 1619 993 postponere,
1645 926 1728 975 anta
1753 917 1868 975 tramite

248 972 836 1115 aeffifflgmfflfflffifflm
846 987 1014 1100 fflmfflss
1067 1015 1238 1075 rectitudinis
1260 1031 1310 1089 pre
1334 1013 1456 1072 humano
1479 1012 1572 1071 lavore
1592 1011 1735 1081 recedere,
1757 1009 1869 1069 dicento

249 1121 285 1174 trs
314 1118 473 1188 acquiescet.
1065 1111 1219 1184 apostolo:
1241 1109 1432 1169 Siboms'ue'bue
1448 1110 1558 1181 plaeere
1581 1107 1685 1169 uellem,
1711 1121 1805 1163 scrous
1818 1107 1871 1162 lici

248 1213 427 1270 Graeculus
439 1207 467 1263 in
477 1211 640 1265 Romanum
649 1207 808 1282 pentiliecm
820 1207 923 1265 electus
932 1209 1012 1267 Gor·
1065 1221 1118 1262 uon
1127 1221 1208 1262 essere
1219 1205 1289 1275 (Gal.
1301 1210 1333 1269 s).
1357 1189 1362 1200 ’

212 1317 345 1364 mranno
353 1300 558 1376 [corrosano]
564 1301 637 1372 duci,
647 1303 763 1361 mlutsm
772 1302 800 1360 lu
812 1302 936 1360 Domino
945 1304 1012 1360 lesu
1103 1302 1173 1355 Data
1188 1301 1288 1356 Romae
1299 1312 1323 1354 rr
1336 1295 1514 1363 Nonasblaii,
1538 1293 1692 1352 indictione
1706 1292 1866 1352 undecima.

212 1397 330 1457 clm·
401 1491 408 1504 ,
529 1490 557 1503 ,,
756 1491 762 1503 ,
806 1490 812 1503 ,
869 1490 876 1503 ,
938 1490 944 1503 ,
1343 1437 1521 1494 enrsrons
1536 1436 1580 1492 x.

248 1493 333 1552 Grata
343 1490 472 1549 uobrsest
482 1491 576 1548 laeutra
585 1499 644 1560 tue,
656 1506 740 1564 quam
755 1507 783 1548 sn
795 1492 891 1549 litteus
902 1498 961 1549 turs
979 1489 1014 1549 de

214 1585 386 1661 promotione
399 1594 493 1643 nostra
523 1593 551 1642 te
565 1584 667 1642 habere
690 1585 886 1659 cognorimus,
904 1601 961 1643 noo
983 1592 1016 1642 ut
1261 1577 1484 1622 ¹⁰⁰⁰¹⁰⁰¹¹⁸¹¹
1498 1574 1687 1620 ¹¹⁰¹r¹⁸⁵⁸ffl

215 1680 268 1738 lroc
290 1679 382 1752 aliqua
416 1694 504 1737 causae
537 1687 639 1737 nusum
667 1677 810 1737 delectatio
844 1679 940 1749 iaciat,
964 1678 1013 1738 sed
1367 1687 1458 1753 (Anam
1475 1687 1565 1750 107³.)

214 1775 288 1849 quod
299 1788 359 1831 mm
372 1789 405 1832 ex
416 1772 490 1830 iente
498 1773 612 1831 sincerae
624 1772 781 1831 dilectionis
789 1782 818 1830 et
831 1773 905 1832 ddeli
917 1781 1011 1831 mente
1028 1751 1053 1814 Β
1070 1803 1104 1858 ω
1129 1798 1292 1856 discordiam
1315 1800 1388 1854 sm„
1400 1798 1627 1868 mmmm
1648 1796 1830 1852 pamm
1843 1795 1870 1848 ,a

211 1868 361 1926 derivatam
387 1882 445 1925 esse
458 1882 515 1924 non
536 1865 707 1925 dubitamus.
733 1868 834 1925 Nostra
860 1867 934 1925 enim
950 1881 1010 1940 pro·
1101 1873 1169 1927 ciues
1191 1871 1330 1927 imolenses
1351 1868 1434 1924 sedet
1454 1869 1490 1923 Et
1508 1869 1534 1923 ss·
1555 1866 1770 1937 archiepiscopus
1785 1879 1828 1920 cos
1849 1878 1869 1918 o

214 1962 301 2020 motio
323 1961 851 2035 quesibisacrisqueuletibueptam
874 1960 1013 2019 danobis
1101 1942 1171 2024 ⁸⁰45}
1189 1942 1345 2026 'apostolico
1368 1941 1470 1996 (mille
1497 1943 1611 2022 ‘milii
1638 1937 1765 2020 almeri»
1791 1936 1869 1991 *ΨΜ

213 2055 440 2113 existimationem
461 2063 488 2112 et
508 2054 641 2129 gaudium
662 2055 850 2124 administrat,
872 2055 951 2113 nobis
971 2055 1011 2110 in·
1102 2012 1379 2085 ‘'mmmmm''
1392 2011 1564 2081 mmm
1579 2007 1866 2079 mmmmm*

213 2149 282 2207 terni
301 2148 404 2207 doloris
416 2147 628 2207 amaritudinem
635 2157 669 2206 et
684 2149 776 2206 nimiae
795 2148 944 2206 anxietatis
962 2164 1012 2204 en·
1102 2153 1285 2210 Graeceius
1298 2147 1327 2206 in
1342 2152 1502 2208 Romanum
1515 2145 1673 2220 pontillcem
1685 2146 1788 2202 electus
1797 2145 1871 2202 Gur·

212 2243 315 2317 quatias
328 2251 448 2318 generat.
472 2241 605 2300 Videmus
629 2242 704 2299 enim
717 2251 820 2316 quanta
839 2258 891 2300 nos
908 2241 1013 2300 solliei-
1067 2261 1140 2303 noar
1171 2243 1300 2303 imolensi
1327 2243 1442 2314 comiti,
1467 2242 1585 2298 salutem
1608 2241 1637 2296 iu
1663 2239 1784 2296 Domino
1799 2239 1869 2295 lesu

213 2335 283 2396 tudo
311 2337 485 2406 circumstat,
509 2337 643 2393 sentimus
668 2342 803 2410 quantum
825 2351 878 2393 nos
895 2335 1012 2409 suscepti
1067 2339 1190 2398 cbristo.
1571 2330 1574 2335 ’

211 2431 303 2487 oneris
320 2431 426 2487 sarcina
439 2438 547 2503 greum
568 2430 620 2487 sub
642 2429 741 2502 qulbus
755 2429 825 2487 dum
842 2438 948 2488 nostra
973 2430 1013 2487 in·
1101 2433 1218 2504 Quidam
1233 2432 1383 2490 imolenses
1397 2440 1521 2487 nonnam
1534 2427 1666 2486 adeuntes
1691 2425 1866 2500 praesentiam

214 2523 351 2581 drmitatis
364 2524 528 2581 conscientia
542 2522 648 2592 tremit,
668 2523 760 2580 anima
774 2532 868 2581 nestra
883 2525 910 2581 in
930 2523 1014 2582 Cirri-
1067 2525 1261 2599 conquerendo
1278 2524 1358 2582 nobis
1371 2524 1524 2582 indicavere
1537 2521 1611 2595 quud
1624 2518 1870 2578 metraurnoeter

214 2625 257 2675 sto
276 2618 367 2690 psum
381 2617 568 2675 dissolutionis
589 2616 714 2689 requiem
729 2632 813 2690 quam
825 2618 854 2673 in
867 2617 951 2675 tantis
966 2633 1013 2691 pe-
1067 2619 1216 2677 Guibertus
1236 2617 1394 2694 imbertus,
1413 2620 1496 2674 etsie
1515 2619 1627 2688 semper]
1646 2613 1869 2687 archiepiscopus

214 2710 305 2767 riculis
328 2711 415 2768 vitam
436 2713 521 2785 cupit.
545 2713 576 2768 ln
601 2719 710 2769 tantum
736 2711 838 2785 quippe
872 2712 1013 2769 commissi
1067 2700 1212 2771 Ravennae
1233 2721 1390 2770 eoscontra
1409 2711 1544 2768 honorem
1565 2708 1651 2766 sancti
1668 2706 1757 2776 Petri,
1776 2705 1821 2764 cui
1835 2704 1868 2760 il·

214 2803 293 2861 nobis
315 2803 398 2861 oltloii
425 2804 607 2863 consideratio
628 2820 679 2862 nos
693 2804 837 2876 sollicitat,
859 2815 891 2863 ut
913 2805 965 2863 nisi
984 2805 1013 2862 in
1067 2809 1207 2868 delitatem
1217 2808 1362 2882 juravere,
1379 2820 1437 2863 sua
1451 2804 1564 2862 omuino
1578 2802 1674 2861 ditioni
1684 2800 1827 2875 subigere,
1840 2805 1869 2856 et

215 2897 384 2954 emtionibus
405 2897 585 2970 spiritualium
609 2898 756 2957 homiuum
770 2907 831 2971 post
849 2903 938 2957 Deum
960 2899 1013 2956 ali·
1067 2903 1101 2961 ad
1117 2900 1237 2975 juranda
1255 2901 1305 2958 sibi
1318 2899 1457 2957 fidelitatis
1470 2904 1587 2955 attentet
1598 2902 1773 2954 semamenta
1788 2902 1869 2951 oom-

214 3005 268 3064 qua
291 2989 392 3049 fiducia
415 3007 468 3049 nos
480 3000 659 3058 sustentaret,
683 3007 811 3048 curarum
834 2991 1017 3049 immensitate
1070 2996 1180 3069 pellere.
1200 2997 1303 3052 Verum
1318 2993 1378 3051 ltaec
1395 2991 1491 3049 relatio
1503 2999 1583 3048 tante
1595 2992 1655 3064 plus
1677 2986 1868 3047 admirationis

139 3088 142 3095 '
214 3099 294 3141 mens
316 3093 409 3143 nostra
431 3085 631 3142 succumberet.
656 3084 774 3141 Peccatis
797 3084 870 3141 enim
888 3083 1050 3175 facienti-C
1069 3088 1148 3145 nobis
1163 3086 1254 3145 attulit
1275 3096 1377 3160 quanto
1398 3094 1537 3159 perspecta
1554 3083 1659 3142 diadum
1674 3084 1749 3140 ineo
1763 3091 1791 3140 et
1810 3080 1881 3139 tra-1

215 3175 267 3234 bus
286 3177 323 3234 ita
343 3192 412 3251 pene
428 3185 504 3234 totus
524 3176 644 3234 mundus
662 3176 691 3233 in
711 3176 831 3250 maligno
853 3185 895 3234 est
909 3179 1014 3250 positus
1069 3192 1144 3239 terna
1165 3181 1281 3238 charitas
1299 3188 1327 3237 et
1340 3179 1518 3237 sacerdotalis
1541 3179 1671 3236 honestas
1702 3176 1869 3249 suspicionis

215 3277 246 3326 ut
257 3285 369 3339 omnes,
388 3278 417 3327 et
430 3269 566 3342 praecipue
580 3269 626 3343 qui
642 3269 669 3325 iu
681 3269 804 3327 Ecclesia
813 3272 917 3344 praelati
938 3280 1013 3341 sunt,
1070 3276 1098 3331 in
1121 3275 1199 3332 illum
1216 3273 1415 3331 indubitantius
1427 3287 1524 3330 causes
1543 3271 1673 3330 excludit
1688 3271 1783 3343 Neque
1792 3268 1868 3326 enim

215 3377 275 3418 eam
290 3362 380 3436 potius
405 3362 570 3419 conturbare
596 3378 678 3434 quam
702 3362 775 3421 iideli
800 3362 952 3422 'devotione
971 3364 1016 3424 de·
1069 3367 1179 3426 eredere
1192 3383 1340 3442 possumus
1352 3376 1410 3424 mm
1425 3365 1589 3440 prudentem
1603 3364 1738 3422 virumita
1759 3371 1868 3420 autno-

215 3453 326 3513 iendere
350 3455 391 3513 vel
414 3455 550 3513 celebrare
568 3456 745 3527 contendant,
760 3464 787 3514 et
812 3457 880 3516 dum
901 3458 957 3516 suis
969 3467 1016 3516 aut
1068 3471 1137 3520 tura
1150 3470 1198 3520 aut
1209 3461 1349 3535 dignitatis
1361 3460 1475 3518 sueelooi
1486 3460 1605 3519 oblitum
1615 3455 1772 3530 essentqui
1784 3471 1868 3529 epos·

214 3546 297 3606 lucris
311 3558 358 3607 aut
378 3549 520 3623 proesentis
533 3549 627 3623 gloriae
641 3547 784 3607 desideriis
796 3551 911 3619 inhiant,
923 3552 1013 3609 omni-
1068 3558 1190 3614 tolorum
1214 3554 1327 3629 principi
1341 3554 1503 3612 fidelitatem
1524 3553 1583 3626 ipse
1598 3549 1782 3625 Jureturando
1806 3565 1868 3623 pro

214 3640 266 3698 bus
279 3656 341 3713 quae
354 3641 389 3698 ad
399 3641 561 3714 religionem
575 3643 746 3716 etjustitiam
757 3644 807 3701 Dei
823 3647 958 3716 pertinent
969 3662 1012 3716 se,
1068 3649 1159 3719 misit,
1171 3648 1296 3723 aspecto
1309 3647 1506 3721 periculosae,
1523 3646 1592 3703 alios
1602 3645 1649 3720 qui
1659 3643 1730 3702 idem
1741 3642 1869 3701 iecerunt

215 3734 289 3791 relnt
311 3733 417 3799 laostss,
431 3743 579 3808 opponant.
594 3738 657 3807 Quo
670 3737 758 3811 magis
771 3739 851 3796 nobis
867 3739 1015 3799 dolendum
1067 3742 1102 3800 ad
1123 3741 1273 3816 perjurium
1291 3740 1394 3799 nitatur
1417 3757 1465 3814 per
1492 3739 1628 3813 exquisita
1651 3739 1686 3795 ab
1708 3737 1749 3795 cis
1773 3753 1868 3795 saera-

215 3835 268 3894 est,
281 3827 326 3901 qul
339 3835 496 3900 susceptum
519 3830 681 3888 universalis
705 3832 829 3890 ecclesiae
848 3833 971 3907 regimen
987 3833 1015 3890 iu
1066 3845 1158 3894 menta
1184 3835 1355 3909 pertrahere.
1377 3841 1511 3891 ettamen
1529 3847 1703 3907 quacunque
1717 3832 1791 3889 inter
1821 3846 1869 3888 cos

214 3928 291 3977 tanta
306 3918 470 3978 dlidoulteto
482 3937 534 3979 nec
545 3924 597 3980 rite
609 3923 809 3994 administrare,
824 3941 874 3982 nec
887 3934 948 3983 tuto
965 3928 1031 3984 de-·
1068 3927 1204 3986 discordia
1214 3937 1262 3986 aut
1278 3927 1468 3985 molestiarum
1479 3927 1515 3985 sit
1525 3924 1643 3996 occasio,
1658 3933 1793 3998 quatenus
1807 3940 1869 3981 eam

215 4028 304 4071 serere
326 4029 483 4086 possumus.
503 4017 642 4075 Caeterum
656 4018 720 4092 quio
731 4017 797 4076 ddci
808 4028 836 4077 et
854 4021 1015 4078 constantia
1068 4021 1173 4092 sedare,
1188 4030 1215 4079 et
1229 4023 1253 4080 si
1265 4022 1367 4096 possis,
1385 4021 1460 4079 salvo
1472 4020 1577 4077 honore
1586 4018 1672 4077 sancti
1685 4018 1770 4087 Petri,
1785 4017 1868 4075 lirma

215 4106 364 4178 virtutem,
378 4107 498 4166 donante
520 4112 591 4181 Deo,
610 4111 640 4168 in
663 4119 692 4168 te
713 4110 795 4170 sitam
809 4128 869 4171 esse
883 4115 1015 4188 cognori-
1067 4116 1178 4175 studeas
1196 4131 1261 4189 paee
1286 4114 1421 4185 decidere,
1446 4112 1618 4186 prudentiam
1632 4120 1708 4169 amm
1722 4110 1803 4169 raldo
1824 4126 1869 4168 ro·

215 4215 293 4269 mus,
316 4216 428 4258 omnem
457 4217 541 4275 quam
564 4212 677 4277 oportet
694 4204 722 4262 in
746 4206 908 4265 eharimimo
927 4208 1015 4266 saneti
1068 4224 1175 4282 gamus.
1192 4208 1311 4280 Quodsi
1327 4207 1465 4283 aliquibus
1486 4207 1566 4265 malis
1579 4205 1796 4280 impedientibus
1811 4219 1870 4263 non

215 4293 291 4352 Petri
303 4294 360 4352 lilio
381 4295 410 4352 in
422 4304 451 4354 te
461 4294 594 4356 iiduciem
607 4298 749 4369 habentes,
771 4301 895 4359 animum
909 4310 969 4359 tum
980 4301 1014 4359 de
1069 4302 1155 4375 possis
1167 4301 1287 4371 eidoere,
1301 4310 1329 4358 et
1347 4301 1493 4375 pradictus
1506 4300 1645 4359 coulrater
1662 4306 1759 4357 noster
1775 4296 1867 4356 arehi-

214 4395 307 4446 nostrs
323 4386 397 4447 idem
415 4390 634 4450 contentissima
662 4391 819 4463 dilectione,
830 4402 858 4451 et
877 4411 941 4469 erga
966 4395 1014 4452 nc
1068 4396 1213 4469 episcopus
1233 4395 1344 4452 autalia
1361 4395 1491 4469 quaelibet
1514 4408 1629 4468 parsum
1650 4391 1782 4465 praelatos
1797 4391 1869 4449 circs

214 4490 369 4541 norestuos
392 4484 594 4557 promptissima
611 4485 752 4544 voluntate
771 4502 945 4561 nequaquam
960 4487 1008 4546 du·
1029 4461 1082 4546 fla
1102 4488 1231 4545 lidelitate
1254 4488 1496 4562 sedisapostolicae
1522 4503 1577 4544 nen
1596 4486 1702 4544 desinat
1729 4484 1868 4542 obstinata

215 4573 303 4632 bitere
317 4575 453 4634 volumus.
473 4579 516 4634 De
530 4592 594 4651 rege
619 4595 683 4637 sero
702 4587 824 4638 menmm
845 4590 1014 4639 nostramet
1067 4582 1262 4640 coercitatione
1285 4582 1368 4658 [sorte
1394 4581 1572 4650 coercitione,
1598 4579 1632 4654 ll]
1659 4578 1803 4648 diuellere,
1829 4578 1869 4636 si·

172 4704 191 4733 ,·
214 4664 475 4742 desideriumpleno
487 4686 653 4745 cognoscere
668 4681 753 4745 potes,
780 4673 867 4748 qnod,
881 4683 1014 4748 quantum
1066 4684 1114 4733 eut
1132 4677 1322 4751 apostolorum
1341 4676 1392 4734 tibi
1414 4674 1542 4750 praesidia
1557 4673 1632 4747 apud
1644 4662 1868 4746 omnipotentem

215 4758 243 4816 in
269 4761 389 4819 manino
402 4763 538 4836 sapimus,
553 4765 695 4823 neminem
709 4765 744 4824 de
757 4767 816 4841 elus
829 4768 956 4841 praesenti
981 4785 1014 4826 ac
1067 4773 1157 4828 mum
1169 4769 1310 4845 prodesse,
1320 4778 1348 4829 et
1367 4770 1397 4827 iu
1409 4769 1459 4827 lrao
1476 4770 1531 4826 rita
1546 4783 1604 4825 nen
1621 4767 1679 4824 sine
1699 4764 1867 4823 meritorum

215 4850 308 4911 lutura
321 4854 407 4927 gloria
431 4863 480 4913 aut
488 4856 674 4918 sollicitiorem
688 4868 736 4917 aut
749 4861 897 4934 copiosiori
906 4861 1013 4921 deside·
1066 4864 1234 4938 compendio
1257 4864 1404 4938 praesidere
1417 4862 1496 4935 cupis
1519 4861 1557 4918 ita
1574 4861 1612 4918 eis
1626 4859 1744 4935 leupus,
1761 4859 1800 4917 ise
1820 4858 1866 4933 sit}

215 4944 257 5004 rio
277 4946 357 5004 nohis
371 4943 493 5022 praeferri
506 4951 653 5010 credimus.
664 4955 714 5010 Est
730 4953 805 5012 euim
830 4954 891 5014 base
911 4957 1012 5014 velun·
1065 4943 1191 5033 prasenti
1212 4946 1375 5016 auctoritate
1393 4964 1524 5029 rogatus,
1553 4967 1581 5012 et
1594 4944 1798 5021 commonitus,
1820 4950 1868 5009 do·

215 5046 261 5098 tas
282 5049 377 5099 nostra
401 5051 432 5100 ut
453 5043 573 5116 primum
592 5044 683 5104 oblata
704 5047 785 5105 nobis
809 5050 1013 5123 opportunitate
1065 5051 1198 5109 tensionis
1217 5050 1329 5120 auxilia,
1349 5049 1439 5106 donec
1452 5049 1532 5123 legati
1548 5047 1636 5106 nestri
1660 5047 1687 5103 ln
1699 5053 1793 5119 partes
1805 5045 1867 5103 illas

215 5148 265 5207 per
293 5135 406 5192 nuntios
423 5145 534 5195 nostros
553 5154 636 5213 super
654 5140 696 5197 his
720 5156 781 5213 quae
800 5142 836 5201 ad
858 5142 1011 5216 proiectum
1065 5146 1184 5217 veniant,
1206 5143 1329 5203 conferre
1350 5157 1408 5199 non
1428 5142 1545 5199 desinas.
1573 5144 1630 5199 Nos
1655 5138 1782 5213 equidem
1799 5154 1866 5197 cum

216 5227 353 5294 Ecclesia,
364 5238 392 5286 et
406 5231 541 5288 honorem
551 5232 635 5306 regiae
647 5232 788 5307 dignitatis
810 5251 866 5294 suae
876 5238 1012 5310 pertineto
1064 5238 1212 5307 omnibus,
1223 5238 1247 5295 sl
1260 5236 1318 5294 lieri
1328 5244 1430 5309 potest,
1447 5251 1542 5309 pacem
1553 5235 1655 5291 habere
1669 5232 1796 5290 ardenter
1818 5248 1866 5290 etr·

214 5319 393 5391 arbitramur,
407 5333 519 5397 paterna
531 5340 597 5383 crim
611 5326 753 5385 dilectione
776 5337 805 5387 et
823 5329 1012 5390 admonitione
1065 5333 1169 5406 pimus,
1182 5329 1231 5389 sed
1249 5344 1348 5388 eorum
1364 5328 1510 5387 conatibus
1528 5323 1760 5400 quiadiniuriam
1775 5325 1865 5383 macti

213 5414 419 5473 convenimus.
439 5416 520 5489 Quod
539 5418 562 5475 si
582 5435 633 5478 nos
653 5421 785 5492 audierit,
805 5439 862 5481 non
883 5423 960 5482 aliter
976 5425 1013 5483 de
1064 5425 1149 5495 Petri,
1175 5425 1256 5498 cujus
1276 5423 1347 5480 aerei
1361 5438 1473 5491 sumus,
1492 5421 1639 5480 extendere
1657 5436 1687 5478 se
1700 5420 1863 5489 moliuntur,

213 5504 274 5579 ojus
295 5522 378 5581 quam
403 5511 480 5579 [odd.
512 5511 556 5587 de]
584 5520 680 5573 nomm
703 5516 791 5576 salute
812 5517 1010 5591 gaudebimuse
1063 5514 1155 5576 deine
1174 5517 1332 5590 adjutitnm
1352 5513 1665 5590 rirmtequamp'ustitia
1681 5513 1792 5571 ebriare
1806 5526 1865 5571 non

212 5614 297 5672 quam
315 5609 384 5661 tune
405 5605 556 5663 certissime
576 5607 627 5665 sibi
640 5608 737 5667 irrorari
753 5612 865 5684 poterit,
877 5611 901 5669 si
922 5612 950 5669 in
967 5620 1010 5670 te·
1065 5610 1227 5686 refugimus.

212 5692 306 5752 nenda
319 5695 424 5768 justitia
438 5699 541 5757 nmtris
559 5700 711 5760 monitiset
730 5704 854 5763 masiliis
866 5706 1012 5778 aequieee-
1099 5708 1170 5763 Data
1199 5708 1299 5764 Roma
1327 5704 1460 5763 Kalendis
1484 5703 1574 5775 lunii,
1604 5702 1753 5762 indictione
1776 5700 1865 5760 unde-

211 5786 261 5856 riq
275 5788 318 5847 sin
330 5806 394 5850 rere
412 5791 498 5866 <quod
515 5808 572 5851 non
594 5800 732 5868 optamus)
745 5797 826 5857 nobis
847 5797 946 5857 οάἰιιω
959 5814 1011 5873 pro
1063 5800 1143 5858 olma
