3884 6158
77 246 122 305 m
615 244 715 304 etune
733 244 901 316 Qunam.
918 274 953 287 ·-
971 248 1076 308 EPIST.
1096 250 1186 311 xxvi.
1669 260 1723 319 let

74 384 138 435 sant
155 388 316 451 quaeramus
332 374 444 449 (Pillip.
467 380 512 444 ιι),
529 384 558 435 et
574 378 741 449 permultos
763 376 870 434 labores
883 380 912 446 Α
923 379 1083 451 apostolica
1103 379 1227 439 debitam
1254 394 1303 455 per
1321 379 1434 439 idoneos
1455 381 1561 457 legatos
1577 383 1724 445 denuntiet

76 473 188 529 eanum
202 476 350 543 sequentes
368 468 484 544 resngia
496 466 532 527 ad
544 467 669 528 futuram
692 478 721 527 et
740 478 872 528 aeternam
925 472 1100 531 devotionem
1114 493 1121 529 :
1133 483 1162 531 ct
1174 476 1212 533 ita
1226 473 1352 546 manum,
1366 474 1441 550 quod
1453 476 1490 534 ad
1501 493 1553 535 uos
1564 479 1671 549 attinet,
1688 481 1723 539 ad

75 560 208 637 qucum,
229 562 289 619 Deo
303 562 465 632 miserante,
485 561 641 620 tondamus.
926 565 1062 625 honorem
1071 568 1123 625 Dei
1132 568 1441 641 omnipotentisetbeati
1450 570 1524 627 Petri
1534 573 1724 645 apostolorum

108 657 182 712 Data
202 654 367 727 Carpinetae,
389 655 509 713 secundo
534 654 675 713 Kalendas
695 653 785 726 Iunii,
803 653 874 713 indi·
925 660 1057 734 principis
1070 660 1188 735 benigne
1199 661 1252 719 sibi
1267 661 1507 737 respondebimus,
1518 673 1547 723 et
1557 667 1725 727 excellentiae

76 747 168 807 οιίοιιο
195 748 306 807 decima
327 749 434 822 quinta.
926 767 987 811 snae
1000 754 1498 831 adsuamettotituregniutilitatem
1508 768 1725 836 sanetaeotapo-

335 862 513 920 qugmgp
531 863 625 920 xxv,
928 847 1032 906 stollam
1043 849 1215 907 auctoritatis
1228 848 1350 909 studium
1375 866 1439 909 cum
1459 853 1538 911 omni
1551 854 1685 913 charitate
1697 862 1726 914 et

78 984 117 1030 an
137 985 312 1033 ιιιιιιιιιιιι
329 985 594 1030 aacnrsrrscornrr
613 984 874 1031 sraroonrnnsarr.
928 940 1119 1001 bffl⁰V⁰¹⁰¹¹fi³
1134 943 1262 1003 inhibere
1278 944 1445 1004 curabimu&
1459 949 1562 1006 (ΜΕ
1577 964 1652 1020 '⁰¹⁰2
1663 964 1725 1023 ‘1¹¹ae

364 1085 456 1157 (mo
484 1085 574 1157 ¹077.)
928 1033 1043 1110 longum
1054 1046 1114 1095 erat
1126 1037 1287 1112 inepistola,
1302 1038 1362 1095 tiva
1370 1037 1488 1100 fideliter
1496 1056 1564 1100 roca
1575 1042 1724 1115 nuntiabit,

929 1128 999 1186 sicut
1012 1130 1041 1188 in
1054 1131 1114 1189 e'us
1132 1136 1189 1190 ore'
1212 1131 1347 1190 osuiruus.

79 1188 876 1338 fflffiffifffflgffimfwssffifflffi
965 1226 1038 1329 itate
1050 1148 1216 1298 clarpml,
1229 1241 1249 1283 ι
1260 1225 1328 1284 ldus
1340 1225 1429 1297 lunii,
1448 1226 1599 1289 indictione
1616 1230 1724 1291 decima

110 1340 295 1397 mmdotium
313 1356 366 1395 nott
383 1340 554 1395 adversatur.
571 1342 660 1396 Mouet
684 1354 775 1409 regem
790 1354 877 1410 nuper
930 1326 1033 1391 lum·

109 1412 221 1467 suctum
245 1418 405 1467 commoueat
429 1417 460 1467 ut
482 1427 533 1483 par
546 1413 647 1481 legatos
659 1411 779 1468 ἀιὸιιιοιι
800 1412 877 1467 obsc-

111 1485 208 1554 qua'um
231 1484 290 1539 secli
307 1480 457 1554 apostolico
480 1488 599 1553 prestet.
1161 1458 1339 1518 EPlSTOLA
1360 1458 1472 1519 XXVI·

111 1594 703 1667 Gareoarusepisoopus,servasservorum
712 1593 878 1662 Dei,ltnna·
957 1611 997 1654 ιο
1031 1611 1215 1657 οοιιιιιιοοιι
1243 1613 1472 1658 clunianensis
1501 1613 1695 1661 onennnsara

81 1702 146 1747 m
154 1687 336 1761 strigoniensi
349 1688 380 1744 in
397 1688 537 1762 ilungaria
545 1688 748 1762 archiepiscopo
760 1688 874 1745 salntem
1045 1708 1082 1750 nr
1103 1707 1244 1752 carenos
1265 1706 1427 1752 rancores
1450 1708 1601 1753 trannin.

81 1782 297 1855 atapoatolicam
322 1780 553 1840 benedictionem.
891 1770 917 1839 B

113 1878 178 1933 lion
202 1874 334 1933 admirari
361 1885 389 1934 te
404 1876 598 1949 volumusque
614 1875 649 1933 de
667 1890 750 1934 causa
761 1874 876 1933 fratrem
1236 1824 1327 1898 (Am
1357 1828 1447 1892 1⁰7⁷.)

80 1968 176 2040 ntum,
191 1969 320 2028 videlicet
339 1970 440 2028 barum
459 1970 614 2029 litterarum
632 1971 803 2044 portitorem,
816 1978 876 2027 tan·
930 1958 1017 2015 ffllm
1037 1958 1197 2028 (mimium
1217 1957 1336 2028 letatum
1395 1976 1411 2015 0
1432 1960 1617 2017 “fitistiim
1636 1962 1725 2029 mit

79 2062 280 2121 dlunobiacum
295 2064 493 2122 retinuerimus
506 2082 514 2120 ι
527 2080 603 2135 nam,
616 2080 684 2121 cum
697 2064 731 2122 ad
756 2080 808 2122 nos
828 2079 876 2121 ve·
1054 2030 1215 2095 ‘radam’
1226 2046 1270 2086 ω’
1283 2046 1325 2087 ⁸⁰⁸
1342 2046 1356 2087 ⁰
1375 2030 1449 2087 ‘dm
1465 2035 1603 2102 mmm·

79 2158 127 2228 nit,
146 2158 175 2215 in
196 2172 312 2232 regnum
332 2158 548 2217 Teutonicorum
563 2158 681 2216 transire
702 2158 875 2231 disposuera-
965 2168 1728 2241 firmemusepiwopus,mvugoervorumnejfflom.

79 2266 152 2321 mm,
169 2259 306 2325 quatenus
323 2254 506 2326 interferam
526 2253 680 2310 Henrieum
701 2260 728 2309 et
741 2251 877 2326 principes
930 2276 1000 2319 mco
1013 2261 1178 2335 patriarcba
1190 2260 1375 2331 eraderetur
1387 2262 1729 2336 ectensepncopisvece·

79 2353 159 2403 terrae
172 2362 269 2419 pacem
285 2356 313 2405 et
326 2346 504 2404 concordiam
518 2361 699 2420 componere,
713 2349 774 2403 Deo
797 2346 876 2420 adju·
931 2354 986 2424 tiae,
1001 2355 1120 2413 salutem
1134 2364 1162 2412 et
1173 2356 1356 2429 apostolicam
1377 2355 1607 2415 benedictionem.

78 2448 171 2509 mute,
197 2456 360 2513 pommus,
375 2440 493 2514 acceptis
511 2441 594 2498 etlam
608 2456 657 2513 per
672 2448 877 2497 sacramentum
966 2448 1133 2507 Audivimus
1151 2449 1325 2507 innectatis
1348 2450 1446 2509 restris
1472 2450 1561 2508 muita
1583 2451 1730 2511 amersten

78 2532 223 2591 mandem
237 2534 356 2592 flenfico
369 2550 432 2607 rege
445 2534 651 2606 resumentibus,
664 2550 733 2608 quas
745 2550 778 2591 ex
799 2542 878 2607 parte
930 2543 1050 2615 negotia,
1070 2558 1133 2616 quae
1146 2550 1178 2600 ut
1194 2543 1302 2601 sincera
1325 2543 1513 2617 exploratione
1532 2544 1728 2618 discutiantur,

77 2628 149 2685 ilius
167 2627 204 2685 ad
224 2627 426 2702 profectionem
439 2637 565 2686 nostram
580 2637 646 2686 tunc
659 2637 787 2702 euenere
800 2636 876 2700 puta·
931 2643 958 2693 et
974 2635 1113 2693 canonicae
1126 2634 1281 2693 traditionis
1303 2635 1465 2695 definitione
1487 2638 1670 2697 terminentur
1681 2654 1729 2699 eo·

77 2722 172 2779 rimus
185 2740 193 2777 ι
209 2722 289 2795 cujus
300 2722 340 2779 rei
353 2722 457 2780 exitum
469 2731 664 2796 exspectantes,
680 2722 791 2779 interim
804 2722 879 2777 hunc
931 2728 1090 2787 clesiastieae
1109 2729 1246 2802 religionis
1265 2729 1334 2786 ordo
1359 2729 1494 2804 deposcit,
1506 2738 1535 2789 et
1548 2747 1564 2787 a
1577 2731 1658 2790 nobis
1667 2740 1726 2791 tam

78 2815 227 2875 nobiccum
244 2831 356 2875 manere
375 2816 567 2890 precepimus,
582 2824 654 2873 utet
672 2822 780 2874 certum
795 2814 878 2888 boJus
931 2830 1020 2881 vestra
1032 2821 1154 2889 dilectio,
1167 2821 1436 2894 quamolliciinostri
1447 2822 1540 2881 debita
1558 2824 1729 2894 sollicitudo,

79 2909 181 2986 negodl
200 2910 297 2982 linem,
311 2919 340 2968 et
360 2910 383 2968 ai
401 2927 455 2984 qua
475 2911 528 2968 alia
541 2910 695 2967 necessaria
710 2909 876 2979 viderentur,
931 2915 1057 2990 requirit.
1068 2915 1235 2989 Quanquam
1245 2915 1321 2972 enim
1339 2931 1375 2972 ex
1387 2915 1606 2973 consideratione
1618 2918 1730 2976 credita

80 3003 158 3063 tobis
169 3004 224 3063 boc
252 3012 405 3063 revertente
429 3005 638 3065 mandaremus.
659 3006 798 3063 ceterum
813 3004 879 3078 quia
932 3009 1012 3067 nobie
1028 3008 1242 3083 dispensationis
1255 3008 1393 3067 debitores
1414 3010 1504 3067 aimus
1518 3010 1655 3068 universis
1676 3014 1728 3070 Ec·

80 3098 253 3171 uuaa‚sicut
270 3098 349 3157 vobis
359 3107 458 3157 notum
470 3114 530 3157 esee
540 3098 687 3169 credimus,
701 3098 736 3156 ad
746 3097 916 3190 perusi-0
932 3103 1030 3174 clesiis,
1045 3102 1157 3176 speciali
1166 3110 1261 3160 tamen
1276 3118 1341 3160 eura
1368 3102 1444 3160 vobis
1461 3111 1490 3160 et
1510 3103 1608 3161 restris
1635 3104 1727 3163 causis

80 3208 158 3259 mam
175 3194 264 3262 brem,
288 3201 316 3251 θῐ
333 3209 402 3267 Ρθῡθ
429 3193 465 3252 ad
491 3194 578 3252 unus
592 3194 688 3267 patri&
709 3192 876 3251 divisionem
928 3199 1126 3271 astringimnr3
1138 3214 1203 3255 curu
1214 3205 1325 3270 propter
1337 3196 1503 3271 singularem
1517 3196 1668 3272 quamdam
1680 3212 1729 3257 οο·

80 3286 210 3358 οιοιοιίι,
226 3290 318 3362 neque
334 3288 414 3347 nobis
431 3288 484 3346 boc
494 3289 523 3345 in
537 3295 663 3360 tempore
684 3287 803 3345 transire
826 3302 877 3362 op·
929 3291 1091 3350 haerentiam
1106 3307 1189 3365 quam
1204 3290 1240 3348 ad
1249 3298 1373 3348 sancum
1388 3293 1548 3349 Romanam
1561 3300 1590 3348 et
1603 3291 1732 3365 apostoli·

81 3382 440 3456 portemumesaetidimns,
455 3382 557 3440 diutim
572 3382 648 3439 bunc
666 3389 764 3439 tenere
784 3381 878 3439 nolui-
930 3403 992 3443 cam
1017 3384 1123 3441 habetis
1151 3384 1314 3451 Ecclesiam,
1330 3392 1392 3442 tum
1413 3393 1525 3458 propter
1544 3384 1723 3457 vicinitatem,
1809 3370 1817 3379 ’

80 3492 159 3546 muas
178 3476 329 3535 scribentes
341 3494 390 3551 per
403 3493 468 3535 enm
489 3476 658 3537 fraternitati
672 3484 737 3547 tuae,
757 3484 786 3533 et
806 3476 878 3533 mul·
930 3496 992 3554 quoe
1015 3493 1159 3552 nunquam
1185 3493 1238 3535 nos
1259 3478 1301 3535 rel
1325 3493 1388 3550 quae
1416 3476 1490 3552 apud
1514 3493 1563 3535 voa
1589 3487 1656 3536 eunt
1681 3478 1730 3536 diu

79 3578 140 3629 nrm
153 3570 335 3630 admonentes
349 3581 379 3629 ut
390 3573 494 3645 eiapud
506 3579 533 3628 ta
544 3570 715 3645 prositquod
728 3587 794 3628 cnm
801 3577 879 3628 tanta
932 3574 1066 3648 ignorare,
1081 3571 1134 3639 uel,
1148 3586 1210 3644 quae
1238 3586 1289 3629 noa
1305 3571 1442 3628 debemus
1467 3579 1495 3629 et
1508 3586 1669 3644 possumus,
1685 3587 1731 3629 ro·

82 3663 243 3737 fatigatione
258 3673 287 3723 et
298 3666 419 3739 periculo
435 3664 879 3739 etapostolicamquaesivitmiec
931 3676 996 3725 strae
1016 3664 1184 3723 fratemitatl
1206 3664 1345 3738 denegare
1359 3664 1472 3738 patitur.
1492 3665 1666 3739 Quapropter
1682 3665 1734 3722 mi·
1844 3672 1847 3677 '
1913 3648 1916 3653 ¹

82 3758 247 3826 ticordiam,
261 3767 289 3814 et
307 3767 364 3817 tam
387 3760 499 3833 longam
513 3759 587 3831 apud
598 3773 649 3817 noa
671 3757 735 3817 fecit
757 3773 876 3816 nroram.
930 3762 1017 3819 simus
1036 3759 1073 3818 ad
1091 3774 1139 3817 ros
1164 3758 1240 3816 hunc
1259 3758 1390 3817 dilectum
1405 3757 1492 3815 fllium
1514 3766 1642 3817 nostrum
1659 3758 1731 3817 Gre-

82 3850 235 3909 lloeenim
250 3852 321 3909 scire
334 3860 363 3909 te
386 3853 525 3921 volumus,
539 3851 671 3925 quoniam
690 3850 810 3925 quandlu
827 3865 878 3908 no·
931 3854 1040 3929 gorlum
1065 3862 1093 3912 et
1117 3853 1266 3912 diaconum
1300 3861 1403 3911 sancta
1426 3856 1562 3911 Romanae
1588 3852 1731 3921 Ecclesiae,

81 3942 266 4015 bismamfuit,
281 3944 450 4017 quietumin
466 3944 654 4017 illospiritum
672 3943 880 4002 etadservien·
932 3957 1070 4024 quatenus
1101 3962 1156 4005 una
1178 3946 1321 4005 vobiscum
1353 3946 1389 4005 de
1416 3945 1602 4004 ecclesiasticis
1631 3944 1732 4017 muns,

82 4036 368 4097 dumneodeaotum
376 4053 437 4096 ease
448 4037 638 4112 cognorimus.
651 4038 824 4110 Quapropter
833 4053 881 4095 se·
933 4053 962 4101 ot
979 4042 1141 4102 Christiana
1163 4040 1307 4114 religionis
1331 4040 1515 4098 sacrosanctis
1545 4038 1733 4097 institutioni-

83 4131 210 4191 cnndnm
223 4132 479 4191 miseriamboruur
494 4141 663 4205 temporum,
683 4131 881 4203 etadcompa·
933 4137 996 4205 bus,
1023 4151 1085 4208 qua
1114 4133 1266 4192 accusaris
1288 4141 1368 4202 sunt,
1399 4136 1459 4191 Deo
1484 4132 1651 4207 adjuvante,
1670 4147 1733 4206 per·

83 4226 225 4283 munnam
235 4240 331 4282 earum
345 4240 524 4298 personarum
537 4239 665 4297 quaapro
679 4223 840 4281 infirmitate
853 4231 882 4281 et
933 4238 1064 4298 tractans,
1091 4234 1184 4287 nostra
1209 4228 1267 4285 vice
1292 4241 1356 4301 qua
1380 4226 1542 4300 cumgente
1563 4234 1630 4284 eunt
1651 4224 1735 4285 corri-

82 4319 245 4377 necassitate
270 4320 434 4389 toleramus,
449 4318 648 4392 huncquoque
665 4317 882 4376 misericorditer
934 4330 992 4397 gat,
1022 4337 1084 4394 quaa
1112 4320 1257 4380 statuenda
1289 4320 1457 4389 constituat,
1490 4327 1519 4377 et
1543 4318 1735 4377 ocdeeiastiore

85 4412 254 4486 ponendum
269 4428 398 4471 essenon
411 4412 556 4486 indignum
576 4410 708 4469 duximus
723 4431 731 4468 z
744 4411 882 4486 siquidem
936 4416 1070 4473 libertatis
1088 4425 1172 4489 atque
1190 4413 1304 4488 justitiae
1324 4412 1419 4470 diuet
1443 4412 1473 4468 in
1490 4412 1586 4469 multis
1599 4412 1735 4485 neglectas

85 4521 119 4563 aa
130 4522 197 4581 quae
214 4506 296 4565 nobis
307 4506 344 4565 de
358 4524 408 4565 aua
422 4506 606 4564 manifestavit
618 4505 796 4575 muselentia,
811 4503 884 4564 etde
896 4498 926 4571 B
937 4510 1059 4568 rationes
1083 4518 1113 4567 et
1132 4507 1221 4566 studia
1238 4507 1274 4565 ad
1286 4505 1408 4564 fonnem
1422 4505 1562 4563 canonicae
1582 4513 1611 4562 et
1623 4512 1735 4578 aposto·

85 4600 260 4674 οοιοοιοιο
273 4600 438 4674 reprehendi
451 4600 699 4671 confltetur,asua
714 4599 886 4657 confessione
938 4604 999 4661 lic·
1024 4602 1176 4677 disciplinae
1193 4599 1336 4672 mouere,
1355 4607 1384 4656 et
1407 4614 1457 4673 per
1476 4596 1611 4657 auxilium
1633 4596 1735 4657 divinar

87 4700 118 4751 at
128 4694 329 4753 nunonenon
338 4695 506 4768 discrepant.
518 4694 600 4766 Quod
610 4703 704 4752 autem
713 4693 748 4751 ad
757 4694 885 4752 sacerdo·
938 4697 1037 4771 gratim
1048 4695 1197 4753 eillcaciter
1211 4695 1300 4751 valeat
1311 4690 1476 4751 conllrmare
1493 4711 1500 4749 ι
1521 4691 1565 4750 cui
1578 4707 1631 4750 nos
1643 4694 1735 4762 [forta

88 4787 119 4845 lii
132 4788 580 4864 gradunrpromoreridesiderat,
593 4786 885 4861 etslnosexjmperii
940 4787 1322 4861 ros1cumomnicharitata
1347 4785 1500 4845 assidentes
1527 4786 1565 4845 ita
1589 4784 1681 4845 farere
1707 4792 1737 4845 et

86 4882 251 4941 ιιιιοιοιίιοιο
269 4899 327 4942 non
350 4884 535 4956 decernimus,
548 4890 674 4957 respectu
688 4889 784 4939 tamen
795 4882 885 4941 indul·
939 4883 1107 4943 unanimiter
1127 4897 1272 4941 assensum
1296 4880 1419 4956 prebere
1444 4881 1517 4939 nont
1545 4881 1644 4939 fratres
1673 4878 1736 4938 elta·

85 4978 190 5051 gentio
213 4992 270 5035 non
294 4978 521 5052 contradicimus,
548 4992 599 5037 nee
621 4977 814 5053 denegandum
832 4976 885 5035 sibi
938 4978 1066 5037 riseimoe
1086 4977 1300 5036 admonemus:
1323 4984 1460 5050 quatenns
1490 4973 1519 5032 in
1536 4974 1582 5033 illo
1605 4982 1738 5049 appareat

86 5084 150 5129 ena
158 5070 512 5147 jttdlaarimua,alquidem
526 5072 588 5143 alia,
603 5088 667 5146 qua
677 5087 730 5128 nos
738 5072 833 5140 lateat,
841 5086 887 5129 or·
939 5081 1071 5149 quantam
1085 5071 1270 5131 reverentiam
1287 5070 1318 5127 in
1334 5070 1449 5129 beatum
1466 5072 1580 5127 Petrum
1596 5067 1738 5143 apostolo·

85 5161 225 5223 dinationi
236 5180 296 5224 sua
309 5167 420 5239 patior
443 5182 526 5225 causa
539 5182 598 5224 non
609 5163 757 5233 obstiterit,
772 5173 800 5222 et
811 5164 886 5223 dein·
938 5184 1003 5227 rum
1029 5167 1183 5241 principem
1201 5165 1336 5235 babentia,
1365 5165 1400 5224 de
1413 5162 1493 5238 culus
1512 5162 1599 5221 domo
1616 5170 1645 5219 et
1662 5160 1737 5219 lami·

86 5272 155 5333 nepa
168 5258 256 5317 vitam
269 5268 298 5317 et
310 5274 403 5317 mores
421 5274 487 5318 suos
500 5260 536 5319 ad
549 5258 715 5335 dignitatern
724 5260 792 5320 nuti
806 5260 888 5318 mini·
939 5260 972 5319 lla
986 5261 1124 5319 mittitur:
1139 5268 1242 5334 quante
1251 5259 1334 5317 etiam
1348 5258 1383 5317 de
1396 5268 1491 5315 nostra
1505 5256 1652 5315 dilectione
1660 5254 1738 5313 robis

85 5352 168 5413 surii
178 5368 302 5427 congnre
312 5353 456 5413 instituere
466 5362 494 5412 et
506 5364 720 5428 perseveranter,
733 5358 792 5415 Deo
803 5356 886 5415 miae-
938 5371 1005 5415 cura
1018 5354 1063 5426 eit,
1089 5354 1136 5430 qui
1149 5369 1215 5413 eum
1226 5352 1262 5412 de
1282 5353 1345 5411 sinu
1364 5360 1463 5410 nostro
1488 5350 1629 5419 misimus,
1643 5356 1739 5421 utpote

87 5454 181 5519 rante,
190 5462 301 5507 artare
317 5448 445 5507 soluerit.
461 5450 503 5506 De
516 5455 616 5507 catere
630 5449 814 5509 admonemus
831 5449 886 5508 fra·
938 5465 988 5524 per
997 5464 1082 5523 quent
1095 5456 1192 5506 nostra
1207 5445 1283 5520 apud
1297 5461 1345 5503 roe
1357 5444 1527 5515 sollicitudo,
1541 5452 1596 5502 eta
1613 5441 1738 5500 Domino

86 5540 251 5599 ternitatem
262 5550 349 5615 uum,
360 5550 392 5600 ut
403 5556 498 5615 regem
516 5541 564 5616 qui
578 5541 650 5601 inter
665 5557 715 5601 voe
726 5543 830 5603 electus
843 5552 887 5602 est
938 5545 999 5601 Deo
1012 5542 1093 5601 nobis
1104 5557 1244 5601 concessa
1257 5540 1400 5615 potestatis
1413 5538 1561 5598 auctoritas
1572 5535 1673 5594 vicaria
1684 5534 1740 5595 dis·

87 5648 156 5693 anns
166 5633 228 5693 aliia
239 5634 296 5693 tuis
308 5634 494 5695 confratribus
506 5644 534 5693 et
545 5636 717 5710 principibus
726 5646 808 5697 terrae
820 5638 886 5697 allo
938 5637 1098 5713 pensatione
1107 5644 1320 5712 representatur
1330 5642 1359 5693 et
1376 5634 1487 5707 geritur.

85 5726 186 5803 queris
208 5728 386 5790 mbilcantea
400 5737 430 5789 et
447 5729 623 5789 consulentes
640 5731 694 5791 albi
707 5740 740 5789 ut
762 5732 886 5808 apertior
973 5734 1047 5792 Data
1059 5732 1226 5806 carpineta,
1248 5730 1347 5805 quinto
1359 5726 1421 5786 idus
1435 5722 1588 5795 [Kalendis]
1599 5716 1741 5791 tunnin-

84 5822 174 5882 nobia
193 5838 274 5885 mam
292 5824 473 5898 termulam,
487 5833 516 5885 et
538 5840 605 5901 erga
617 5826 798 5891 ntermtiam
815 5826 888 5889 sedis
938 5823 1062 5889 dictiom
1081 5826 1192 5888 decima
1206 5824 1312 5901 quinte.
