3884 6158
64 270 118 329 iti

599 274 698 331 LIBER
716 274 899 333 SECUNDUS.
919 304 953 317 -·
973 278 1079 335 EPlST.
1099 276 1183 333 tritt.

1558 288 1563 311 l
1661 276 1714 333 lli

64 394 193 467 eremmo
213 394 254 451 tui
273 395 453 453 antmemoris
470 397 673 455 introductione
696 415 775 456 novae
800 416 866 456 eou-
877 407 905 467 A
918 402 1102 458 concubinam
1126 401 1218 470 baba,
1242 399 1293 457 nisi
1318 399 1372 455 illis
1393 398 1507 455 omnino
1530 399 1653 456 dimissis
1676 398 1715 455 di·

63 486 235 545 sneoadinis.
248 488 366 545 Ratione
378 489 462 561 igitru
471 490 585 563 justitias
600 491 641 547 bis
652 491 789 549 decausis
800 508 862 549 aen·

63 582 151 639 tenna
177 580 207 639 in
233 589 263 639 te
278 590 351 639 essm
379 583 630 653 animadvertenda,
655 585 705 642 sed
726 586 861 658 parcimus

62 684 177 749 propter
189 674 305 733 senilem
317 685 438 742 atatem,
460 686 488 735 et
506 678 569 750 quia
581 679 762 737 charissimus
778 679 862 737 irater

60 777 162 827 nutet
174 769 365 827 llerimannus
382 771 514 828 aletensis
527 772 680 845 episcopus,
695 782 751 830 tuae
765 774 862 830 Eccle-

61 862 115 921 siat
126 862 213 929 tilius,
227 871 256 919 te
271 863 390 920 multum
403 863 477 937 apud
490 880 541 921 nos
554 867 708 935 excusavit,
724 866 862 938 imputans

58 955 124 1015 aliis
136 971 308 1029 quacunque
324 957 462 1030 superbis
478 959 548 1016 male
563 959 730 1031 disposueris
744 975 864 1032 quornm

59 1049 180 1107 consilio
202 1066 269 1108 usus
288 1050 387 1118 luerim
405 1067 615 1110 commonemus
628 1069 693 1126 ergo
709 1062 736 1109 te
749 1063 862 1126 aposto-

58 1142 118 1201 liea
131 1143 293 1201 aumentate
309 1143 423 1217 utquid
438 1146 526 1219 egeris
538 1145 673 1216 attendas,
693 1155 719 1202 et
729 1146 863 1220 judicium

58 1236 101 1294 ad
115 1236 193 1308 quod
206 1252 336 1311 properas
345 1253 520 1311 expavescas,
530 1248 559 1296 et
570 1240 689 1312 amplius
697 1239 816 1297 desistas
829 1240 864 1296 ab

56 1328 226 1403 hujusmodi
250 1331 526 1405 transgressionibus,
556 1340 585 1390 et
602 1333 631 1388 in
656 1333 863 1406 quibuscunque

54 1424 170 1497 poteris
188 1423 300 1481 sordeas
314 1425 462 1499 corrigere,
485 1425 659 1483 immutando
682 1442 744 1498 quae
764 1428 861 1498 egeris.

56 1517 244 1590 Praecipimus
252 1518 336 1574 etiam
348 1527 378 1574 ut
384 1518 536 1576 admoneas
547 1528 575 1576 et
581 1535 710 1577 coerceas
723 1535 863 1593 quoscun-

55 1626 119 1683 que
135 1611 208 1668 sacri
219 1610 325 1669 ordinis
342 1611 482 1670 ministros
495 1623 568 1670 caste
587 1612 677 1671 vivere
694 1621 724 1671 et
736 1613 864 1671 concubi·

53 1718 113 1761 nas
125 1704 240 1762 omuino
252 1704 452 1778 derelinquere,
465 1714 494 1763 ct
504 1706 656 1763 extermina
669 1705 758 1776 nelos,
769 1722 866 1763 secun·

917 510 1001 566 gnam
1024 495 1216 567 poenitentiam
1239 501 1332 566 agant,
1354 492 1439 549 sacris
1458 491 1590 549 altaribus
1609 492 1716 564 penitus

918 588 1111 645 administrare
1130 586 1272 655 desistant,
1287 601 1338 643 nee
1358 586 1451 658 aliquo
1470 585 1713 642 Ecclesiaebeneli-

918 683 961 739 cio
976 683 1091 739 ulterius
1104 680 1253 753 potiantur,
1266 681 1321 737 sive
1334 679 1429 753 potitis
1438 677 1574 736 fruantur.
1586 679 1641 751 Qui
1650 694 1714 737 vero

917 776 1083 839 Simoniace,
1098 772 1221 830 videlicet
1239 788 1286 846 per
1300 773 1482 828 interventum
1502 772 1638 843 pecuniae,
1648 780 1715 829 sunt

918 869 1049 942 promoti,
1065 876 1096 923 ut
1110 867 1211 938 absque
1224 867 1278 922 ulla
1293 881 1341 937 spe
1355 865 1567 938 recuperationis
1576 865 1714 936 deponan-

917 973 963 1021 tur
982 942 1128 1036 apostoliea
1146 975 1261 1017 censura
1285 958 1438 1015 statuimus.
1459 960 1604 1014 tlooomus
1622 958 1713 1031 itaque

917 1066 955 1126 te,
977 1055 1155 1113 dilectissime
1175 1052 1259 1110 irater
1282 1051 1452 1125 coepiscope,
1478 1051 1535 1107 imo
1563 1051 1714 1123 apostolica

918 1151 968 1208 tibi
989 1150 1150 1207 auctoritate
1173 1145 1354 1219 praecipiendo
1383 1144 1544 1200 mandamus
1571 1153 1602 1201 ut
1627 1152 1658 1200 tu
1683 1145 1713 1201 in

917 1244 1030 1301 dioecesi
1050 1251 1097 1298 tua
1118 1240 1285 1297 simoniacos
1310 1238 1423 1295 omniuo
1437 1237 1569 1309 deponas,
1583 1245 1612 1293 et
1624 1235 1712 1293 forni-

917 1337 1056 1394 catoribus
1072 1334 1188 1403 clericis,
1207 1333 1260 1390 uisi
1283 1349 1299 1389 a
1319 1331 1501 1389 fornicatione
1521 1329 1712 1413 abstinuerint,

918 1430 1031 1505 praelata
1051 1428 1208 1486 conditione
1230 1425 1355 1483 officium
1376 1434 1404 1481 et
1417 1424 1583 1481 bauelicium
1603 1422 1713 1494 penitus

920 1523 1076 1593 interdicas,
1100 1530 1129 1578 et
1153 1518 1343 1593 suffraganeos
1368 1527 1443 1585 tuos,
1463 1517 1519 1573 sive
1542 1515 1641 1571 litteris
1661 1514 1715 1571 tuis

918 1618 974 1674 slve
998 1618 1058 1672 viva
1079 1632 1145 1673 voce
1167 1613 1202 1670 ad
1227 1622 1255 1670 te
1277 1621 1452 1680 convocatos,
1473 1618 1505 1668 ut
1519 1609 1592 1666 idem
1617 1607 1715 1664 laniant

919 1726 1105 1767 summanum
1117 1707 1254 1781 diligentia
1268 1721 1390 1763 moneas.

55 1796 134 1855 dnm
145 1799 261 1855 Patrum
275 1798 462 1869 traditionem,
474 1800 550 1873 quod
563 1799 736 1871 temporibus
751 1799 863 1857 moder-
879 1782 904 1845 Β
953 1807 1025 1859 Data
1040 1807 1148 1873 Romae,
1164 1799 1271 1858 decimo
1285 1797 1425 1857 Kalendas
1440 1796 1550 1870 Aprilis,
1562 1794 1714 1855 indictione

54 1891 108 1947 nis
122 1888 236 1948 inolevit
245 1908 278 1949 ex
292 1893 478 1951 taciturnitate
493 1908 647 1965 pastorum,
662 1910 696 1951 ne
711 1909 775 1950 cum
793 1894 866 1951 male

56 1984 244 2057 operantibus
275 1994 388 2059 propter
412 1986 551 2044 silentium
581 1986 735 2051 damneris,
762 1995 790 2043 et
813 1987 862 2059 ipsi

54 2085 179 2135 aeternae
187 2079 285 2135 mortis
296 2079 438 2136 incurrant
450 2080 615 2152 periculum.
631 2082 810 2153 compertum
821 2089 864 2138 est

54 2169 148 2228 nobis
166 2179 195 2228 te
208 2173 392 2230 contumelias
405 2174 589 2246 quorumdam
602 2174 715 2230 consilio
735 2173 863 2231 intulisse

55 2263 158 2323 abbati
167 2264 203 2323 do
220 2274 317 2324 sancto
331 2266 456 2323 Huberto
470 2265 612 2340 [lmbertol
635 2275 745 2340 propter
758 2267 863 2340 privile·

54 2356 142 2432 §um
157 2359 232 2431 quod
250 2359 362 2417 anobis
383 2360 519 2433 suscepit3
536 2359 585 2417 sed
603 2376 768 2418 excusamus
788 2377 863 2430 aum,

56 2448 250 2525 quodonntra
262 2452 460 2510 detrimentum
474 2460 502 2510 et
514 2453 650 2510 honorem
668 2454 795 2511 Ecclesiae
809 2463 865 2511 tuae

54 2543 137 2601 misit
150 2542 266 2616 ieoedt3
280 2545 355 2603 unde
370 2554 398 2602 te
413 2562 561 2603 monemus
572 2555 601 2603 et
620 2563 749 2620 rogamus
760 2555 790 2602 ut
805 2563 864 2619 per·

55 2638 162 2695 mittas
182 2654 249 2696 eum
268 2639 297 2695 in
314 2654 382 2712 pace
400 2649 427 2696 ct
449 2641 573 2696 inomni
597 2641 804 2713 tranquillitate.
832 2645 864 2697 ln

54 2729 180 2788 dioenesi
192 2730 274 2789 etiam
289 2740 337 2788 tua
350 2733 527 2790 Monacensis
540 2734 739 2802 [domucensis]
756 2734 865 2791 comitis

57 2824 208 2881 eoelesim
223 2841 306 2897 quam
325 2826 415 2884 adbuc
436 2843 597 2883 consecrare
620 2827 765 2894 distulisti,
787 2844 865 2900 roga·

57 2933 130 2976 mus
144 2926 175 2975 vt
185 2934 347 2990 consecres;
361 2920 384 2976 si
403 2936 468 2977 vero
482 2937 516 2978 ax
537 2920 678 2977 debilitate
697 2921 822 2992 corporis
836 2921 864 2977 id

919 1897 1025 1955 decima
1045 1896 1136 1953 tertia

1168 2049 1345 2106 EPISTOLA
1362 2047 1472 2102 LXlll.

1062 2216 1102 2257 sn
1121 2214 1242 2256 onustas
1261 2210 1433 2254 aurosam
1452 2207 1561 2251 uncas.

1223 2349 1317 2418 (Anno
1339 2344 1428 2415 1075.)

919 2498 1092 2556 Commendat
1113 2511 1172 2550 eum
1192 2497 1225 2550 ob
1250 2509 1292 2549 res
1311 2493 1441 2562 preclare
1464 2494 1560 2559 pestus.
1589 2486 1716 2544 Ostendit

953 2570 1104 2638 Hurrqartie
1116 2583 1230 2635 repetam
1250 2582 1304 2620 aovi
1319 2566 1374 2618 rarsi
1385 2566 1512 2619 Ιίοιιιαιιω
1527 2560 1649 2617 Ecclesiae
1659 2557 1718 2612 sub

950 2640 1012 2709 jici,
1039 2644 1065 2693 et
1083 2640 1178 2692 ruerito
1198 2637 1255 2706 ejus
1275 2636 1511 2705 aonsnnqntneum,
1535 2633 1587 2701 qui
1608 2629 1678 2683 illud
1700 2645 1717 2682 a

957 2705 1157 2765 Teiitorieoruvi
1172 2723 1232 2774 repe
1253 2710 1397 2775 acceperat,
1422 2720 1450 2758 eo
1464 2705 1550 2771 fitbse
1569 2702 1714 2771 moritum.

954 2784 1088 2836 Hortatur·
1107 2780 1144 2833 od
1164 2780 1330 2832 ecelesiarum
1344 2791 1436 2829 euram
1458 2774 1608 2828 babendum
1632 2772 1658 2825 et
1680 2771 1717 2824 od

954 2853 1135 2907 obedientiam
1145 2849 1296 2920 apostolicis
1309 2849 1404 2916 tepetis
1413 2845 1607 2916 praestaminis.

59 3026 152 3087 agere
163 3012 326 3085 nequiveris,
344 3014 488 3070 committe
504 3014 576 3070 hane
590 3012 776 3071 obedientiam
800 3013 864 3069 0112.
956 3000 1111 3055 Gusoomus
1129 2996 1283 3068 episcopus,
1298 3008 1394 3048 servus
1415 3004 1559 3047 servorum
1571 2988 1715 3056 Deitatis),

58 3106 179 3163 maimo
196 3105 253 3163 tilio
274 3114 370 3163 nosmo
390 3107 506 3163 Metauri
523 3107 663 3180 episcopo,
678 3106 758 3176 Quod
772 3107 794 3163 si
808 3123 864 3164 uon
919 3095 1027 3150 (lausa
1044 3089 1186 3163 ilungariae
1205 3087 1278 3156 duci,
1291 3086 1407 3142 salutem
1424 3092 1453 3141 at
1473 3081 1651 3156 apostolicam
1672 3079 1716 3136 ba·

58 3198 244 3273 aequieveris,
262 3200 367 3272 justam
393 3208 421 3257 et
439 3200 628 3257 rationabilem
648 3216 760 3256 causam
780 3161 905 3272 quare·c
919 3185 1112 3242 ὓθᾶῑθῐίθῦθῐΰ·
1595 3269 1601 3282 .
1657 3268 1663 3280 ι
1695 3269 1700 3280 Ι

58 3292 206 3351 dimiseris
218 3293 363 3349 rescribas.
393 3297 428 3350 Et
440 3293 503 3366 quia
519 3294 548 3349 in
562 3301 686 3350 extremo
703 3293 805 3350 videris
817 3310 865 3367 ρο.
954 3280 1033 3336 Licet
1047 3295 1096 3351 per
1118 3277 1230 3350 legatos,
1247 3290 1317 3361 quos
1336 3272 1441 3347 pridem
1455 3270 1489 3328 ad
1507 3286 1560 3325 nos
1574 3269 1713 3336 direxisti,

57 3387 152 3455 dtus,
164 3384 282 3443 fraterna
298 3387 491 3459 compassione
506 3387 594 3455 ducti,
613 3388 775 3444 auctoritate
792 3387 865 3444 pmii
921 3373 1074 3428 miserimus
1090 3370 1140 3426 tibi
1152 3370 1264 3437 litteras,
1279 3383 1347 3440 quas
1360 3366 1484 3423 noudum
1495 3372 1522 3419 te
1537 3362 1634 3419 asseris
1655 3377 1716 3434 per·

60 3479 143 3539 Petri
157 3479 342 3552 apostolorum
357 3480 487 3552 principi
503 3479 668 3537 absolvimus
680 3488 708 3536 ιθ
722 3496 738 3537 a
752 3482 867 3552 peccati,
919 3467 1033 3537 cepisse,
1055 3465 1156 3521 iterum
1181 3471 1276 3519 tamm
1298 3476 1348 3534 pro
1369 3458 1508 3516 charitatis
1528 3455 1642 3519 affectu,
1663 3470 1716 3527 qua

61 3575 133 3640 mis,
155 3580 182 3629 et
196 3573 347 3630 Dominum
368 3589 419 3646 pro
437 3582 464 3630 ra
480 3589 638 3641 exoramus,
662 3581 692 3629 ut
712 3573 866 3631 interpam„
920 3575 1018 3616 omnes
1036 3573 1114 3631 reges
1125 3566 1153 3613 st
1167 3555 1302 3628 principes
1316 3562 1348 3610 ut
1362 3551 1640 3616 lilios'admonemus,
1655 3548 1718 3604 scri·

64 3668 214 3725 beatorum
225 3667 496 3739 apostolorumioier
506 3666 608 3724 electos
620 3676 757 3724 aerernum
766 3682 867 3725 merea.
919 3653 1012 3709 bimus
1025 3651 1061 3708 ad
1072 3659 1099 3706 te
1118 3649 1305 3706 desiderantes
1317 3647 1365 3703 tibi
1386 3662 1450 3703 cum
1458 3643 1566 3717 justitia
1585 3656 1716 3716 quaeeun-

65 3761 107 3819 ris
121 3761 307 3817 consortium.
920 3763 974 3818 quc
989 3752 1053 3800 sunt
1068 3743 1183 3800 honoris
1206 3751 1233 3799 et
1251 3741 1354 3815 gloriae.
1369 3740 1456 3796 lllulta
1474 3738 1572 3810 quippe
1588 3735 1660 3791 bono
1682 3733 1718 3791 de

104 3856 175 3910 ⁰²1³
194 3856 305 3924 Rom,
317 3854 426 3913 decimo
438 3854 579 3912 Kalendas
590 3854 703 3927 Aprilis,
718 3853 867 3913 indictione
922 3849 948 3896 te
971 3838 1037 3894 mibi
1053 3839 1137 3894 relata
1154 3844 1229 3903 sunt,
1244 3843 1326 3907 atque
1349 3849 1382 3889 ex
1401 3833 1456 3888 tuis
1479 3831 1584 3887 actibus
1603 3829 1718 3885 honesta

69 3946 176 4007 &mma
190 3948 282 4007 tertia.
921 3933 992 3989 lama
1006 3931 1040 3989 ad
1056 3945 1135 3988 aures
1153 3937 1262 3986 nostras
1280 3943 1366 4000 usque
1387 3925 1526 3998 perveni13
1552 3938 1602 3996 pro
1617 3920 1717 3994 quibus

317 4053 493 4110 gpqsqogq
511 4053 600 4109 quq,
921 4025 1058 4098 diligimus
1074 4033 1111 4090 te,
1128 4032 1155 4080 et
1176 4022 1301 4095 cupimus
1322 4030 1353 4077 ut
1373 4019 1445 4076 lama
1464 4034 1529 4075 cum
1545 4017 1583 4072 rei
1605 4017 1718 4072 veritate

110 4160 150 4202 η
169 4160 356 4203 ςιςωυῃχ
374 4160 553 4203 mscopuq
573 4158 813 4212 mmmm
919 4135 1029 4190 semper
1051 4116 1189 4174 ascendat.
1210 4118 1313 4173 Notum
1328 4123 1423 4171 autem
1441 4112 1493 4169 tibi
1509 4126 1567 4167 esse
1581 4108 1718 4165 credimus

366 4244 456 4306 (Anno
477 4244 569 4308 1075.)
920 4228 1036 4285 regnum
1054 4211 1212 4283 Hungariae,
1226 4211 1306 4266 siout.
1321 4216 1349 4263 et
1371 4206 1421 4263 alia
1442 4204 1612 4262 nobilissimo
1633 4217 1716 4305 regna

206 4341 313 4393 ,mm
329 4341 360 4393 q„
377 4338 486 4394 mum-150
513 4343 606 4393 mmm
621 4337 821 4392 concubinam,
840 4343 866 4393 a,
920 4306 947 4362 in
961 4304 1079 4378 propriae
1094 4303 1227 4361 libertatis
1241 4311 1314 4359 statu
1329 4301 1431 4357 debere
1449 4314 1520 4367 esse,
1535 4295 1641 4353 etuulli
1657 4309 1714 4366 rega

80 4338 266 4465 ww
291 4408 408 4468 mneos.
433 4410 561 4479 Praecipit
586 4414 617 4463 ut
645 4424 678 4464 ro
697 4410 802 4464 seruari
823 4425 866 4464 cu-
920 4399 1031 4455 alterius
1044 4398 1121 4471 regui
1138 4395 1247 4469 subjici,
1265 4395 1317 4451 uisi
1336 4400 1432 4449 sancto
1446 4399 1474 4447 et
1492 4387 1637 4446 universali
1656 4403 1714 4442 ma-

108 4486 153 4538 m·
879 4494 955 4591 Dtri
970 4496 1106 4549 Romanae
1124 4490 1263 4555 Ecclesiae,
1276 4502 1338 4560 quar
1356 4485 1495 4558 subjectos
1514 4497 1571 4537 nou
1589 4480 1717 4536 habetat

111 4582 450 4655 Garoonrusepiscopns,
470 4598 565 4639 servm
577 4596 721 4638 servorum
737 4582 798 4651 Dei,
822 4583 864 4638 Sr-
920 4601 1024 4651 servos,
1045 4583 1093 4642 sed
1113 4592 1142 4640 ut
1161 4582 1233 4640 lilios
1248 4580 1361 4651 suscipit
1375 4577 1526 4634 universos.
1549 4571 1630 4643 Quod
1653 4572 1717 4644 quia

87 4675 279 4735 tannolratri
288 4676 449 4749 coepiscopo
460 4675 797 4748 Aquileiensi,solutemet
806 4690 867 4747 apo·
920 4678 1136 4750 consanguineus
1145 4685 1209 4732 tuus
1221 4691 1236 4730 a
1247 4689 1309 4746 rege
1321 4669 1482 4737 Teutonico,
1491 4684 1546 4725 non
1559 4684 1575 4724 a
1589 4670 1717 4723 Romano

88 4768 193 4827 rotem
207 4768 437 4826 benedictionem.
921 4770 1049 4845 pontifice
1075 4769 1230 4842 usurpative
1258 4766 1388 4831 obtinuit,
1411 4761 1565 4820 dominium
1590 4759 1658 4833 ejus,
1687 4767 1717 4816 ut

114 4862 294 4920 fraternitatis
315 4871 371 4920 ture
392 4861 566 4936 prudentiam
585 4862 669 4918 latere
692 4878 749 4918 non
773 4862 866 4930 debet,
921 4863 1071 4931 credimus,
1092 4861 1218 4918 divinum
1231 4860 1367 4932 judicium
1386 4855 1526 4929 impedivit
1541 4853 1624 4926 (³77).
1647 4854 1716 4910 Cum

91 4964 159 5027 amne
174 4956 217 5013 tui
236 4955 342 5012 ordinis
358 4956 519 5029 dignitatem
538 4955 663 5028 ignorare
677 4963 787 5027 oportet
805 4971 867 5027 quae
921 4974 986 5014 vero
1008 4973 1052 5013 res
1077 4956 1105 5012 in
1127 4954 1255 5011 manibus
1282 4953 1338 5009 tuis
1361 4953 1407 5020 sit,
1422 4951 1609 5008 hortamurte
1629 4956 1659 5003 ut
1678 4947 1717 5001 in·

12 5084 15 5109 ι
91 5051 293 5125 tttnuquaeque
303 5049 413 5107 decreta
426 5050 455 5105 in
469 5049 706 5121 peractocoucilio
721 5049 868 5121 praeteritae
920 5051 1002 5108 terim
1021 5050 1093 5106 circa
1114 5047 1240 5104 ecelesias
1269 5061 1367 5103 curam
1386 5043 1497 5109 babeas,
1517 5042 1588 5099 cirea
1610 5039 1716 5112 religio-

93 5138 294 5218 Qaadragesimae
317 5143 435 5200 concilio
456 5140 628 5199 confratrum
649 5151 810 5199 nostrorum
836 5158 869 5198 ac
919 5161 984 5201 uem
997 5158 1140 5199 summum
1152 5140 1273 5197 studium
1285 5154 1373 5211 geras,
1386 5132 1716 5208 talemqueobedientiam

12 5220 14 5311 ζ
93 5232 156 5293 illitu
166 5245 318 5295 conventas
337 5252 460 5306 assensu,
477 5243 623 5307 sequentes
638 5244 798 5293 sanctorum
817 5237 868 5292 Pa·
921 5236 1016 5310 legatis
1034 5243 1137 5292 sanctae
1156 5235 1291 5289 Romanae
1310 5231 1449 5295 Ecclesiae,
1466 5226 1583 5299 eumad
1596 5235 1623 5282 te
1635 5241 1715 5281 reue·

12 5326 17 5345 '
93 5328 149 5384 llam
172 5331 378 5397 auctoritatem,
405 5328 561 5387 statuimus.
592 5330 769 5386 Decrevimus
795 5328 866 5385 euim
920 5329 984 5395 rint,
1008 5328 1147 5395 exhibeas,
1171 5335 1309 5399 quatenus
1332 5324 1526 5380 intercessione
1549 5319 1622 5377 beati
1643 5317 1716 5375 Petri

92 5420 157 5492 liti,
173 5424 197 5482 si
217 5425 279 5498 quis
300 5439 399 5481 eorum
415 5422 544 5480 ordinum
565 5422 610 5495 qui
632 5424 717 5480 meris
736 5422 868 5479 altaribus
919 5422 946 5478 in
960 5422 1046 5495 gloria
1059 5421 1204 5478 ethonore
1218 5419 1363 5491 utriusque
1377 5418 1438 5473 vitae
1452 5414 1589 5488 proficias.

90 5508 264 5577 adnuimus
273 5516 414 5591 presbyter
426 5515 684 5585 scilicetdiaconus,
694 5531 810 5573 uxorem
823 5516 865 5572 vel
956 5517 1026 5571 Data
1041 5518 1151 5582 Itomae,
1166 5529 1187 5569 x
1198 5513 1263 5568 Kal.
1277 5510 1391 5583 Aprilis,
1407 5507 1463 5565 ind.
1477 5522 1543 5591 ιιιιιἴ

114 5677 179 5747 liis)
191 5678 297 5746 dm,
317 5677 359 5733 sie
378 5675 427 5734 lib.
447 5692 471 5743 ι,
490 5676 604 5749 epistola
625 5681 660 5733 58
684 5684 712 5733 et
725 5676 797 5733 inira
812 5683 864 5745 7ος
918 5676 985 5734 eade
997 5675 1043 5732 lib.
1058 5690 1097 5731 ιιι
1116 5681 1144 5730 et
1157 5688 1191 5730 xv
1209 5675 1314 5730 (lebam
1330 5678 1418 5726 vocat.

87 5740 234 5807 habenas
246 5756 342 5807 sutem
352 5763 426 5805 anno
442 5755 511 5805 tota
532 5757 561 5806 et
579 5755 647 5806 1074
663 5748 736 5807 bunc
751 5750 867 5821 appellat
954 5748 1027 5815 (377)
1046 5747 1182 5818 Loquitur
1199 5744 1233 5801 de
1253 5744 1402 5823 Salomone
1429 5754 1503 5819 rege,
1524 5746 1649 5804 utsupra
1666 5746 1715 5786 eo·

85 5812 203 5879 immor.
220 5818 277 5879 Sed
294 5818 439 5877 mnamm
456 5822 561 5876 lterum
581 5821 801 5893 Hungaricarum
815 5820 864 5876 de·
919 5817 1265 5889 demlibro,epistola13,
1284 5822 1312 5869 et
1323 5809 1393 5867 rnlra
1409 5814 1554 5879 epasmo.
