3884 6158
90 282 102 299 ,
187 240 235 294 unt

661 228 690 285 S.
708 225 868 284 eatenus
884 225 929 280 vlt
949 222 1046 280 Pane:
1065 218 1202 273 terantur
1221 216 1306 272 PARS
1326 217 1358 271 ii.

1707 170 1712 179 ι
1783 212 1838 265 tee-

187 364 246 438 Jam
261 363 360 435 saepius
387 361 533 432 legationes
559 353 682 418 Hernici,
704 368 769 409 cum
793 367 841 423 per
859 349 984 422 proprios
1002 352 1027 415 Α
1043 360 1107 403 cunr
1130 351 1226 399 nostra
1250 341 1402 408 voluntate,
1425 348 1452 397 et
1474 338 1625 412 apostolica
1650 332 1838 393 benedcuene

189 457 313 525 nuntios,
326 466 385 512 tum
397 469 446 524 per
458 457 625 523 cognatoset
634 447 746 504 aliarum
761 455 897 503 terrarum
912 443 983 517 prin·

187 552 263 624 cipes
289 546 441 617 crastines,
465 543 549 601 modo
574 558 687 599 omnem
710 539 893 598 obedientiam
922 554 983 611 pro-

188 643 335 707 mittendo,
348 639 432 696 rnode
445 655 494 710 pter
513 637 585 693 varia
604 637 711 709 ingenia
726 634 908 697 sollicitando,
925 631 954 688 id
969 648 984 687 a

188 752 233 793 mn
250 749 360 793 summo
374 734 521 790 conamine
540 732 680 805 cupientes
696 728 804 786 eilicnre
821 743 878 801 qun
893 742 938 783 mc
951 725 985 784 ad

188 837 281 887 nomm
297 844 379 884 suum
392 828 450 884 suis
462 826 585 898 partibus
603 825 710 880 valeant
724 823 865 879 inclinare.
880 824 984 877 Verum

188 924 251 998 quia
273 922 336 978 irinc
361 921 424 978 inde
447 929 476 977 et
490 924 616 976 Romana
642 918 762 989 gravitas
784 924 812 973 et
836 915 985 988 apostoliea

188 1016 370 1074 mansuetudo
389 1032 433 1071 me
446 1030 494 1087 per
511 1012 630 1069 mediam
641 1012 757 1085 iustitiae
774 1011 847 1067 viam
861 1009 986 1066 incedere

188 1120 300 1184 ongum,
317 1109 445 1167 omnibus
459 1107 558 1180 quibus
575 1122 687 1179 possum
707 1105 797 1162 modis
812 1105 864 1161 hoc
879 1112 986 1177 opertet

189 1204 331 1261 intendere
351 1201 490 1274 (postmodo
512 1216 632 1256 acrama
652 1200 718 1255 ialsa
733 1199 880 1270 justitiam,
895 1197 986 1271 perie-

189 1304 262 1356 ctem
290 1316 305 1352 a
328 1298 393 1352 licta
420 1295 605 1352 obedientiam
627 1292 732 1365 judicio
759 1293 846 1348 sancti
870 1292 986 1365 Spiritus

190 1392 295 1448 valeam
318 1390 482 1457 discernere,
498 1395 526 1444 et
551 1396 610 1444 rato
635 1384 778 1443 ordinead
802 1386 884 1441 linem
900 1401 987 1458 usipus

190 1484 349 1558 perducere.
371 1486 437 1540 llaec
451 1498 514 1538 vero
534 1490 562 1537 et
580 1482 640 1547 arlia,
661 1481 694 1547 si,
718 1479 834 1552 propitio
857 1483 927 1548 Deo,
952 1480 986 1536 ad

191 1592 239 1635 ros
275 1577 332 1633 sani
370 1576 529 1646 perveniunt
559 1576 638 1647 legati
674 1575 744 1639 urei,
779 1575 876 1630 melias
904 1590 986 1646 quarn

190 1670 235 1729 bre
248 1670 344 1727 litterae
355 1669 412 1726 rina
424 1684 488 1725 nnnc
500 1667 720 1724 testificabuntur
732 1676 758 1723 et
768 1666 915 1725 docebunt.

539 1765 640 1819 XLIV.

122 1925 125 1937 1
192 1861 315 1928 Gregorii
333 1861 381 1914 l'll
392 1858 504 1927 epistello
517 1859 554 1912 ut
569 1858 740 1926 ltodctplnon
755 1875 844 1925 reperet
862 1863 887 1913 ci
899 1862 991 1915 sato-

227 1947 281 1985 nes.
298 1959 334 1971 -
347 1933 466 1985 avertetiut
481 1945 508 1983 se
524 1946 631 1983 annasse
654 1934 683 1983 ut
697 1948 746 1999 per
762 1929 861 1999 legatos
879 1947 940 1985 sum
958 1932 992 1986 de

226 2002 304 2057 rebus
320 2019 337 2055 u
350 2018 377 2057 sc
396 2000 508 2055 (iteretis
528 2003 554 2054 io
569 2001 675 2055 deminus
696 2000 807 2069 apamiis
821 2003 990 2066 ‹iocor-entius

227 2078 283 2126 turn
302 2074 339 2126 od
357 2074 516 2141 ,stertentium
530 2072 653 2126 lontano·
667 2076 692 2124 ei
712 2078 741 2125 nt
755 2073 992 2140 ,trop‹tonnrpno's

224 2144 468 2215 archiepiscopatus
476 2146 574 2213 optim
582 2140 766 2212 praedicatio.

496 2235 588 2305 (duno
607 2239 695 2299 1079.)

225 2330 404 2386 Gnsunnrus
425 2328 578 2400 episcopus,
600 2344 695 2384 servus
709 2343 851 2384 servornm
872 2328 934 2395 Dei,
955 2330 989 2383 lt.

191 2424 248 2496 regi
269 2423 452 2494 omnibusque
465 2437 558 2478 secum
582 2422 610 2476 in
632 2437 717 2493 reguo
744 2424 884 2478 Saxonum
911 2438 991 2478 corrr-

191 2517 380 2584 manentibns,
404 2524 461 2572 tam
477 2516 610 2589 episcopis
625 2531 710 2588 qnam
734 2514 867 2584 ducibus,
884 2515 991 2572 cerniti-

193 2610 319 2679 bns,nec
342 2624 400 2665 non
422 2609 571 2683 majoribus
594 2617 622 2665 et
643 2610 799 2667 minoribns
817 2618 991 2682 peccatorum

192 2703 393 2789 absolutionem
415 2710 442 2760 et
456 2701 636 2775 apostolicam
652 2703 882 2760 benedictionem.

228 2799 299 2854 Cum
314 2797 422 2855 Veritas
436 2798 495 2870 ipsa
518 2796 593 2854 dicat
608 2796 734 2853 onmium
749 2798 797 2869 qni
812 2809 923 2870 propter
943 2797 989 2870 ju·

193 2891 296 2949 stitiam
319 2892 537 2964 persecutionem
561 2891 703 2964 patiuntur
726 2906 841 2963 regnum
862 2908 920 2948 esse
934 2888 990 2948 cm·

190 2987 283 3044 lerum
310 2987 419 3057 (diuitis.
444 2990 482 3052 v),
505 2993 533 3041 et
554 2985 703 3057 Apostolus
719 2985 821 3041 clamet
840 2986 990 3053 neminem,

192 3079 244 3137 uisi
267 3080 312 3153 qni
331 3079 452 3152 legitime
465 3079 616 3144 certaverit,
630 3094 708 3150 posse
720 3080 845 3134 coronari
870 3082 909 3145 (ll
924 3083 990 3134 Teio.

192 3179 242 3242 rr),
255 3174 353 3243 nolito,
366 3173 414 3228 lilii
431 3173 495 3241 mei,
512 3173 541 3227 in
556 3172 616 3240 hoc,
633 3173 679 3246 epu
691 3188 736 3229 vos
750 3172 810 3245 jam
824 3172 912 3228 multo
925 3181 995 3229 tem·
1012 3163 1034 3224 C

196 3282 263 3341 pnre
277 3269 405 3339 enargitat,
421 3265 518 3322 bellico
536 3265 628 3323 lurore
641 3265 776 3331 deiicere;
792 3267 879 3323 nolite
890 3282 939 3338 per
953 3267 995 3322 ul-

1037 448 1065 496 et
1090 438 1231 495 communi
1264 434 1390 492 omnium
1421 433 1558 491 benorum
1588 441 1645 488 mm
1674 430 1837 487 clericorum

1037 548 1120 608 quam
1133 532 1269 589 laieorum
1288 528 1421 587 electione
1438 526 1586 600 disponite.
1608 528 1665 583 Vns
1679 533 1774 583 tamen
1788 523 1837 596 ipsi

1039 627 1125 685 nostis
1150 625 1239 698 quod,
1265 625 1293 680 in
1315 621 1516 680 constituendis
1539 619 1693 694 episcopis,
1714 612 1838 691 neglecta

1038 730 1197 780 sanctorum
1212 722 1326 775 Petrum
1344 717 1468 774 instituta
1489 715 1564 772 hunc
1584 713 1630 787 qui
1644 712 1728 770 modo
1743 710 1839 769 inadi-

1040 826 1084 873 tur
1109 813 1269 886 sanguinem
1292 818 1461 884 genuerunt,
1489 817 1518 867 et
1542 808 1647 877 adhue,
1669 804 1723 863 nisi
1745 805 1840 879 provi-

1039 912 1170 979 deantur,
1195 908 1300 982 potores
1323 906 1460 980 prioribus
1481 919 1586 962 errores
1607 901 1723 961 ioveudo
1748 908 1841 974 partu-

1040 1011 1123 1067 riunt.

1395 1096 1481 1153 XLV.

1066 1211 1188 1282 eranam·
1199 1207 1311 1278 epistola
1324 1206 1361 1260 cd
1377 1220 1464 1259 ornantes
1476 1203 1566 1273 liticine
1584 1215 1632 1271 per·
1646 1200 1820 1254 initiatricem

1286 1282 1311 1334 et
1331 1278 1455 1336 Italicum
1471 1289 1593 1343 raparum.

1340 1373 1432 1445 (Annio
1449 1370 1540 1439 1079.)

1043 1474 1167 1541 [Mariani
1194 1470 1281 1529 Scotti
1308 1467 1472 1526 Glnonicoo,
1500 1478 1543 1534 ap.
1576 1462 1692 1526 Panna,
1721 1458 1841 1513 Mortuos.

1219 1545 1309 1601 ilerrn.
1324 1540 1401 1601 laist„
1416 1535 1516 1607 Script.
1534 1534 1567 1601 V,
1587 1534 1662 1598 atim]

1077 1652 1251 1708 Gneuomus
1265 1662 1325 1718 apa,
1341 1657 1436 1700 servus
1448 1652 1591 1695 servorum
1607 1635 1670 1703 Dei,
1687 1647 1734 1706 per
1749 1639 1842 1689 totum

1003 1750 1026 1812 Β
1043 1745 1168 1802 italicum
1183 1755 1298 1815 reguum
1317 1745 1343 1794 et
1366 1733 1590 1799 'teutonicorum
1613 1727 1736 1787 debitam
1750 1732 1845 1783 sancto

1046 1842 1127 1896 Petro
1148 1834 1336 1895 obedientiam
1356 1826 1545 1888 exhibentibus
1565 1820 1744 1896 apostolicam
1765 1819 1845 1876 bene·

1043 1933 1201 1990 dictionem.

1080 2027 1109 2084 Si
1121 2025 1240 2097 quisunt
1259 2018 1417 2095 presbyteri,
1432 2017 1471 2073 rel
1484 2012 1603 2080 diaconi,
1618 2011 1660 2069 vel
1672 2007 1844 2073 subdiaconi,

1044 2122 1092 2193 qrri
1109 2119 1219 2191 jaceant
1242 2113 1408 2171 incrimine
1432 2106 1635 2172 inculcationis,
1656 2101 1847 2160 interdicimus

1045 2215 1096 2282 eis,
1119 2228 1150 2268 cx
1167 2218 1244 2283 parte
1266 2204 1463 2278 omnipotentis
1475 2202 1525 2258 Dei
1540 2210 1568 2257 et
1582 2196 1748 2257 anctoritate
1762 2195 1846 2253 saneti

1045 2306 1129 2373 Petri,
1153 2303 1296 2361 introitum
1319 2299 1440 2357 ecclesiae
1454 2311 1539 2368 usque
1562 2294 1630 2351 dum
1649 2291 1801 2365 praeniteant
1820 2299 1847 2345 et

1046 2400 1201 2459 emendent.
1226 2398 1254 2453 Si
1269 2394 1315 2469 qui
1332 2409 1396 2450 vero
1421 2393 1448 2447 in
1468 2397 1578 2463 peceato
1597 2403 1649 2443 sun
1671 2400 1847 2459 perseverare

1046 2493 1202 2560 maluerint,
1211 2491 1303 2547 nullus
1316 2496 1437 2545 vestrum
1448 2483 1571 2542 efficium
1585 2495 1684 2538 eorum
1695 2478 1846 2537 ausmltare

1045 2594 1214 2662 praesumam
1230 2584 1293 2656 quia
1307 2580 1463 2640 benedictio
1477 2578 1549 2635 illius
1562 2575 1679 2632 vertitur
1690 2573 1718 2628 in
1729 2570 1846 2627 maledi·

1045 2684 1166 2740 ctionem
1177 2722 1184 2749 ,
1195 2687 1222 2735 et
1234 2679 1322 2735 oratio
1332 2676 1360 2731 in
1374 2682 1531 2747 peecatum,
1542 2676 1658 2727 testante
1666 2666 1785 2723 bomine
1797 2678 1845 2735 per

1047 2780 1207 2854 prophetam
1242 2796 1248 2833 :
1278 2775 1455 2840 ,irriediconm
1484 2769 1591 2841 iuquit,
1621 2763 1846 2821 bertcdietienibus

1045 2875 1155 2930 ateiris.

1393 2961 1496 3016 xnvt.

1047 3076 1169 3145 Gregorii
1187 3074 1240 3127 l'li
1251 3085 1331 3140 pulpam
1345 3066 1459 3138 cpistniu
1473 3065 1509 3119 ud
1524 3062 1664 3118 nunccios
1680 3061 1850 3116 cassinenses.

1353 3159 1543 3227 (aanoldis.)

1130 3258 1383 3330 [dirruentes.
1400 3254 1519 3308 radiarunt
1533 3253 1636 3317 t'nsin,
1653 3249 1680 3303 ll
1696 3248 1774 3316 liii

192 3359 247 3419 lius
268 3359 385 3417 iallentis
400 3374 526 3432 personae
547 3359 688 3417 nrendacia
704 3360 738 3416 de
751 3369 845 3417 nostro
859 3359 930 3416 lideli
949 3360 996 3419 ad·
1085 3367 1263 3422 Gnnrsonrns
1277 3361 1534 3431 episcopusservus
1548 3368 1690 3411 servorum
1706 3350 1771 3418 Dei,
1785 3349 1840 3407 dile

190 3455 294 3528 Ῐΰῑθῑῑθ
314 3455 457 3522 dubiissfflt
477 3454 525 3512 sed
551 3455 638 3527 ”litiis
657 3455 800 3527 nragisque
824 3471 872 3527 1er
894 3455 994 3511 itlessd'd
1049 3461 1101 3518 ctis
1118 3461 1144 3515 in
1160 3457 1267 3515 Clnisto
1282 3454 1346 3512 liliis
1367 3451 1461 3509 Sancti
1485 3447 1625 3506 Benedicti
1648 3445 1795 3504 mortuam
1809 3460 1871 3501 sa-
1933 3473 1938 3480 ·

194 3548 306 3606 veritate
320 3549 513 3615 ecelesiastica,
528 3564 577 3618 pro
590 3546 759 3604 deiendeuda
780 3557 877 3604 vestran
897 3548 995 3604 nobili·
1050 3557 1135 3612 intem
1150 3560 1178 3608 et
1192 3549 1370 3623 apostolicam
1386 3544 1613 3602 benedictionem.

194 3644 259 3698 tatis
272 3640 397 3698 libertate
409 3681 416 3706 ,
430 3641 516 3696 labori
527 3641 585 3711 jam
601 3641 681 3697 citius
698 3641 818 3699 iirricndo
832 3641 995 3710 irrcurnbite;
1087 3645 1268 3711 Audivimus,
1290 3640 1363 3714 (pund
1387 3641 1444 3697 sine
1463 3638 1623 3711 gravissimo
1636 3634 1734 3694 dolore
1759 3634 1941 3692 dicerer!

194 3741 221 3791 0²
246 3748 280 3788 ⁰¹
303 3732 417 3789 ”diem
446 3733 617 3789 ³³⁰⁸¹¹d0¹¹d⁰
646 3748 694 3789 ⁸¹⁰³
720 3743 746 3789 ⁰2
769 3751 881 3806 ⁰⁰tll0r²t
906 3743 996 3792 vestra
1052 3732 1579 3813 nonpossumus,quosdamlromiuesa
1593 3728 1880 3802 Jordanoprtneipe·
1907 3741 1923 3766 ⁶

194 3826 273 3899 quati
302 3840 412 3882 murum
441 3842 489 3898 pro
521 3825 605 3881 domn
631 3827 680 3880 Dei
706 3843 844 3899 opponere
869 3831 995 3901 satagite.
1050 3832 1225 3907 suggestione
1253 3828 1351 3885 diaboli
1379 3828 1492 3895 missos,
1519 3823 1700 3882 secretarium
1727 3826 1927 3879 nmmum!

195 3917 335 3990 Quidquid
356 3918 412 3989 jam
436 3919 464 3972 in
479 3917 587 3974 duobus
606 3918 702 3990 synodi
725 3928 826 3976 nostra
840 3922 996 3977 consentin·
1051 3929 1176 3993 intrasse,
1190 3934 1216 3982 et
1229 3923 1358 3997 quandam
1372 3922 1518 3978 commissa
1535 3919 1611 3975 vobis
1626 3916 1751 3974 inaudita
1764 3923 1926 3973 teme-9

197 4010 282 4069 nibus
294 4011 328 4067 de
338 4026 401 4082 rege
416 4013 451 4065 tt.
467 4010 544 4066 etde
558 4013 593 4066 ll.
609 4018 742 4067 statutum
757 4012 802 4082 sit,
817 4011 949 4085 quidquid
961 4015 996 4071 ibi
1052 4022 1132 4078 ritate
1145 4019 1286 4079 detulisse.
1305 4019 1336 4072 ln
1354 4032 1408 4088 qno
1425 4013 1499 4071 lacto
1517 4014 1611 4069 nimias
1623 4012 1806 4086 negligentiae,
1822 4018 1866 4065 en
1877 4014 1932 4056 9

197 4104 231 4162 de
259 4121 324 4178 9³00
345 4104 532 4161 etcontnrdia
551 4104 626 4177 regui
645 4112 750 4161 etcum
771 4105 935 4178 jummentis
961 4110 997 4166 sit
1051 4117 1151 4174 acriter
1174 4112 1336 4169 ulciscendae
1359 4109 1513 4167 timiditatis
1536 4124 1584 4164 vos
1602 4114 1630 4163 et
1651 4106 1779 4163 abbatem
1804 4119 1876 4159 se-
1905 4114 1920 4123 ·

196 4198 354 4267 diissniiunt,
375 4213 424 4270 per
437 4205 546 4255 nostras
559 4199 662 4255 litteras
679 4206 707 4255 el
730 4215 778 4271 pet·
794 4208 904 4258 nostros
923 4204 997 4276 lega·
1050 4220 1140 4268 strum
1155 4223 1269 4280 arguere
1282 4219 1442 4278 possumus,
1458 4211 1485 4258 et
1505 4202 1613 4276 gravius
1638 4199 1785 4257 adeersum
1803 4212 1877 4254 rog
1905 4208 1928 4232 ⁰

197 4302 252 4361 2⁰⁸2
275 4293 328 4350 ”¹³1
350 4302 423 4349 S⁰P¹⁰
445 4294 516 4365 clitii
540 4293 605 4361 siut,
621 4294 789 4366 apertissime
810 4297 922 4369 potestis
946 4315 995 4355 cn·
1050 4301 1217 4361 commoveri
1248 4299 1430 4364 deberemus,
1458 4297 1511 4354 nisi
1540 4313 1572 4352 ea
1593 4312 1647 4368 qua
1672 4310 1722 4351 vos
1742 4304 1878 4366 semperz
1908 4303 1921 4311 ’

197 4396 395 4460 8¹10800r03ei.
409 4387 430 4443 Si
443 4385 508 4459 quid
518 4384 787 4457 itdhuerefflssltitrit,
797 4392 996 4465 corepiscopos
1049 4397 1182 4453 charitate
1198 4392 1355 4458 dileximus,
1372 4391 1573 4456 detinerentur,
1588 4390 1610 4444 si
1624 4386 1739 4461 quidem
1753 4387 1859 4443 tolcra-

198 4483 351 4539 Μθῑθῐὶδθῐῐῑ
372 4489 400 4538 01
418 4482 579 4554 Papienstffl
594 4490 620 4537 el
642 4480 768 4538 abbatem
784 4489 994 4556 augustensem,
1049 4491 1129 4547 bilius
1151 4487 1230 4543 nobis
1251 4484 1388 4542 videretur
1412 4484 1488 4542 villas
1500 4493 1527 4541 et
1548 4482 1657 4539 casstella
1679 4482 1773 4538 Sancti
1798 4483 1879 4536 Be*
1930 4481 1942 4489 ”

104 4638 108 4651 ι
196 4575 398 4648 quinobiscnm
411 4575 495 4631 linem
512 4575 549 4631 rei
567 4574 748 4647 prestolando
762 4587 915 4645 morantur,
931 4596 995 4635 cum
1049 4583 1149 4640 nedicti
1174 4582 1202 4636 iu
1224 4578 1345 4653 praedam
1369 4588 1396 4636 et
1418 4577 1604 4651 direptionem
1619 4576 1690 4644 dari,
1711 4591 1800 4648 quam
1822 4580 1867 4630 ut

199 4665 234 4723 &d
253 4682 302 4724 νοῦ
319 4668 368 4739 iiiii
385 4669 518 4735 venerint,
532 4668 608 4741 (lilasi
631 4669 660 4724 iu
681 4679 807 4743 promptu
830 4660 934 4728 llssbtlis
947 4689 994 4729 au·
1050 4685 1159 4736 sanctus
1173 4675 1259 4742 locus,
1273 4683 1300 4731 et
1313 4689 1362 4747 per
1377 4681 1474 4737 totam,
1488 4681 1518 4729 ut
1529 4670 1676 4737 credimus,
1692 4654 1932 4726 cbrsuontj

199 4760 269 4817 dire.
284 4762 427 4817 Postremo
440 4760 492 4819 lton
511 4778 559 4820 vos
572 4762 695 4836 ignorare
710 4764 841 4821 nolumus
854 4766 927 4838 quod
942 4783 994 4839 qua
1051 4778 1134 4828 tatem
1171 4768 1291 4826 iarnosus
1320 4776 1346 4823 et
1368 4765 1547 4833 tollerabilis,
1582 4771 1665 4822 tantrc
1690 4762 1887 4837 ignominia
1927 4775 1939 4782 “

201 4853 279 4909 ornni
292 4861 402 4925 oportet
419 4855 561 4924 instantia,
583 4872 646 4912 cum
661 4857 793 4914 orationis
808 4867 911 4916 nostras
926 4862 995 4917 assi·
1051 4863 1170 4938 periculo
1194 4863 1355 4934 subjaceret.
1385 4864 1557 4933 Quapropter
1578 4857 1661 4930 liujus
1686 4855 1915 4913 maneamne>

200 4945 318 5016 ciuitate,
332 4955 390 5002 tum
408 4946 490 5004 oiircii
503 4949 588 5005 nostri
607 4951 750 5022 gravitate,
765 4960 793 5006 et
805 4953 996 5023 prospiciendo
1050 4973 1153 5015 noram
1167 4955 1284 5013 inultam
1303 4969 1435 5010 essenon
1454 4952 1589 5021 iereutcs,
1611 4951 1767 5024 presertim
1788 4950 1907 5007 eunt
1937 4948 1941 4970 ¹

199 5041 354 5107 consulere,
374 5049 401 5096 et
422 5041 587 5098 consulenda
613 5044 765 5114 prospicere
783 5059 853 5100 verm
878 5048 996 5103 necessi·
1052 5051 1143 5108 iocum
1157 5056 1277 5106 vestrum
1293 5046 1423 5103 violatum
1439 5061 1508 5115 esse,
1524 5055 1552 5102 et
1565 5045 1690 5116 exemplo
1716 5043 1800 5116 hujus
1811 5042 1932 5099 iaf

200 5135 249 5189 tati
271 5149 327 5190 non
341 5133 510 5190 dubitamus.
527 5135 736 5193 Audivimusde
752 5144 841 5192 vestro
862 5138 996 5212 arciriepi-
1050 5145 1154 5201 cineris
1177 5141 1315 5199 deteriora
1338 5156 1420 5212 posse
1444 5141 1522 5196 vobis
1546 5139 1710 5211 contingere
1728 5152 1834 5211 perpera

199 5236 312 5299 scopatu
334 5226 569 5300 llagdebnrgensi,
586 5227 797 5301 indisciplinam
811 5232 995 5303 qrrorumdam
1050 5238 1160 5305 dentes,
1176 5235 1358 5292 admonemus
1372 5244 1402 5291 nt
1414 5234 1545 5290 divinum
1561 5232 1683 5290 oiircium
1695 5232 1726 5289 iu
1738 5218 1939 5289 ecuetss

199 5316 323 5393 ejusdem
350 5320 479 5378 Ecclesiae
496 5320 625 5391 illiorum,
641 5338 691 5394 pro
716 5323 882 5395 acquirendo
906 5342 995 5383 saecu-
1050 5330 1127 5388 Beati
1144 5329 1285 5386 Benedicti
1303 5344 1358 5385 non
1377 5327 1493 5394 faciatis,
1509 5326 1557 5385 sed
1570 5326 1664 5383 alteria
1679 5328 1777 5385 emula
1790 5320 1915 5399 quar!
1933 5313 1938 5332 '

199 5412 249 5470 leri
261 5412 356 5471 habitu
371 5414 524 5484 ethonore,
538 5414 665 5472 obortam
680 5414 764 5474 inisse
777 5419 993 5490 contentionem,
1049 5424 1123 5482 intus
1136 5431 1201 5480 snut
1214 5421 1382 5496 detegentes,
1393 5430 1529 5495 quantum
1541 5421 1578 5477 sit
1590 5419 1754 5493 hujusmodi
1768 5420 1851 5477 riola·
1876 5418 1938 5447 Ι

199 5521 269 5582 quos
284 5507 372 5565 modis
391 5508 562 5566 omnibusex
580 5519 715 5583 praecepto
731 5511 782 5568 Dei
799 5513 994 5587 omnipotentis
1049 5516 1133 5574 tionis
1156 5515 1308 5589 periculum
1335 5530 1457 5588 quosque
1481 5530 1646 5588 cognoscere
1672 5512 1795 5572 meiatis.
1823 5511 1852 5571 Si
1884 5478 1938 5535 κ’

198 5609 227 5659 et
239 5603 327 5659 sancti
341 5602 424 5672 Petri,
440 5611 467 5658 et
481 5611 587 5672 nostro,
601 5620 636 5660 ne
653 5604 704 5661 sibi
725 5605 860 5664 inlocum
879 5607 993 5665 damua-
1048 5610 1125 5667 euim
1154 5610 1183 5666 in
1208 5610 1320 5667 ecclesia
1347 5609 1439 5667 Sancti
1472 5610 1544 5666 Petri
1571 5609 1692 5668 hrrnraun
1715 5610 1851 5684 sauguine

197 5695 281 5753 tinnis
292 5697 402 5754 culmen
419 5697 550 5767 arripiant
565 5698 705 5770 regiminis
726 5699 877 5771 prohibete,
893 5709 920 5758 et
933 5704 992 5759 Deo
1046 5712 1170 5776 respersa
1182 5704 1305 5761 divinum
1316 5702 1438 5762 oillcium
1450 5720 1506 5761 uon
1520 5704 1580 5760 sine
1591 5702 1715 5777 diligenti
1726 5703 1851 5760 monaci-

196 5788 309 5860 digunm
325 5788 551 5866 dispensatorem,
569 5801 650 5866 prout
670 5793 717 5866 Jus
740 5792 860 5868 postulat
874 5804 901 5853 et
914 5796 992 5866 erdo,
1047 5797 1158 5854 liatinue
1172 5798 1334 5866 celebratur,
1350 5799 1437 5856 multo
1448 5797 1537 5869 magis
1549 5796 1623 5856 istud
1632 5796 1709 5873 qued
1720 5796 1751 5855 in
1764 5797 1851 5857 eccle-
