3884 6158
162 281 232 337 litt
666 276 712 334 AD
730 208 844 333 oanan
861 275 891 332 S.
908 272 1071 332 aaaaoutt
1088 273 1306 331 seaeuutces.
1746 277 1808 331 llos

161 404 282 461 Eeontra
297 402 402 461 domato
417 399 568 473 apostolico
588 400 692 457 viscera
704 400 824 458 doctoris
838 400 958 475 gerentis
972 401 999 470 Α
1013 400 1066 456 tihi
1077 399 1266 467 manducasti
1282 398 1341 456 Gor.
1366 401 1421 461 xri.
1436 397 1501 465 Sibi,
1517 397 1620 468 inquit,
1635 412 1694 453 non
1711 397 1770 467 tthi,
1782 408 1810 457 nt

160 497 337 569 insubjectus
354 504 513 566 accepturos
523 495 639 551 dicentis
659 513 666 549 :
684 497 852 568 «Tanquam
868 496 892 553 si
906 513 958 551 nu·
1010 492 1179 566 Augustinus
1204 493 1232 548 in
1244 491 1358 563 epistola
1377 492 1486 548 concilii
1501 490 1810 550 othenesiensem

159 591 213 647 trix
226 589 315 645 foreat
329 588 399 645 lilios
423 604 498 656 suos,
523 589 561 646 ita
584 588 773 646 desiderantes
796 606 845 646 tos
859 589 956 661 cupido
1008 587 1104 644 munio
1123 586 1259 643 malornm
1271 602 1326 642 uon
1339 586 1459 641 maculat
1471 585 1592 658 aliquem
1609 585 1810 656 participatione

40 666 47 681 “
158 682 319 739 solebamus
328 683 435 739 tradere
445 682 520 738 vohis
532 698 587 738 non
599 683 689 739 solum
700 684 879 757 Evangelium
892 683 954 750 Dei,
1009 688 1260 749 sacramentomm,
1274 678 1322 736 sed
1341 679 1520 735 consensione
1537 677 1811 737 raetorumrtamst

51 818 58 837 ι
159 775 302 833 sedetiam
314 776 418 833 animas
438 784 568 834 nostras:
590 776 722 850 quoniam
735 777 888 833 charissimi
902 793 956 836 no·
1009 773 1037 829 in
1058 774 1139 832 iactis
1158 774 1237 829 malis
1260 774 1374 836 noueis
1398 772 1513 845 quisque
1536 773 1705 839 consentiat,
1729 780 1812 845 portat

159 869 202 928 his
221 868 302 927 iactis
320 869 431 944 ostioli
455 871 544 929 These.
568 871 614 943 rt).
641 894 654 920 ι
679 873 709 926 Ιιι
730 870 782 927 hac
804 870 955 943 apostolici,
1009 868 1098 924 malus
1118 883 1229 924 causam
1248 882 1326 923 suam
1349 875 1376 922 et
1393 881 1540 938 personam
1554 882 1644 923 suam.
1670 867 1736 923 Non
1754 881 1812 939 pra

158 965 224 1034 site,
261 973 293 1021 ut
332 964 377 1021 ille
416 972 505 1036 putat.
548 964 772 1034 contabescamus,
814 965 881 1034 sive,
927 974 959 1022 ut
1007 960 1113 1035 judicat
1133 960 1212 1017 alteri
1232 976 1313 1033 quem
1329 959 1356 1016 in
1377 961 1559 1017 consensione
1572 959 1639 1016 mali
1665 960 1758 1032 operis
1775 974 1813 1017 so

157 1057 206 1123 illi,
238 1056 392 1114 neeemaria
420 1057 640 1114 consideratione
670 1062 778 1125 (ruat),
803 1073 853 1131 ego
882 1067 956 1128 tuus,
1011 1055 1084 1113 cium
1108 1054 1262 1111 nonhabet
1282 1053 1416 1111 criminis.
1433 1055 1513 1111 Etut
1535 1054 1605 1110 scias
1629 1053 1710 1127 quod
1732 1054 1813 1113 Simo·

156 1149 221 1208 licet
235 1150 358 1208 interiori
373 1165 480 1206 caream
495 1150 632 1218 rationali,
653 1152 747 1207 volens
757 1150 958 1210 tameniunem
1011 1148 1092 1217 niaci,
1117 1147 1191 1222 quod
1215 1146 1444 1205 exeommunicati
1474 1145 1602 1204 nondum
1625 1147 1813 1206 ventilabrum

157 1244 338 1317 apostolicum
354 1244 443 1316 potius
457 1243 533 1316 sequi
548 1260 632 1317 quam
653 1244 772 1311 trahere,
791 1245 885 1301 aedem
901 1249 958 1303 lto-
1011 1242 1127 1315 experti,
1141 1243 1227 1298 latent
1246 1241 1273 1297 in
1294 1241 1427 1311 Ecclesia,
1443 1249 1475 1298 ut
1493 1241 1520 1297 in
1534 1257 1625 1299 messe
1645 1257 1717 1298 oum
1734 1258 1814 1315 grano

157 1352 270 1396 mattam
286 1354 399 1395 veneror
416 1347 447 1394 ut
462 1336 582 1394 tribunal
600 1337 713 1407 Christi,
727 1338 786 1411 ejus
801 1338 958 1410 pontilioent
1012 1336 1101 1410 palea,
1124 1351 1230 1405 omnes,
1248 1351 1317 1409 quos
1342 1335 1496 1393 simoniaca
1518 1335 1615 1409 polluit
1637 1335 1768 1407 haeresis,
1784 1351 1815 1394 aa

157 1440 188 1489 nt
202 1432 353 1489 sacrarium
375 1431 492 1504 Spiritus
506 1431 583 1501 almi,
599 1432 837 1506 ejusamplectens
850 1431 959 1491 decreta
1012 1430 1148 1489 εειιιειιιίιι
1174 1429 1302 1503 principis
1322 1429 1510 1502 apostolorum
1541 1429 1679 1496 damuati,
1714 1429 1815 1489 dicente

158 1533 190 1583 ut
202 1526 320 1583 caelestis
331 1525 416 1583 cunae
427 1525 528 1584 edicta.
1012 1522 1095 1582 beato
1106 1524 1216 1583 Gelasio
1233 1542 1240 1581 ε
1258 1522 1361 1580 ιΙᾱειιι
1376 1523 1531 1596 ipaeerror,
1544 1524 1591 1596 qui
1601 1524 1690 1581 semel
1701 1532 1743 1581 est
1754 1540 1814 1582 eura

61 1646 70 1667 .
193 1619 311 1692 inquiris
331 1629 495 1693 praetereas
520 1635 575 1691 me,
596 1629 628 1677 nt
641 1620 682 1678 tui
696 1636 792 1679 rursus
810 1620 894 1679 rerba
908 1636 957 1695 po·
1012 1633 1064 1676 suo
1084 1627 1198 1675 auctore
1214 1617 1373 1685 damnatus,
1388 1617 1415 1673 in
1435 1616 1564 1689 participo
1586 1616 1718 1691 quolibet
1731 1632 1814 1692 prata

92 1704 96 1713 “
156 1730 232 1780 nant,
247 1712 314 1787 quid
336 1729 387 1787 ego
401 1713 521 1771 sentiam
536 1714 570 1771 de
584 1713 957 1773 coniectionesacramento·
1011 1710 1218 1770 communionis
1240 1709 1340 1769 allecto
1361 1711 1579 1768 exsecrationem
1603 1712 1650 1768 sni
1677 1718 1814 1785 ρεειειει

155 1823 218 1865 rum
239 1823 255 1864 a
278 1807 452 1878 simoniacis,
470 1823 519 1864 sen
543 1822 559 1862 a
582 1807 748 1880 quibuslibet
774 1808 959 1865 exeommuni·
1013 1820 1134 1877 poenam.
1149 1827 1162 1853 a
1182 1808 1274 1861 ltem:
1296 1807 1381 1861 «Nec
1398 1803 1514 1861 dubium
1529 1802 1607 1877 qnod
1621 1805 1699 1861 aient
1714 1805 1813 1863 inune

155 1902 222 1958 catis
236 1900 837 1974 usurpatorumquippesicareantveritate.
852 1902 958 1960 Stultus
1013 1914 1120 1973 quaque
1140 1897 1249 1967 haeresi,
1268 1896 1343 1970 quod
1360 1897 1558 1955 mcessabiliter
1570 1898 1758 1971 repetendum
1768 1906 1812 1969 est,

155 1994 236 2068 igitur
250 1993 523 2051 nonstultcohedio.
536 1994 632 2051 Dicam
645 1994 831 2067 qnodsentio.
1012 1991 1076 2065 quia
1114 1992 1228 2048 firmum
1262 2007 1322 2049 esse
1356 1990 1448 2048 nullus
1480 1990 1600 2065 ambigit
1636 1991 1810 2063 Christianae,

190 2087 364 2145 Simoniacus
381 2095 434 2156 est,
446 2085 492 2158 qui
507 2087 667 2158 temporalis
686 2087 754 2144 lucri
772 2087 860 2162 graba
873 2088 958 2146 ecclo-
1011 2100 1107 2143 omnes
1128 2086 1288 2158 complices,
1306 2093 1464 2155 sectatores,
1477 2085 1812 2146 communicatorum

154 2180 278 2237 aiasncos
297 2179 416 2237 honores
430 2180 656 2253 qualitercunque
679 2180 720 2238 tel
735 2183 813 2251 emit,
827 2181 869 2239 rel
889 2197 957 2241 ren·
1010 2188 1083 2238 natae
1096 2180 1181 2237 semol
1196 2178 1335 2253 pravitatis
1357 2178 1416 2254 pari
1427 2187 1503 2237 sorte
1516 2187 1683 2238 censentur.
1698 2203 1714 2231 ι

155 2272 204 2330 dit.
219 2275 327 2330 Horum
342 2272 398 2341 alii,
418 2272 482 2330 licet
495 2273 621 2342 ordinati,
643 2282 740 2331 carent
758 2283 852 2333 maren
872 2275 958 2334 ecele-
1047 2275 1160 2342 Omnes,
1180 2274 1247 2343 seio,
1268 2274 1488 2347 praesumptuosi,
1503 2281 1813 2346 transgressoresesss·

154 2366 266 2424 siastico
277 2365 382 2423 honore
394 2382 508 2439 quoma
530 2367 607 2424 nullo
619 2377 792 2440 acceperant.
813 2368 866 2425 Alii
878 2385 957 2444 regu-
1009 2383 1078 2426 num
1089 2376 1155 2425 sunt
1167 2367 1398 2436 anathematizati,
1419 2366 1556 2426 scribente
1569 2369 1601 2425 S.
1626 2367 1765 2444 Gregorio
1780 2366 1812 2429 el

155 2459 247 2517 lariter
266 2459 397 2531 ordinati,
420 2461 482 2518 lieet
504 2461 684 2533 postmodum
711 2461 859 2520 Simoniani
877 2462 954 2532 lacti,
1009 2462 1165 2520 Gallicanos
1180 2462 1346 2535 episcopos:
1363 2484 1377 2512 e
1398 2461 1497 2521 Omnia
1518 2477 1581 2535 quae
1592 2463 1701 2521 sanctis
1713 2462 1811 2522 moti·

155 2552 258 2611 habent
283 2562 374 2611 nmen
398 2554 488 2612 adhuc
516 2555 626 2612 ordines
648 2571 719 2629 qnos
747 2556 884 2629 publicata
905 2572 955 2615 sua
1008 2554 1061 2613 bus
1077 2553 1406 2613 suntadrersadistricte
1424 2554 1477 2613 suh
1493 2555 1803 2630 anathematismum

154 2645 254 2704 haeresi
273 2647 398 2704 nondum
416 2647 575 2704 amiserant.
591 2648 765 2707 inordinatos
779 2658 871 2708 autem
885 2649 954 2708 diei·
1007 2648 1106 2706 sitione
1120 2649 1299 2707 damnentur.
1314 2672 1328 2699 e
1341 2648 1395 2706 Sed
1418 2649 1458 2719 hi,
1476 2648 1603 2721 inquam,
1623 2650 1809 2721 etrsioaotsati¹

154 2755 216 2797 mus
237 2740 284 2812 qui
304 2740 420 2799 ordinati
445 2750 511 2798 sunt
537 2758 553 2798 a
575 2741 730 2800 simoniaco
748 2743 795 2817 qui
816 2743 885 2801 nihil
914 2744 953 2803 eis
1007 2740 1151 2800 evidenter
1160 2751 1254 2801 tamen
1262 2741 1392 2799 nondum
1402 2743 1430 2799 in
1440 2742 1810 2817 bactransgressionedersr·

152 2833 243 2905 potuit
261 2832 343 2904 dare,
365 2834 407 2891 tel
426 2835 472 2906 qui
503 2850 554 2908 per
573 2837 716 2908 pecuniam
746 2845 795 2895 aut
816 2839 954 2895 interven-
1006 2834 1077 2906 dati,
1091 2835 1204 2904 babent,
1219 2834 1413 2907 utcredimus,
1422 2836 1456 2894 de
1471 2845 1597 2894 materna
1612 2838 1808 2913 Ecclesiam

151 2935 212 2983 tum
222 2928 459 3001 seculansgtetiae
473 2929 593 2987 ordinati
607 2932 952 3003 suntanonSimoniaoo,
1008 2929 1045 2986 tia
1067 2938 1095 2986 et
1112 2930 1269 3001 sanctitate,
1284 2929 1416 2989 adversus
1437 2946 1521 3005 quam
1547 2947 1601 2988 nec
1622 2930 1809 3005 permirari

151 3036 235 3095 aquo
248 3021 317 3078 nihil
332 3038 379 3095 per
397 3023 567 3096 emptionem
582 3026 850 3098 poterantaocipere
872 3024 954 3085 Ordi-
983 3023 1197 3118 prevalebunt
1210 3027 1318 3092 (Μαιιι.
1333 3028 1422 3092 avil:
1438 3024 1491 3081 sub
1504 3024 1585 3098 eujus
1598 3026 1675 3083 alis·
1665 3043 1698 3083 tn
1711 3040 1809 3101 apers-

150 3127 231 3173 natos
251 3126 345 3174 autem
365 3126 503 3175 ettamen
524 3119 698 3177 Simoniacos
712 3121 882 3193 appellamus
903 3119 951 3193 qui
968 3166 992 3232 c
983 3092 1061 3174 nias
1087 3117 1178 3175 adbuc
1199 3117 1296 3186 latent,
1318 3125 1349 3175 ut
1369 3127 1541 3175 moramenta
1570 3118 1702 3192 eiusdem
1720 3118 1808 3178 mans

151 3218 214 3282 post
236 3220 363 3283 acceptos
390 3227 406 3269 a
427 3212 527 3285 quibus
547 3219 576 3270 et
597 3221 629 3271 ut
659 3213 812 3271 debuerant
831 3213 952 3283 ordines,
1008 3209 1163 3282 confidant,
1184 3210 1264 3284 cujus
1279 3212 1399 3270 necdum
1412 3211 1460 3270 lilii
1473 3227 1533 3270 esse
1554 3214 1670 3286 publice
1687 3213 1806 3288 perdede-

150 3304 287 3362 Ecclesiae
311 3305 351 3362 rel
380 3304 429 3361 alia
456 3322 518 3379 quae
544 3307 699 3365 Simoniaca
720 3306 804 3365 suasit
823 3307 953 3376 haeresis,
1008 3312 1083 3361 rant.

148 3406 273 3454 emerant
285 3399 328 3457 tel
347 3398 536 3457 vendiderant.
554 3399 609 3458 Sed
621 3402 735 3473 priores,
751 3416 821 3474 quos
834 3402 954 3461 diximus
1045 3397 1098 3456 Sed
1108 3397 1178 3457 dicis
1194 3399 1360 3471 :Quomodo
1372 3398 1520 3459 confident
1529 3415 1635 3474 eorpus
1647 3400 1751 3461 Christi
1762 3399 1802 3477 qai

149 3489 300 3562 ordinatos,
320 3492 395 3549 nullo
415 3493 501 3551 modo
529 3494 676 3552 conficient
698 3504 879 3567 sacramenta,
899 3495 953 3553 nisi
1007 3507 1057 3566 per
1070 3491 1210 3563 haeresim,
1224 3509 1273 3552 seu
1288 3509 1337 3567 per
1350 3493 1484 3552 meritum
1496 3493 1699 3564 anathematis,
1713 3511 1745 3555 se
1761 3493 1802 3554 dt·

148 3592 213 3656 post
225 3583 441 3644 satisfactionem
455 3587 602 3659 episcopali
619 3589 783 3647 auctoritate
802 3589 952 3648 admittan·
1008 3586 1234 3645 membranarum
1263 3603 1278 3644 a
1299 3602 1414 3661 corpore
1435 3587 1559 3647 Christi?
1580 3588 1802 3663 Respondeant:

149 3684 203 3732 tur.
224 3679 273 3733 lsti
296 3679 472 3749 posteriores,
495 3680 525 3736 id
545 3689 589 3737 eet
601 3681 719 3738 ordinati
745 3690 772 3739 et
792 3684 952 3754 simoniaci,
1006 3682 1023 3737 J
1026 3679 1093 3738 udas
1106 3696 1178 3738 unus
1192 3696 1226 3738 ex
1239 3680 1385 3739 duodecim
1400 3690 1469 3750 erat,
1484 3681 1615 3740 mindam
1628 3698 1697 3740 oum
1709 3684 1749 3742 e'n
1760 3697 1803 3757 ps·

148 3784 205 3825 non
228 3769 376 3828 conficient
390 3771 482 3845 (1022)
497 3772 544 3845 qui
564 3771 702 3831 manifesti
723 3783 797 3843 sunt,
817 3777 870 3834 nisi
887 3794 953 3835 con·
1006 3781 1134 3831 testmem
1153 3775 1288 3833 miracula
1314 3773 1432 3833 faciendi
1446 3775 1575 3834 hahebat.
1592 3779 1629 3834 Et
1641 3776 1803 3848 quomrislr·

148 3868 296 3923 rortantnr.
324 3863 394 3934 Quia
413 3879 477 3920 vero
498 3873 589 3922 matre
612 3867 733 3924 Ecclesia
762 3884 826 3926 oum
839 3870 951 3928 Christo
1006 3867 1083 3925 culos
1097 3876 1212 3941 portans
1240 3867 1286 3926 tur
1306 3877 1378 3926 esset
1390 3873 1476 3937 (locu.
1493 3873 1553 3937 ιιι)
1577 3888 1585 3927 :
1607 3878 1705 3929 nmen
1717 3870 1803 3945 quus

147 3953 277 4025 capitem
298 3971 385 4013 uuum
407 3971 506 4028 corpus
525 3957 612 4027 unita,
628 3958 747 4016 filiorum
761 3969 804 4017 εει
822 3963 950 4022 Ecclesia
1005 3976 1055 4033 par
1074 3970 1136 4019 erat
1161 3963 1191 4019 in
1204 3962 1299 4035 signis,
1322 3963 1528 4036 pervidebatur
1550 3971 1580 4020 et
1600 3962 1719 4022 meritis.
1739 3969 1803 4023 Ans

147 4062 205 4103 non
226 4048 276 4106 nisi
290 4048 326 4106 de
343 4049 520 4107 sacramentis
537 4051 652 4118 Christi,
673 4060 702 4108 et
716 4053 862 4122 Ecclesiae
887 4071 950 4128 pro-
1004 4054 1100 4113 oculos
1112 4056 1215 4129 qnippe
1228 4056 1373 4115 hominnm
1388 4057 1415 4115 in
1433 4056 1635 4116 miraculorum
1647 4056 1800 4133 turgotum.

146 4156 221 4213 pono
254 4143 326 4200 mihi
352 4143 587 4217 distinguendum,
615 4147 778 4204 auctoritate
815 4147 949 4208 catholica
1003 4148 1089 4220 Petri,
1103 4148 1233 4219 Androm,
1255 4150 1349 4209 Jacohi
1370 4160 1398 4208 ot
1418 4149 1535 4209 loannis
1548 4160 1612 4209 orat
1626 4151 1802 4218 sodmurtte

144 4235 331 4308 probandum,
353 4237 419 4311 quid
442 4239 477 4296 de
495 4239 669 4312 Simoniaeia,
698 4249 727 4299 et
758 4243 947 4302 exeommuni-
1004 4241 1063 4312 eius
1084 4250 1177 4300 autem
1195 4244 1291 4301 oculos
1313 4243 1357 4302 eui
1376 4259 1433 4302 non
1452 4253 1514 4302 erat
1532 4260 1605 4317 opus
1618 4253 1652 4304 ut
1675 4242 1737 4320 quis
1755 4241 1802 4301 sihi

145 4328 212 4386 eatis
230 4328 326 4389 eadem
347 4330 399 4388 sihi
419 4340 592 4391 sacramenta
612 4333 831 4407 condecentibus,
855 4336 892 4395 sit
910 4345 949 4395 te
1002 4335 1193 4393 testimonium
1209 4336 1365 4409 perhiberet
1378 4336 1548 4406 dommine,
1561 4339 1627 4410 quia
1641 4361 1655 4388 ι
1668 4338 1730 4413 ipss
1741 4337 1801 4396 seis-

146 4423 279 4481 nendum.
999 4427 1377 4502 batquidessetinhomine
1394 4434 1482 4500 (tona.
1497 4436 1533 4499 tt)
1554 4452 1580 4501 ι,
1596 4431 1800 4491 orattlisholts.

181 4523 272 4586 (toro)
291 4519 464 4579 simoniacos
483 4521 568 4595 igitur
592 4526 621 4578 et
644 4523 897 4581 excommunicatos
920 4523 950 4582 in
962 4528 988 4594 Ι)
1002 4521 1116 4579 Dictum
1131 4530 1173 4579 est
1186 4523 1261 4580 enim
1274 4521 1310 4582 de
1324 4540 1376 4583 eo:
1394 4526 1518 4583 «lionae
1530 4540 1581 4600 ego
1596 4524 1802 4584 vosduodoa'n

145 4606 201 4665 duo
213 4608 371 4670 dividimus.
396 4613 452 4671 Alii
471 4630 569 4672 eornm
587 4629 708 4687 qnorum
731 4615 806 4673 aelus
819 4615 952 4693 innotuit;
1008 4615 1089 4690 elegi,
1105 4624 1132 4674 et
1152 4632 1223 4675 unus
1236 4633 1271 4675 er
1285 4617 1364 4676 robis
1383 4600 1511 4676 diabolus
1532 4620 1595 4690 est?
1611 4640 1625 4669 e
1645 4623 1736 4688 (iem.
1750 4619 1802 4685 ιι.)

146 4698 193 4755 alii
220 4701 278 4773 qui,
300 4703 352 4760 etsi
374 4707 506 4774 accusati,
530 4708 581 4765 etei
602 4709 708 4767 macula
723 4709 885 4783 suspicionis
908 4727 954 4769 re·
1007 4709 1074 4767 ideo
1103 4711 1198 4784 utique
1217 4709 1352 4782 diabolus,
1371 4711 1436 4784 quia
1450 4710 1560 4768 dualem
1576 4710 1706 4785 spirabat
1717 4726 1801 4786 spem,

144 4793 243 4866 sparsi,
265 4794 386 4854 necdum
410 4805 505 4856 umen
528 4800 705 4860 manifestati.
734 4805 850 4863 illorum
877 4819 943 4864 vero
1000 4819 1060 4861 esse
1073 4804 1200 4862 videlicet
1216 4813 1244 4862 ει
1263 4803 1390 4862 venditor
1403 4805 1517 4862 Domini
1531 4813 1560 4862 et
1577 4803 1734 4880 discipulus
1747 4808 1801 4863 Ds-

50 4910 55 4917 ·
144 4902 264 4962 quorum
279 4887 355 4946 naias
371 4898 455 4962 patet,
467 4892 522 4960 alii,
539 4894 659 4953 necdum
669 4897 812 4971 injudicio
823 4915 942 4973 praesen·
998 4896 1075 4955 mini.
1092 4897 1146 4956 Sed
1170 4914 1235 4956 eum
1253 4899 1313 4972 jam
1334 4898 1465 4972 nequitiae
1487 4914 1545 4957 suae
1564 4899 1687 4972 pretium
1705 4895 1800 4958 rendili

143 4982 204 5047 tati,
216 4980 262 5039 alii
280 4981 390 5055 publico
405 4984 532 5044 &desios
548 4987 656 5059 judicio
679 4990 810 5050 damnati.
832 4994 876 5051 ab
890 4995 942 5053 illis
998 4991 1114 5049 Domim
1136 4992 1318 5064 promitteret,
1332 5008 1397 5049 eum
1410 4993 1466 5066 jem
1490 4993 1734 5066 opportunitatem
1747 5001 1800 5051 trs·

143 5075 226 5150 igitur
249 5090 368 5149 quorum
380 5076 468 5134 sceltts
481 5077 571 5138 adbuc
594 5082 706 5139 oculum
721 5083 842 5142 hominis
861 5087 940 5157 latet,
997 5085 1080 5143 doadi
1092 5101 1156 5143 eum
1169 5092 1304 5158 quaereret
1318 5087 1427 5158 lllottt.
1449 5100 1542 5156 xar13
1566 5087 1632 5144 Euo.
1664 5085 1800 5157 nertio

143 5168 281 5228 oredimus
309 5185 389 5243 posse
407 5170 505 5228 conlici
529 5184 697 5233 sacramenta
724 5177 862 5235 Ecclesia.
888 5180 942 5239 Sed
997 5177 1052 5237 hoc
1074 5177 1204 5236 barathro
1224 5178 1402 5236 scelerisnon
1415 5178 1508 5236 minua
1525 5194 1592 5237 usus
1605 5187 1650 5237 est
1666 5187 1800 5253 potestate

142 5265 268 5338 quamvis
281 5280 333 5323 nos
351 5264 448 5339 juvent
466 5280 513 5337 per
526 5264 620 5337 iidem,
645 5268 705 5326 illos
725 5269 856 5329 damnant
880 5289 942 5345 pro-
999 5271 1158 5344 apostolica,
1178 5280 1206 5329 ot
1222 5271 1273 5329 hac
1286 5271 1392 5339 tandiu,
1409 5271 1608 5331 doneoaudito
1623 5292 1631 5329 :
1648 5293 1663 5324 ι
1678 5270 1800 5347 quodia-

142 5364 203 5428 ptcr
216 5357 460 5431 praeumptionem
476 5378 483 5415 :
498 5358 645 5426 iudicium,
665 5360 758 5436 inquit
778 5365 939 5437 Apostolus,
998 5365 1047 5436 eis,
1065 5364 1107 5424 lae
1128 5366 1220 5435 citius,
1234 5366 1316 5425 exirit
1328 5370 1429 5437 taos·
1450 5369 1520 5425 Erat
1540 5366 1619 5427 enim
1635 5382 1696 5428 nox
1714 5371 1797 5440 (inm

178 5541 270 5606 (1021)
291 5539 349 5595 Hoc
362 5539 493 5598 catholieo
541 5542 682 5608 orcanae,
698 5547 728 5600 sit
750 5562 804 5617 qao
827 5552 942 5621 scriptor
998 5553 1150 5606 emturum
1163 5551 1489 5622 oudmturAapttett'ntss,
1503 5551 1693 5625 ecuqmlid.
1707 5554 1747 5611 lle
1760 5552 1797 5609 ls-

141 5626 174 5667 ea
182 5612 278 5681 (ponit)
293 5626 353 5680 quoe
364 5614 394 5666 itt
403 5617 522 5686 aposto
510 5629 580 5670 mum
586 5616 689 5686 peremi
732 5562 767 5681 t?
767 5634 820 5674 nott
831 5636 866 5677 ea
877 5636 940 5692 sco,
994 5623 1099 5695 ptismo
1112 5626 1206 5678 eontra
1215 5625 1372 5680 maathica
1387 5622 1522 5692 callipiltsr
1534 5627 1591 5679 sam
1604 5625 1796 5689 οιιιιωιιειιεε

140 5683 190 5739 sed
204 5698 237 5737 ec
250 5683 481 5740 scismaticorum
492 5701 607 5758 parem
624 5703 654 5743 re
697 5690 939 5750 isaemoastrotsr.
1052 5693 1477 5778 mbapttemoectrailccleeiorn
1487 5694 1796 5771 monumentor.

191 5757 269 5817 1022)
286 5754 317 5808 ln
331 5769 384 5809 ms
396 5763 438 5810 est
452 5701 543 5811 hiem
511 5756 645 5815 lacnuula.
1008 5766 1286 5837 torpescentem
1295 5766 1416 5831 habenti
1429 5764 1615 5836 ΜΝ.

190 5828 271 5892 tots)
283 5827 321 5881 De
333 5830 506 5884 memoratis
517 5829 702 5891 barcusorum
718 5833 775 5891 sios
786 5849 940 5898 masas·
