3884 6158
140 248 188 338 art
481 276 511 329 s,
532 250 692 329 carnemt
711 272 755 327 ru
775 268 873 324 trans
891 258 1029 322 uruntm
1048 268 1135 323 raas
1154 268 1230 323 1.—
1248 231 1448 325 aecrsmmt.

1707 298 1711 303 ·
1735 270 1791 324 bl2

141 404 233 462 veritis
247 422 254 459 :
269 402 364 476 quales
376 414 428 456 nos
446 397 534 454 adhuc
546 395 731 453 anathematis
743 394 862 450 vinculis
873 391 932 449 alli·
947 395 975 457 A
988 393 1053 461 rint,
1070 401 1160 451 vestra
1185 393 1323 467 vigilantia
1342 402 1369 450 et
1385 393 1480 450 labore
1508 392 1698 450 conferantur.
1714 393 1792 449 Prac-

140 514 205 571 gare
225 495 350 569 synodali
367 491 466 565 judicio
484 506 532 561 per
549 489 748 546 discretionem
767 487 935 544 distulimus.

141 594 227 665 Super
239 590 282 644 his
295 587 380 660 igitur
386 584 555 642 consulimus
567 592 650 655 atque
661 583 805 639 hortamur
818 589 849 637 ut
863 596 937 637 nunc

141 702 191 759 pro
213 693 337 754 tempore
361 680 527 736 canonicum
544 679 665 750 rigorem
689 684 778 732 restra
804 673 936 747 sapientia

140 783 283 848 temperet,
298 783 381 847 atque
397 774 448 830 hac
462 772 798 843 turbationistempestate
809 769 937 842 quaedam

141 870 288 943 parcendo,
300 865 653 931 nonnulladissimulando,
668 866 707 920 ita
720 862 829 920 studeat
844 861 938 919 mode·

141 965 208 1032 rari,
224 971 320 1020 utnon
329 978 363 1018 ex
375 960 520 1017 severitate
531 959 645 1031 justitiae
661 957 844 1014 deteriorandi
859 973 938 1013 occa-

141 1057 249 1115 sionem
263 1064 384 1123 sumant,
395 1052 454 1122 sed,
469 1068 602 1124 suspenso
613 1067 686 1108 nunc
692 1050 804 1124 judicio,
818 1050 938 1123 spatium

141 1148 355 1223 recognoscendi
369 1148 528 1219 aequitatem
548 1146 692 1211 habentes,
707 1143 884 1216 postmodum
900 1142 939 1199 la-

141 1244 221 1300 cilius
235 1241 413 1314 acquiescant
429 1258 437 1295 ε
452 1248 483 1297 ut
497 1240 612 1297 demum
634 1240 722 1295 ineos
735 1235 939 1309 tranquillitatis

141 1346 278 1409 tempore,
292 1334 377 1408 quod,
391 1337 451 1391 Deo
465 1342 616 1401 aunuente,
629 1333 684 1389 cito
699 1332 823 1389 luturum
848 1346 939 1403 spera·

142 1447 217 1499 mus,
238 1430 265 1487 id
279 1428 354 1500 quod
377 1444 451 1485 nunc
473 1428 630 1500 apostolicae
654 1427 726 1483 sedis
740 1425 868 1483 discretio
892 1440 938 1497 pa-

142 1525 242 1581 tienter
251 1522 357 1594 diiiert,
375 1522 484 1596 justitia
494 1522 627 1578 dirimens
642 1520 677 1579 ad
691 1529 793 1581 statum
806 1536 888 1577 suum
898 1534 939 1575 re·

143 1626 257 1675 stauret.
573 1637 575 1640 ·

417 1742 595 1802 EPISTOLA
614 1744 661 1799 vt.

310 1895 352 1936 an
372 1894 518 1937 ansarsu
537 1891 770 1936 uasstutnrsssu.

445 1999 539 2063 (Anno
559 1995 648 2064 lost.)

990 497 1073 556 terea,
1100 489 1208 560 quoties
1228 504 1324 545 eorum
1347 496 1469 544 rectores
1495 487 1622 553 obierint,
1648 486 1731 544 vestri
1755 486 1793 542 sit

989 582 1072 639 studii
1091 583 1160 639 elios
1180 599 1245 639 cum
1272 598 1406 638 consensu
1427 581 1641 653 probabiliorum
1668 578 1793 636 fratrum

991 675 1025 732 de
1043 677 1141 733 eadem
1153 677 1373 749 congregatione,
1388 675 1485 732 silleri
1500 682 1604 748 potcst;
1618 674 1660 729 sin
1684 682 1791 739 autem,

990 770 1101 827 aliunde
1117 768 1270 827 secundum
1289 774 1380 827 Deum
1402 778 1429 825 et
1444 769 1566 840 regulam
1594 767 1679 823 saneti
1698 770 1793 823 Bene-

991 865 1055 922 dicti
1080 865 1191 921 ahbates
1214 863 1314 935 eligere
1340 863 1431 935 ibique
1456 863 1634 931 substituere,
1657 875 1730 934 quos
1754 861 1790 917 ab

992 1050 1055 1109 sede
1077 1051 1333 1109 excommunicatus
1354 1052 1394 1107 rel
1420 1051 1584 1107 simoniaca
1599 1049 1793 1105 haereseosin-

991 1146 1073 1202 santia
1089 1155 1199 1202 notatus
1221 1161 1280 1201 non
1303 1144 1365 1213 erit,
1382 1144 1550 1201 ordinandos
1568 1143 1752 1199 decrevimus.
1765 1141 1794 1198 Si

992 1256 1056 1296 rero
1076 1240 1193 1297 alterum
1217 1239 1316 1295 horum
1344 1239 1492 1307 obstiterit,
1522 1236 1637 1294 abbaso
1660 1239 1793 1293 Romano

992 1334 1121 1406 pontifice
1147 1350 1225 1390 suam
1249 1333 1485 1390 consecrationem
1510 1339 1658 1403 exspectet,
1681 1340 1731 1386 aut
1757 1329 1794 1386 ad

992 1444 1184 1501 quemcunque
1223 1428 1382 1499 episcopum
1410 1427 1455 1482 ille
1485 1425 1646 1498 praeceperit
1678 1440 1794 1497 pergere

993 1539 1042 1595 prc
1058 1524 1100 1579 sui
1115 1522 1287 1579 ordinatione
1305 1521 1445 1577 licentiam
1460 1520 1580 1595 habeat:
1602 1519 1680 1590 cujus
1693 1518 1794 1575 nibilo-

992 1616 1083 1672 minus
1102 1616 1207 1672 abbatis
1229 1631 1321 1672 mores
1344 1624 1372 1671 et
1386 1615 1469 1670 vium
1483 1614 1553 1671 sicut
1569 1623 1599 1669 et
1615 1611 1795 1669 subditorum

992 1728 1109 1767 suorum
1131 1711 1274 1777 discutere,
1303 1724 1483 1781 excessusque
1508 1707 1659 1781 corrigere,
1695 1714 1796 1763 restrae

958 1813 982 1875 Β
995 1805 1171 1878 potissimum
1189 1803 1368 1877 providentiae
1380 1803 1516 1859 attinebit.
1541 1800 1621 1873 Quod
1642 1802 1667 1857 si
1680 1799 1755 1857 sorte
1769 1800 1796 1855 in

994 1900 1107 1972 aliquod
1121 1899 1228 1954 crimen
1248 1897 1419 1969 depositione
1440 1897 1555 1969 dignum
1577 1895 1663 1952 fuerit
1678 1894 1794 1975 lapsus,

995 2002 1118 2049 vestrum
1141 1993 1192 2048 erit
1213 1991 1247 2048 ad
1269 1991 1447 2063 apostolicam
1470 1989 1641 2047 audientiam
1667 1987 1796 2057 deferre,

147 2111 327 2179 Qtrorumdaru
351 2112 584 2171 tucatrsterabrum,
609 2124 668 2180 «puae
686 2110 736 2163 stab
756 2106 943 2164 Romauae'Ec-
995 2095 1129 2159 (1111111115
1143 2095 1190 2141 ³¹¹¹
1203 2085 1244 2141 ¹¹50
1265 2084 1452 2141 damnaiiffllis
1476 2100 1533 2140 ⁸¹¹ae
1557 2082 1726 2140 ⁵⁰¹¹²0¹¹fi³¹¹¹
1749 2098 1798 2155 W

181 2183 265 2237 clesioe
282 2182 370 2236 tuicio
383 2183 530 2237 corstitutc
544 2188 617 2243 merel,
635 2196 729 2234 eurum
743 2182 781 2234 cis
790 2180 942 2233 committit.
995 2182 1156 2236 Romanum
1170 2179 1327 2251 pontificem
1344 2178 1469 2252 excipiat,
1490 2178 1595 2251 auther
1613 2175 1799 2250 apostolicum

180 2256 235 2310 Μ
249 2253 556 2337 Ῑαῳὶωῗωνῳθῗθηᾴῗ
567 2251 702 2349 ‘Milium
720 2253 757 2351 “si
775 2251 869 2351 “idem
888 2265 944 2303 '⁷²⁰'
995 2274 1117 2347 legatum
1131 2274 1166 2330 ad
1193 2273 1219 2329 id
1235 2272 1416 2346 peragendum
1433 2273 1504 2329 serio
1532 2272 1660 2340 missum,
1680 2270 1798 2344 dignum

100 2396 103 2401 .
181 2328 447 2396 temtereepcrhaeus
461 2325 495 2378 ub
505 2325 568 2379 uleus
581 2327 681 2394 rmuste
697 2323 841 2377 detinetur.
998 2368 1053 2424 suis
1067 2367 1175 2424 metius
1186 2366 1317 2439 judicium
1331 2366 1428 2423 subeat

182 2463 359 2520 (insecutus
380 2462 536 2533 episcopus,
557 2476 652 2517 servus
669 2476 811 2516 servorum
827 2459 887 2525 Dei,
902 2458 943 2515 di·
1033 2462 1186 2519 statuimus
1200 2461 1283 2517 etiam
1301 2469 1332 2517 ut
1354 2460 1489 2534 quidquid
1504 2459 1647 2517 adeadem
1657 2468 1799 2516 monaste·

146 2558 217 2614 lecto
230 2556 620 2613 inchristoiiliultrcnanao
632 2563 733 2609 sanctae
747 2556 882 2609 Romanae
897 2555 944 2608 Ec
998 2556 1038 2612 ria
1062 2555 1196 2626 pertinere
1220 2554 1404 2626 cognoscitur,
1429 2554 1503 2610 siah
1526 2553 1661 2626 aliquibus
1688 2553 1799 2610 irratio·

146 2648 238 2706 clesiae
251 2649 397 2716 cardinali,
412 2648 547 2704 sacerdoti
562 2655 644 2719 atque
658 2646 751 2703 abbati
766 2646 942 2714 Massiliensi,
997 2649 1125 2705 nobiliter
1136 2648 1287 2718 detinetur;
1300 2665 1332 2704 ex
1357 2648 1409 2705 hac
1423 2657 1519 2705 nostra
1538 2649 1700 2705 auctoritate
1715 2663 1800 2719 repe·

146 2743 256 2814 suisque
279 2741 483 2798 suecessoribus
509 2741 672 2813 regulariter
695 2738 893 2814 promovendis
916 2741 944 2795 in
999 2742 1074 2798 tendi
1084 2742 1264 2816 exigendique
1274 2758 1305 2798 ae
1320 2741 1474 2799 vindicandi
1487 2742 1612 2798 habeatis
1627 2758 1675 2814 per
1689 2739 1797 2809 omnia,

86 2850 92 2857 ·
146 2844 321 2909 perpetuum,
332 2843 384 2891 etc.
999 2839 1058 2892 Deo
1067 2837 1189 2909 jtrvante,
1202 2836 1356 2905 licentiam,
1370 2836 1435 2908 quia
1450 2835 1565 2909 dignum
1579 2843 1621 2891 est
1634 2843 1665 2890 ut
1675 2850 1800 2906 quorum

181 2929 261 2985 Licet
272 2928 415 3000 apostolici
430 2944 481 2984 uos
495 2928 580 2999 apicis
599 2944 663 2983 eura
679 2944 729 3000 prc
743 2929 851 2984 cunctis
866 2942 945 3000 genc-
999 2946 1093 2986 curam
1123 2930 1217 3003 geritis
1249 2930 1331 2986 rebus
1358 2929 1434 2985 nullo
1461 2929 1545 2986 modo
1583 2928 1799 2985 defraudemini.

149 3021 242 3079 raliter
262 3020 392 3077 Ecclesiis
412 3020 539 3091 vigilare,
559 3037 591 3076 ac
604 3036 655 3091 pro
669 3021 795 3077 omnium
814 3028 886 3076 statu
900 3020 942 3075 rel
997 3023 1114 3080 Praeiatc
1129 3024 1211 3096 igitur
1224 3023 1307 3080 mcdc
1320 3032 1423 3094 trostrtc
1438 3021 1612 3095 providentiae
1627 3038 1660 3078 ac
1681 3020 1801 3094 disposi-

147 3115 322 3187 reperatione
351 3114 483 3170 sollicitos
505 3129 564 3169 esse
590 3113 747 3181 admoueat,
772 3113 825 3169 illis
850 3122 943 3169 tamen
997 3116 1079 3173 tionis
1090 3116 1305 3173 vicissitudinem
1331 3117 1403 3173 circa
1430 3132 1503 3189 saepe
1530 3116 1603 3172 dieta
1629 3115 1801 3172 monasteria

102 3216 106 3224 “
147 3208 283 3282 praecipue
297 3208 363 3264 locis
388 3218 513 3263 nostram
534 3222 631 3263 euram
656 3206 801 3278 specialius
812 3206 942 3262 erhibcu·
957 3239 980 3302 Ο
997 3210 1045 3266 tibi
1062 3211 1173 3282 tuisque
1196 3210 1411 3277 successoribus,
1426 3219 1456 3266 ut
1472 3209 1690 3283 prelibavimus,
1717 3224 1801 3283 regu·

147 3301 211 3359 dam
225 3300 430 3374 perpendimus,
449 3316 522 3372 quae,
541 3299 747 3357 subltomunae
765 3300 851 3357 tutela
872 3300 945 3358 sedis
998 3303 1091 3360 lariter
1113 3304 1307 3376 promovendis
1340 3302 1538 3371 concedentes,
1557 3302 1749 3359 interdicimus
1767 3310 1802 3359 ut

147 3395 310 3463 constituta,
327 3394 431 3450 scimus
445 3402 535 3451 status
550 3395 592 3450 sui
607 3394 863 3465 confirmationem,
879 3410 945 3466 aug·
997 3397 1088 3454 nullus
1107 3413 1295 3454 successorum
1322 3405 1493 3466 nostrorum,
1512 3398 1553 3453 vel
1579 3396 1802 3469 archispiscopo-

149 3496 276 3546 mentum
296 3488 337 3544 rel
358 3488 562 3545 restitutionem
583 3488 618 3544 ab
639 3488 692 3544 hac
711 3487 886 3561 potissimum
900 3504 944 3544 ec·
998 3508 1061 3549 rum
1082 3500 1130 3549 aut
1142 3492 1345 3565 episcoporum,
1361 3500 1389 3548 ct
1404 3508 1487 3548 neruo
1506 3490 1638 3547 clericalis
1648 3506 1698 3547 seu
1717 3489 1801 3547 laica·

148 3582 232 3639 clesia
250 3581 328 3655 cujus
338 3581 410 3654 juris
424 3589 488 3637 suut
502 3588 669 3653 exspectare.
689 3583 758 3652 Quia
782 3596 847 3655 ergo
867 3596 944 3653 quae·
998 3586 1064 3642 calis
1084 3585 1199 3653 ordinis,
1210 3586 1311 3642 audeat
1325 3585 1397 3642 itanc
1411 3593 1576 3657 potestatem
1590 3584 1738 3656 praesentis
1748 3581 1801 3640 de-

148 3674 215 3730 dam
246 3674 423 3741 monasteria,
453 3674 571 3730 alterum
595 3675 623 3728 iu
649 3676 793 3746 provincia
821 3675 946 3732 videlicet
998 3680 1064 3736 oreti
1079 3680 1242 3736 auctoritate
1255 3680 1483 3736 firmatamvchis
1502 3678 1609 3735 anierre
1624 3678 1666 3734 rel
1681 3686 1797 3750 pertur-

56 3760 59 3765 ’
145 3758 240 3823 Sancti
251 3766 333 3831 Petri,
347 3765 422 3837 quod
439 3765 540 3822 dicitur
557 3765 592 3821 ad
612 3771 739 3824 Montem
755 3768 902 3841 Maiorem,
918 3776 947 3824 el
997 3772 1074 3840 bate,
1089 3772 1137 3830 sed
1160 3789 1191 3829 ea
1205 3773 1284 3841 (sicut
1303 3772 1510 3844 praefixumest)
1534 3773 1562 3828 in
1589 3779 1679 3827 vestra
1694 3769 1800 3827 salubri

148 3859 265 3915 alterum
280 3858 309 3913 in
323 3857 494 3914 Narbonensi
507 3858 743 3931 archiepiscopatu
764 3863 870 3918 Sanctae
884 3864 944 3917 Ma·
998 3866 1170 3923 ordinatione
1183 3882 1215 3923 ac
1226 3866 1444 3939 dispositionein
1455 3874 1619 3940 perpetuum
1639 3862 1803 3922 inconvulsa

148 3951 197 4008 riae
208 3950 244 4007 de
257 3953 364 4017 crassa,
380 3965 442 4021 quae
453 3951 488 4007 ad
503 3951 583 4024 hujus
598 3950 671 4007 sedis
681 3952 870 4011 defensionem
887 3969 946 4025 per·

148 4044 247 4112 tinere,
269 4043 427 4115 propriique
439 4043 512 4115 juris
529 4043 589 4115 ejus
609 4060 668 4102 esse
694 4055 858 4114 noscuntur,
874 4048 946 4120 jam·

148 4136 254 4195 diadum
271 4136 447 4194 secularium
461 4137 663 4195 monachorum
681 4140 761 4212 culpa
776 4157 792 4197 a
808 4141 945 4213 religionis

148 4230 260 4287 tramite
272 4229 397 4286 deviasse
409 4229 610 4299 intelleximus;
627 4248 659 4289 ea
671 4232 821 4291 reformare
834 4234 945 4306 adlapsi

148 4324 255 4381 decoris
274 4324 410 4396 specimen
424 4325 503 4382 valde
521 4342 580 4383 esse
597 4328 785 4384 necessarium
803 4327 943 4385 duximus.

149 4417 208 4475 Scis
230 4418 316 4487 euim,
334 4418 474 4476 decentius
491 4428 575 4492 atque
592 4420 800 4478 convenientius
814 4438 874 4479 esse
895 4423 945 4480 de·

149 4512 271 4569 cernitur
292 4512 431 4569 destructa
452 4521 600 4578 restruere,
627 4522 656 4569 et
674 4513 709 4569 ad
723 4513 840 4586 gradum
866 4531 946 4571 suum

999 3968 1186 4032 permaneant.

1267 4073 1445 4130 EPISTOLA
1465 4074 1527 4128 Vll.

1178 4188 1618 4234 anuutvsusosctrntsraauos.

1292 4272 1387 4335 (hirtio
1413 4274 1504 4334 tuat.)

1000 4370 1132 4441 Praecipit
1143 4388 1174 4426 ue
1186 4375 1328 4441 qaisquam
1344 4376 1477 4428 ecclesium
1490 4373 1584 4429 &tracti
1594 4371 1680 4435 Petri,
1702 4366 1804 4425 darilla

1036 4443 1212 4498 Moschorum
1225 4446 1319 4509 situm,
1340 4446 1430 4499 tutelae
1456 4443 1606 4515 apostoliae
1631 4441 1704 4497 sedis
1728 4456 1804 4497 cmu-

1036 4515 1145 4567 ma'sscm
1165 4516 1285 4582 infestet.

149 4605 268 4677 ⁰⁰¹¹³l⁸³
282 4605 425 4672 redimeres
446 4621 529 4676 11111111
554 4605 582 4661 111
602 4605 751 4664 dilatandis
778 4610 818 4665 vel
838 4595 986 4666 noviter„
1036 4616 1698 4693 (insecutusepiscopusservusserrorumDei,
1711 4614 1806 4672 omni-

150 4698 314 4755 tedidcaudis
331 4714 441 4769 operam
463 4698 538 4756 dare.
563 4702 737 4774 Quapropter
755 4701 790 4759 ad
804 4702 945 4775 praedicto

149 4806 211 4847 urm
239 4791 365 4847 locorum
388 4792 618 4850 restaurationem
640 4795 781 4869 religionis
801 4805 857 4854 tuae
882 4812 947 4870 pru·

149 4883 270 4941 dentiam
282 4885 426 4957 perutilem
440 4885 613 4957 arbitrantes,
625 4888 687 4944 licet
701 4899 742 4955 tu,
758 4890 945 4964 quorumdam

150 4976 301 5049 proborum
323 4978 446 5034 uirorum
463 4979 589 5052 precibus
603 4980 775 5051 adhortatus,
799 4984 901 5057 absque
915 4983 947 5041 li·

149 5070 241 5127 centia
266 5078 360 5127 nostm
373 5070 408 5127 de
422 5086 520 5128 eorum
533 5089 599 5130 cura
624 5083 651 5130 te
665 5076 785 5132 nolueris
806 5076 947 5134 intromit-

151 5170 220 5233 tere,
233 5178 284 5221 nos
299 5171 394 5220 tamen
413 5164 569 5222 censuimus
583 5181 632 5239 per
645 5175 725 5224 tuam
745 5185 948 5228 successorum·

150 5271 203 5328 que
216 5264 330 5313 tuorum
348 5257 487 5315 solertiam
500 5258 631 5315 iratribus
649 5260 678 5316 iu
690 5262 794 5320 eisdem
812 5266 948 5323 coenubiis

149 5349 279 5424 deinceps
289 5351 430 5408 mansuris
443 5360 604 5425 perpetuam
613 5355 746 5426 regularis
760 5358 823 5416 vitae
837 5358 949 5417 circum·

149 5445 319 5515 spectionem
345 5444 497 5517 providere.
521 5446 639 5504 Proinde
662 5448 734 5506 circa
754 5452 868 5522 praeiata
889 5470 948 5510 mo·

150 5537 269 5595 nasteria
282 5538 474 5596 sollicitudinis
483 5549 585 5597 uostrae
595 5540 682 5598 ricem
692 5541 835 5602 dilectioni
851 5556 948 5604 vestrae

150 5630 368 5699 committentes,
383 5633 512 5690 volumus
533 5643 615 5706 atque
632 5636 804 5711 praecipimus
820 5649 851 5695 ut
863 5641 893 5696 in
908 5641 947 5697 eis

150 5738 212 5798 quae
224 5726 393 5798 amputanda
406 5736 471 5784 sunt
485 5729 644 5800 amputetis,
657 5744 772 5803 quaeque
785 5712 947 5805 cerrigenda

151 5827 216 5876 sunt
224 5819 379 5894 corrigatis,
400 5827 428 5878 et
441 5835 504 5894 quae
516 5819 568 5878 illis
578 5820 729 5894 disciplinae
744 5830 841 5881 tenore
854 5824 947 5885 deltis

1001 4709 1053 4766 bus
1063 4712 1122 4767 Dec
1136 4721 1166 4768 et
1178 4712 1260 4769 beato
1272 4714 1352 4771 Petro
1363 4711 1499 4783 fidelibus,
1516 4715 1631 4770 salutem
1645 4717 1672 4766 et
1686 4717 1806 4783 aposto·

1001 4803 1082 4860 licam
1102 4804 1330 4864 benedictionem.

1036 4900 1141 4955 ttotum
1152 4901 1187 4956 sit
1201 4901 1279 4957 robis
1292 4918 1343 4958 uos
1357 4900 1500 4958 ecclesiam
1515 4898 1610 4958 Sancti
1624 4898 1699 4955 Petri
1716 4895 1809 4955 silam

1002 4992 1029 5048 in
1047 4992 1115 5049 villa
1128 5009 1189 5066 quae
1197 4995 1297 5053 dicitur
1310 4996 1494 5062 Mascharans,
1506 4994 1557 5052 sub
1565 4993 1612 5067 jus
1621 5001 1648 5050 et
1660 4990 1808 5049 defensio·

1002 5102 1067 5142 nem
1079 5088 1237 5158 apostoticae
1257 5088 1330 5145 sedis
1341 5088 1375 5145 ab
1390 5090 1476 5161 ipsius
1488 5086 1681 5145 fundatoribus
1700 5092 1809 5159 sponte

1001 5180 1133 5237 traditam
1148 5183 1309 5252 suscepisse,
1319 5183 1355 5239 ob
1369 5182 1618 5256 cujusdouationis
1634 5178 1809 5236 memoriam

1003 5281 1135 5346 perpetuo
1153 5274 1337 5343 retinendam,
1352 5277 1567 5347 constituerunt,
1583 5281 1610 5331 et
1630 5272 1810 5330 devorerunt

1003 5380 1032 5422 se
1046 5365 1093 5435 illi,
1108 5366 1155 5438 qui
1174 5366 1245 5422 circa
1258 5369 1387 5425 eumdem
1406 5369 1499 5425 locum
1513 5375 1626 5440 propter
1640 5374 1810 5424 amoremet

1003 5458 1118 5514 tutelam
1133 5458 1204 5515 beati
1219 5460 1292 5516 Petri
1318 5462 1373 5517 sibi
1397 5462 1545 5529 edificant,
1567 5476 1617 5532 pro
1638 5473 1810 5533 unaquaque

1003 5549 1089 5606 domo
1110 5567 1224 5609 censum
1248 5555 1406 5611 annualiter
1425 5564 1488 5611 octo
1507 5568 1640 5611 nummos
1661 5552 1811 5611 Pictaren-

1004 5643 1077 5699 sium
1092 5645 1289 5716 persoluturos.
1312 5649 1485 5720 Quapropter
1511 5645 1661 5720 apostoliea
1681 5644 1808 5704 auctori·

1002 5745 1062 5792 tate
1072 5739 1247 5811 praecipimus
1258 5749 1288 5796 ut
1299 5756 1381 5797 nemo
1392 5740 1537 5812 praeietum
1546 5741 1640 5798 locum
1651 5738 1807 5815 apostolica

1006 5828 1121 5888 tiddonc
1131 5833 1273 5891 munitum
1281 5832 1408 5907 deinceps
1429 5832 1561 5892 iniestare
1573 5840 1745 5907 praesumat,
1756 5820 1808 5893 ssd
