3870 6164
153 104 163 135 1

138 265 190 319 90³
642 255 688 309 ab
707 253 820 308 benna
839 253 867 308 S.
888 250 1049 307 GREGORll
1068 249 1285 307 laeaniticus.
1742 248 1788 304 tol

137 387 209 442 inter
230 382 390 457 angelorum
411 393 512 435 manus
533 376 683 445 visibiliter,
708 386 739 434 ut
756 377 848 434 metati
872 384 937 433 sunt
951 381 979 445 Α
991 378 1047 432 ileo
1059 374 1169 439 mirum,
1195 374 1219 430 si
1243 375 1319 429 Deus
1341 370 1430 427 adbuc
1457 370 1599 427 viventem
1623 384 1676 444 per
1700 382 1790 429 menits

139 479 185 551 qui
198 477 322 544 aderaut,
335 481 476 545 exceptus,
491 470 634 545 condignis
658 469 813 529 laudibusa
833 470 936 527 sanctis
989 470 1100 527 illorum
1123 468 1237 527 diversis
1258 465 1427 523 cruciatibus
1446 464 1573 538 permisit
1590 464 1717 537 purgari,
1733 480 1788 521 cor·

139 571 305 645 martyribus
327 571 356 625 in
378 567 448 626 coelo
474 574 516 623 est
536 573 688 638 susceptus.
713 566 799 637 igitur
820 565 936 622 invictus
990 580 1041 636 pus
1057 562 1155 632 occidi,
1175 570 1237 634 post
1255 568 1378 618 mortem
1393 574 1458 616 varo
1474 559 1503 614 in
1526 559 1624 614 animo
1637 566 1668 629 et
1682 572 1788 629 corpore

139 666 239 724 Christi
253 673 370 737 martyr,
384 661 584 734 aliquantulum
609 668 716 716 mutma
730 658 811 725 lacie,
830 675 864 716 1v
881 661 937 714 Ka·
990 659 1047 731 ipse
1067 657 1204 714 Dominus
1217 654 1422 712 dominantium
1442 653 1529 710 voluit
1542 652 1702 710 dominari.
1725 652 1788 709 Dic‘t

139 759 212 817 leod.
225 758 326 816 Octob.
341 756 466 814 debitum
478 754 567 824 solvit]
579 754 675 810 mortis
691 769 804 821 amarae,
817 753 937 810 victurus
990 752 1065 808 enim
1079 750 1137 823 ipse
1158 750 1186 807 in
1209 749 1357 822 Evangelio
1372 765 1380 805 :
1396 749 1482 805 Nolite
1500 750 1596 803 tirrsere
1609 761 1655 802 eos
1667 747 1718 817 qui
1730 749 1789 802 orei·

139 855 167 911 iu
197 860 334 911 aeternmn
362 853 446 907 hores
475 849 584 919 quidm
613 851 671 916 liei,
708 849 822 904 utores
848 852 939 903 caton
991 846 1367 919 durvtoorpos,postleccoort
1380 840 1788 913 beberrtompliusprridloeiast

140 947 243 1005 Christi
255 946 343 1018 (Rom.
359 943 440 1013 vus),
455 940 590 998 trientum
607 939 659 997 sibi
670 941 808 997 creditum
826 939 938 997 cumiu-
991 941 1102 1007 (Metti.
1117 955 1149 1008 x,
1175 941 1239 995 Luc.
1259 937 1325 1008 ιιι).
1342 938 1379 994 Et
1401 936 1465 993 alibi
1489 935 1620 1008 promisit
1644 934 1705 991 suis
1727 933 1788 989 hde-

138 1056 186 1097 cro
207 1039 340 1112 passionis
361 1037 444 1109 digne
464 1034 629 1107 reportavit.
652 1035 741 1106 igitur
769 1034 867 1105 dignus
887 1034 938 1091 hac
992 1033 1063 1090 libus
1090 1051 1097 1087 z
1130 1036 1166 1090 Et
1187 1033 1299 1104 copillata
1323 1033 1357 1087 de
1381 1033 1468 1102 eapite
1492 1036 1580 1086 oestro
1616 1044 1673 1084 reove
1694 1027 1788 1099 peribit

139 1133 281 1202 melliflua,
303 1140 332 1188 et
342 1129 495 1204 jucundula
516 1128 687 1200 veridicaque
710 1128 852 1184 vocatione
873 1126 936 1196 iuit,
993 1131 1055 1183 Luc.
1070 1132 1151 1192 ιιι.)

139 1227 202 1299 quia
223 1227 251 1283 in
266 1234 294 1282 te
306 1222 475 1296 complacuit
486 1223 585 1279 animae
597 1237 676 1289 meas,
691 1221 832 1294 ingredere
846 1220 937 1277 locum
1027 1223 1069 1278 Ut
1081 1229 1175 1277 autem
1186 1236 1235 1277 rex
1247 1219 1349 1278 audivit
1361 1219 1413 1277 hoc
1425 1218 1531 1276 laetum
1541 1219 1723 1285 miraculum,
1736 1234 1787 1291 pet·

139 1319 326 1376 exsultationis
351 1316 506 1384 etlaetitiae,
522 1326 552 1372 ut
566 1316 658 1372 videas
672 1315 742 1372 bona
764 1315 937 1371 Hierusalem
993 1314 1105 1372 territus
1122 1322 1165 1371 est
1179 1329 1244 1370 cvrm
1266 1314 1324 1371 ntis
1348 1312 1421 1386 quod
1439 1321 1497 1370 tam
1519 1313 1685 1370 inauditum
1706 1327 1786 1384 perpe·
1818 1354 1820 1359 .

140 1413 267 1471 omnibus
285 1412 383 1469 diebus
403 1411 467 1467 vitre
482 1418 538 1467 tuae
561 1411 645 1475 (Psoi.
659 1414 785 1475 cxxvii).
808 1408 875 1478 Quis
888 1424 937 1465 un·
992 1407 1292 1465 trassethomicidium.
1306 1409 1342 1464 Et
1362 1407 1478 1464 concilio
1490 1406 1570 1474 inito,
1595 1407 1678 1463 misit
1697 1406 1785 1463 iterun

140 1524 223 1581 quom
255 1506 343 1563 valcat
362 1504 446 1577 digne
460 1504 588 1576 prosequi
612 1502 683 1575 stylo
709 1509 768 1559 tam
791 1500 938 1559 mirificum
993 1500 1026 1557 ad
1061 1519 1141 1558 suum
1174 1502 1374 1570 comitialium,
1401 1499 1637 1557 nefandissimum
1677 1500 1783 1565 idolum,

140 1617 209 1674 opus
224 1599 358 1673 martyrii,
375 1598 404 1654 in
417 1596 464 1654 tali
484 1607 606 1670 martyre
626 1597 746 1654 Christi?
769 1600 874 1653 Revera
888 1612 939 1668 pa-
993 1596 1131 1652 llachmit
1152 1596 1338 1652 nominatum.
1362 1596 1432 1665 Quae
1451 1602 1525 1668 gesta
1541 1603 1619 1663 sunt,
1645 1595 1783 1661 nuuuauc

139 1694 222 1751 radisi
236 1692 335 1767 gaudia
354 1690 542 1766 jucundanter
563 1691 666 1764 absque
685 1690 794 1764 publico
813 1692 941 1748 intrasset
994 1704 1055 1760 quae
1077 1687 1168 1747 adhuc
1182 1688 1303 1747 iacienda
1332 1697 1434 1757 essem,
1455 1687 1606 1760 inquisivit.
1630 1688 1681 1745 Cui
1703 1687 1783 1743 sudu

140 1788 282 1861 martyrio,
296 1787 359 1860 quia
374 1785 488 1858 implere
502 1783 608 1842 sorduit
627 1785 656 1841 in
674 1801 704 1842 se
718 1786 792 1858 ipso,
807 1801 871 1857 quae
884 1802 935 1841 au·
952 1769 977 1831 Β
992 1782 1098 1839 idolum
1119 1783 1172 1840 tale
1184 1780 1274 1840 lertur
1292 1781 1401 1839 dedisse
1418 1796 1583 1854 responsum
1603 1801 1613 1837 :
1630 1783 1745 1854 Magum
1761 1788 1783 1835 rt

139 1881 206 1938 dlvit
218 1881 254 1939 ab
277 1880 410 1952 Apostolo
427 1901 434 1936 ι
451 1882 613 1949 Mortificate
632 1881 752 1935 membro
763 1885 863 1949 umbo,
879 1895 940 1951 prro
994 1885 1090 1950 potens
1105 1886 1148 1933 est
1159 1878 1235 1933 Deus
1247 1874 1480 1934 Christianorum.
1506 1876 1580 1930 Nam
1602 1873 1664 1930 suis
1684 1872 1783 1930 metit·

138 1981 200 2031 aurit
215 1990 296 2046 saper
311 1980 420 2039 taram,
431 1976 649 2041 (caricationem,
661 1974 873 2041 immunditiam,
885 1981 940 2029 etc.
994 1978 1192 2043 postmortem
1222 1968 1271 2026 dat
1294 1969 1381 2025 vivere
1399 1969 1427 2024 in
1450 1982 1535 2040 reguo
1554 1967 1704 2024 coelorum.
1723 1968 1783 2023 ane

139 2070 247 2138 (apter.
258 2071 301 2133 v.)
314 2069 386 2123 llam
395 2066 581 2137 evangelicum
592 2066 940 2123 eonsiliumoontamusndi
994 2063 1168 2121 maniiestum
1181 2071 1232 2131 est,
1253 2077 1338 2136 quern
1353 2061 1502 2127 occidistis,
1522 2076 1611 2117 suurn
1631 2076 1692 2117 esse
1711 2059 1780 2116 lani·

140 2161 284 2227 mentum
305 2159 344 2215 illi
367 2159 534 2231 acceptabile
557 2167 617 2215 erat
638 2167 667 2215 et
683 2158 853 2231 jucundum,
877 2159 940 2231 quia
993 2157 1180 2226 liarissimum,
1195 2156 1295 2216 etideo
1308 2165 1475 2229 potestatem
1490 2155 1591 2211 habere
1604 2170 1664 2211 non
1678 2153 1781 2227 potestis

141 2270 197 2311 non
209 2253 311 2320 solutu,
327 2253 509 2324 quoehahuit,
524 2251 680 2320 sedetiam,
696 2252 769 2325 quod
784 2253 940 2310 maximum
995 2251 1089 2309 inillis
1112 2251 1252 2309 memhris.
1268 2254 1353 2324 Ergo,
1367 2251 1432 2322 quia
1453 2264 1501 2306 vos
1514 2263 1572 2305 non
1588 2249 1714 2321 potestis,
1730 2248 1784 2303 dato

141 2356 170 2405 ct
187 2346 380 2403 charissimum
398 2347 459 2402 Deo
479 2344 540 2412 luit,
563 2345 740 2418 semetipsum
755 2350 815 2403 Deo
829 2346 940 2415 obtulit,
995 2345 1133 2403 licentiam
1151 2345 1326 2413 Christianis,
1340 2351 1475 2416 quatenus
1491 2343 1571 2398 illum
1584 2341 1744 2410 honorifice,
1757 2347 1784 2397 ut

141 2449 169 2497 et
183 2439 335 2497 lortissima
353 2455 432 2497 arma
454 2437 621 2496 obedientiae
643 2439 774 2512 arripuit3
789 2440 888 2513 quibus
911 2442 939 2498 in
995 2440 1147 2497 marimum
1184 2441 1304 2508 Patrem,
1336 2437 1466 2495 studeant
1495 2436 1626 2508 sepelire,
1654 2444 1681 2492 et
1709 2448 1782 2507 quem

142 2532 311 2590 monasterio
340 2530 388 2589 diu
422 2530 542 2604 perfecte
575 2540 604 2587 et
628 2532 778 2589 honorilice
802 2534 939 2591 militavit.
994 2533 1152 2606 episcopum
1166 2548 1292 2590 meruere
1305 2533 1524 2603 viventem,post
1539 2528 1783 2601 mortemdr'gnum

141 2627 205 2683 Fuit
218 2626 319 2699 quippe
331 2633 444 2683 sanctus
458 2625 511 2681 iste
527 2624 660 2696 pontilex,
675 2634 707 2683 ut
721 2625 836 2695 loiada3
851 2628 940 2699 quiin
995 2636 1141 2698 patronum
1165 2643 1196 2684 se
1222 2626 1325 2684 babere
1350 2625 1498 2700 gaudeant.
1523 2627 1560 2681 Et
1581 2622 1680 2681 reversi
1698 2620 1783 2679 nuntii

141 2719 195 2775 vita
207 2735 256 2777 sua
269 2719 460 2777 corroboravit
472 2719 619 2790 templum,
634 2728 662 2777 et
675 2721 752 2791 quasi
772 2721 825 2777 llos
838 2722 865 2777 in
879 2720 940 2778 die·
995 2737 1058 2794 quae
1068 2721 1212 2779 audierant
1230 2721 1288 2794 regi
1302 2736 1353 2777 auo
1368 2719 1492 2777 detulere
1505 2733 1653 2791 responsa.

140 2813 192 2870 bus
213 2812 306 2871 vmnis
319 2814 534 2879 demonstratus,
556 2813 657 2870 rubore
677 2814 813 2885 passionis
837 2817 864 2871 in
886 2814 941 2873 dne
1031 2816 1087 2888 Qui
1112 2816 1206 2872 statim
1230 2816 1282 2872 sub
1313 2814 1453 2871 celeritate
1473 2810 1542 2869 iecit
1566 2809 1782 2869 Chrisdanosin

141 2915 302 2979 perornatur
315 2908 406 2973 (liocli.
421 2909 460 2975 u).
476 2907 560 2979 Cujus
569 2905 640 2964 labia
651 2907 844 2965 mstodiebaut
855 2913 942 2966 scien·
995 2925 1082 2966 unum
1095 2909 1242 2966 convenire
1252 2908 1355 2977 locum,
1367 2915 1401 2963 ut
1413 2906 1495 2980 digna
1515 2912 1707 2979 praepararant
1717 2905 1782 2961 obse

139 2999 207 3057 tiam
228 3000 351 3057 etmulti
368 2999 547 3072 requirebant
562 3000 650 3073 legem
672 3017 705 3057 er
721 3018 769 3057 ore
783 3002 860 3074 ejus,
879 3004 941 3075 quia
995 3003 1071 3074 quia,
1093 3019 1158 3060 cum
1170 3018 1280 3059 summa
1291 3001 1475 3068 veneratione,
1486 3015 1539 3056 stro
1561 2998 1783 3056 archimandrite

49 3106 53 3113 ·
140 3094 254 3167 angelus
275 3093 388 3151 Donrini
402 3093 573 3151 exercituum
587 3103 647 3151 erat
668 3096 942 3165 (Hol.1r),annun·
996 3098 1082 3167 Quale
1107 3096 1260 3169 gaudium?
1278 3095 1368 3169 qualis
1388 3093 1783 3152 tetiuactutstianorummur

139 3188 213 3245 dans
235 3187 350 3245 verbum
372 3187 446 3255 vitre,
471 3203 520 3260 per
533 3196 680 3261 angustam
695 3196 803 3261 portam
827 3189 941 3248 studens
959 3146 982 3212 c
997 3189 1154 3262 possederat
1172 3189 1274 3247 corda?
1287 3190 1355 3260 Quis
1376 3189 1447 3263 stylo
1471 3196 1562 3261 posset
1583 3187 1716 3245 exararet
1731 3184 1784 3259 prm

139 3298 204 3339 oves
228 3280 280 3339 sihi
301 3280 421 3339 creditas
441 3280 612 3354 quotidianis
624 3281 796 3340 documentis
813 3282 940 3341 introdu-
995 3284 1140 3342 hominum
1165 3284 1266 3342 valeret
1287 3282 1413 3356 pmierre
1431 3282 1547 3356 lingua?
1570 3281 1701 3339 insonuit
1716 3288 1781 3337 terra

138 3392 211 3434 cere.
235 3375 301 3433 Fuit
329 3375 414 3435 etiam
432 3375 533 3433 animal
559 3385 623 3433 anta
646 3384 675 3433 et
696 3385 771 3434 retro
801 3378 939 3436 oculamm
994 3381 1097 3437 horum
1118 3378 1233 3453 gaudio;
1260 3379 1315 3434 alta
1337 3379 1474 3435 coeloram
1490 3390 1627 3448 responn
1647 3378 1782 3450 potum

139 3470 244 3536 (Erech.
267 3472 301 3540 ι),
327 3470 542 3542 circumquaque
567 3470 736 3542 prospiciens
754 3470 869 3529 insidias
886 3488 941 3530 ne·
994 3473 1058 3529 dare
1071 3473 1173 3530 horum
1184 3472 1315 3545 tripudio.
1332 3472 1448 3542 Quantae
1459 3470 1591 3544 lacrymae
1600 3469 1781 3540 tmitiaplaoa

138 3562 263 3635 quissimi
277 3562 377 3632 bosus,
392 3561 512 3619 ethicam
526 3561 672 3621 virtutibus
685 3565 815 3622 omnibus
829 3567 940 3637 plenam
994 3580 1077 3640 gcnas
1087 3565 1498 3624 suliudertrntChristianornm
1507 3565 1589 3636 iquos
1603 3563 1685 3638 copia
1698 3565 1780 3635 pontt

138 3670 235 3727 capere
249 3653 350 3722 nitens,
365 3663 490 3712 aratrum
506 3655 684 3713 Dominicum
706 3656 812 3715 lortiter
832 3667 940 3730 moene,
995 3675 1120 3718 enarrare
1143 3659 1311 3718 verborum?
1328 3662 1396 3716 Post
1416 3672 1493 3715 mars
1505 3656 1637 3714 ltnbmam
1656 3655 1732 3714 narb
1746 3668 1780 3727 pr

139 3763 195 3806 nou
209 3755 366 3809 tortuosum
387 3748 495 3805 uticum
508 3747 639 3817 faciebam
660 3750 710 3807 sed
731 3759 807 3809 caste
823 3752 940 3810 urendo
994 3754 1076 3813 dibus
1087 3753 1304 3823 transvadatum,
1314 3762 1376 3827 post
1384 3752 1596 3811 immersionem
1603 3750 1777 3809 inimicorum

139 3842 297 3914 exemplum
310 3841 416 3899 bonum
437 3839 555 3899 stdsditia
567 3841 725 3913 prebendo,
741 3846 845 3903 scalam
856 3846 941 3904 iacob
994 3848 1178 3907 llebrteorum
1200 3850 1317 3922 populus
1338 3848 1454 3905 canebat
1476 3846 1600 3905 Domino
1620 3845 1777 3905 landam

139 3936 215 4004 (Cere.
237 3936 348 4005 xxvtts)
364 3934 398 3991 da
411 3932 527 3991 diversis
543 3934 717 4007 profectuum
729 3934 860 4010 gradibus
872 3955 941 3997 oon-
995 3958 1096 4016 aragus
1115 3942 1219 4012 laetitia,
1234 3955 1386 4013 eorumque
1399 3940 1448 3997 lilii
1464 3949 1527 4014 post
1539 3940 1723 4013 mpuvintsu
1734 3938 1778 3993 ba

138 4038 241 4087 sertam
252 4025 435 4101 tripudianter
446 4027 625 4087 ascendebat.
995 4034 1157 4110 bylonicam‚
1173 4035 1231 4092 visa
1243 4035 1428 4102 Hierusalem,
1449 4048 1550 4106 magno
1566 4027 1777 4091 esurit-terri

173 4120 249 4194 Quid
271 4122 344 4179 ultro
364 4126 526 4179 moramur?
539 4122 673 4181 Conditor
694 4123 779 4194 orbis,
795 4125 839 4183 cui
860 4125 941 4200 digne
995 4129 1090 4202 pudic.
1115 4128 1169 4186 Sed
1194 4130 1238 4185 vix
1265 4128 1428 4202 equiparari
1453 4135 1542 4200 potest
1568 4126 1670 4185 horum
1688 4119 1776 4198 gau&

138 4215 265 4275 militavit
287 4216 339 4273 iste
359 4215 465 4286 beatus,
493 4224 586 4290 aperte
607 4217 771 4277 momttavit
795 4219 864 4290 suis,
885 4220 941 4279 soi·
994 4223 1151 4281 canentium
1169 4231 1199 4280 et
1213 4223 1389 4296 psallentium
1408 4221 1545 4287 Domino,
1565 4220 1597 4277 in
1613 4218 1699 4278 macti
1716 4228 1777 4273 mm

137 4310 200 4367 licet
231 4308 403 4373 Christianis,
439 4325 491 4367 nec
523 4325 582 4368 non
611 4320 639 4367 et
671 4311 790 4372 inimicis
816 4314 941 4387 repmbis
994 4317 1062 4390 tyris
1081 4317 1185 4375 Christi
1204 4317 1368 4390 patronique
1387 4315 1430 4372 sui
1454 4313 1600 4387 obsequio.
1624 4316 1696 4386 Quas
1716 4310 1776 4372 lats·

137 4404 262 4477 paganis,
297 4420 353 4477 qua
389 4403 487 4478 gloria,
516 4420 572 4477 qtta
611 4404 692 4463 laude
732 4407 847 4479 spiritus
880 4408 940 4481 οιιιι
996 4410 1115 4483 reiquae
1132 4410 1261 4484 jubilatio
1283 4406 1777 4482 potuitmoquopoputemsjoresr

137 4496 305 4572 martyribus
328 4498 430 4557 sancth
453 4498 608 4573 adjunctive,
632 4499 663 4556 in
688 4501 796 4559 ooelesti
821 4501 885 4561 sedo
904 4502 940 4560 sit
953 4535 979 4599 D
992 4519 1078 4577 quam
1102 4503 1235 4561 moderno
1257 4502 1321 4560 huic
1342 4503 1395 4560 luit
1418 4503 1448 4559 in
1472 4501 1520 4559 tali
1544 4506 1693 4575 martyre?
1711 4501 1775 4557 Pom

135 4590 292 4649 collocatus.
317 4593 388 4649 llam
413 4592 540 4653 membra
552 4592 656 4650 Christi
682 4594 811 4666 martyris
822 4594 941 4653 detrun·
994 4597 1097 4655 videres
1117 4598 1235 4654 alterum
1260 4597 1345 4654 Jacob
1367 4614 1384 4653 a
1411 4595 1475 4653 liliis
1493 4594 1622 4667 sepeliri,
1651 4592 1775 4652 murdim

137 4694 197 4742 cata
211 4684 328 4758 gentiles
343 4685 537 4757 disposuerunt
553 4685 745 4746 sordidissimo
759 4688 831 4759 loco,
854 4705 939 4762 equo·
993 4690 1163 4749 aromatibus
1187 4693 1269 4760 (Ceo.
1291 4695 1342 4761 ι),
1368 4688 1470 4762 pariter
1492 4688 1528 4745 ab
1550 4689 1694 4757 omnibus,
1714 4678 1774 4759 ψ’

136 4794 199 4834 rum
233 4778 366 4835 inculcari
399 4778 528 4853 pedibus,
557 4780 634 4853 Juxta
669 4780 736 4839 illud
770 4800 778 4837 :
811 4786 940 4842 nemone
993 4786 1083 4858 ipsum
1105 4786 1249 4844 Christum
1270 4801 1286 4842 a
1310 4783 1413 4856 loseph
1434 4792 1461 4840 et
1481 4781 1636 4841 ilicodemo
1660 4772 1774 4841 unum

137 4873 212 4937 illius
220 4876 317 4943 pereat
331 4872 365 4928 da
379 4876 455 4941 terro
467 4874 525 4939 (iob
540 4880 648 4943 xv111);
663 4891 697 4934 nc
711 4874 939 4944 christianicum
994 4883 1087 4945 (loeo.
1106 4883 1189 4948 ιιι).
1818 4920 1820 4943 .

136 4965 188 5023 sibi
212 4972 365 5038 martyrem
388 4965 493 5037 possint
513 4965 625 5025 babere.
645 4968 710 5036 Sed,
725 4970 862 5029 morinus
881 4987 940 5031 om·
1029 4974 1115 5047 igitur
1130 4989 1196 5031 cum
1207 4972 1380 5030 convenisset
1399 4970 1516 5044 populus
1528 4968 1711 5036 Chmatimm,
1726 4975 1772 5024 mn

136 5059 224 5130 nium,
238 5057 282 5115 cui
299 5056 369 5115 nihil
388 5066 432 5117 est
451 5059 629 5132 impossibile,
643 5062 761 5135 subjecit
783 5063 821 5120 illi
841 5080 939 5125 omues
993 5067 1114 5125 maxima
1136 5066 1314 5123 veneratione
1348 5065 1468 5122 levantes
1501 5063 1629 5121 membra
1661 5056 1772 5135 martyti

28 5138 36 5149 ¹
136 5152 242 5221 hostes,
262 5159 294 5208 ut
319 5150 454 5211 conderet
473 5152 616 5211 mdesiam
634 5154 664 5212 in
677 5155 737 5227 sius
758 5157 888 5226 nourinaa
908 5158 938 5217 in
992 5161 1095 5219 Christi
1119 5161 1273 5228 Tiamonis,
1299 5167 1440 5232 portantes
1460 5159 1490 5215 io
1519 5157 1679 5228 maedam,
1704 5154 1773 5213 uita

135 5261 189 5318 qua
213 5245 292 5303 deret
317 5245 377 5318 ipsc
403 5244 494 5304 hostis
518 5246 577 5305 viva
601 5249 630 5307 in
661 5249 826 5308 sacrificium
851 5251 939 5310 laudis
991 5254 1091 5311 diebus
1117 5262 1147 5312 et
1169 5251 1258 5310 trihus
1278 5253 1405 5310 noctibus
1433 5250 1537 5324 vigiliam
1553 5251 1736 5318 celebrantes,
1749 5256 1771 5301 rt

136 5346 281 5413 leflfflae·
991 5347 1104 5405 demum
1125 5346 1208 5421 digno
1235 5346 1340 5405 bonore
1363 5345 1528 5419 sepeliemm
1546 5358 1616 5401 cum
1637 5342 1773 5419 hymnis

169 5434 315 5491 litantem
326 5433 418 5495 conati
433 5443 500 5492 sunt
513 5436 598 5494 sancti
612 5436 742 5511 martyris
755 5438 881 5497 membra
896 5439 938 5499 le·
991 5440 1125 5499 laudibus.
1148 5443 1213 5512 lpso
1228 5440 1410 5512 depositionis
1428 5438 1475 5496 die
1497 5446 1526 5495 et
1550 5437 1683 5511 deinceps
1703 5436 1773 5495 ads

134 5536 197 5578 vare
216 5520 251 5580 de
271 5527 356 5591 terra,
378 5524 454 5579 Deus
467 5524 630 5597 pondersvit
654 5526 700 5583 illa
724 5530 803 5601 quasi
816 5530 937 5587 maxime
992 5529 1118 5602 pulcrum
1131 5529 1205 5593 illius
1218 5530 1321 5588 debent
1335 5529 1433 5597 erebra
1444 5527 1579 5585 mhaeda
1588 5521 1773 5587 aon-solenh

134 5610 270 5669 montium
292 5608 484 5683 fundamenta;
508 5621 537 5670 et
551 5629 602 5671 nec
616 5615 763 5673 minimum
785 5616 937 5692 digitorum
991 5618 1159 5688 Christianis,
1173 5619 1317 5678 sedetiam
1340 5618 1369 5675 in
1390 5616 1504 5692 paganis
1519 5616 1600 5689 ipsis,
1618 5616 1774 5690 quim·
1817 5630 1820 5691 ς

134 5699 292 5757 membmm
304 5696 934 5779 ullopoteratartidoiolevaregentilistnrma.
990 5717 1056 5767 tuno
1078 5716 1244 5783 venerantur
1262 5706 1386 5782 quotidie
1407 5708 1616 5778 (adala-Pras»
1635 5712 1684 5773 sat
1697 5710 1776 5765 nt·

168 5808 242 5875 llos)
261 5805 329 5865 lniit
344 5807 441 5871 'iicmo
463 5808 713 5884 peregrinationem
732 5826 807 5872 anno
827 5818 992 5885 ettotam
1009 5815 1121 5878 ottone
1140 5816 1270 5892 Frising,
1289 5815 1339 5874 lib.
1355 5831 1413 5874 vn.
1436 5816 1518 5873 huno
1532 5811 1662 5890 mananti
1677 5818 1777 5888 sapt·
