3870 6164
103 236 188 321 aaa'
241 238 244 243 ’

103 489 135 537 ut
153 480 182 537 rb
199 496 231 537 ca
242 494 326 552 quarn
343 494 407 554 arga
428 488 551 538 sanctam
566 489 597 537 et
608 480 787 553 apostolicam
807 482 902 539 Fecle-

102 575 173 631 siam
194 573 293 631 babere
306 574 415 646 caepisti
428 573 573 631 dilectione
585 573 722 648 prollcias,
744 590 823 648 spem
838 591 902 633 vero

103 667 133 723 in
155 675 252 724 nostra
271 667 414 733 charitats,
434 667 490 725 imo
507 668 577 725 beati
598 669 667 740 petri
689 669 861 741 protectione
875 679 903 727 et

101 762 163 833 ejus
190 762 339 832 apostolica
361 760 546 819 indubitanter
571 762 770 832 benedictione,
800 763 903 822 habore

100 854 239 911 confidas.

138 951 211 1004 Data
230 951 329 1007 Romae
343 963 386 1006 vu
410 948 549 1007 Kalendas
563 950 737 1021 Novembris,
754 951 903 1010 indictione

101 1040 211 1098 decima
222 1042 313 1099 tertia.

372 1154 542 1211 EPISTOLA
556 1155 633 1211 Xlll.

203 1282 244 1322 su
261 1278 447 1324 summersit
461 1280 566 1323 nsenu
578 1279 803 1326 mmounonurr.

403 1381 495 1446 (Anno
511 1382 604 1448 tots.)

101 1490 316 1560 Queriturquod
322 1506 382 1545 mm
395 1492 545 1560 Hunpmioe
560 1490 753 1561 regnumjum‘s
765 1493 803 1546 sit
813 1495 903 1549 sommi

649 263 748 319 Licuit
768 263 948 322 SECUNDUS.
969 294 1004 309 -
1021 268 1127 324 aelst.
1147 269 1213 322 xlv.
1306 266 1315 279 “
1398 328 1401 335 ,

103 386 249 443 ῆεωωεω
262 384 289 443 in
307 393 418 459 pectore
430 394 479 443 tuo
493 401 605 459 semper
626 400 750 445 cresccre
766 387 902 460 cupimus,
919 398 944 458 Α

1476 206 1489 233 Ι

1701 272 1754 327 att

1057 404 1064 421 t
1159 396 1162 401 '
1224 392 1401 449 uersibus
1410 393 1486 449 XIV.

957 518 998 559 Ab
1007 515 1210 560 obtuubltlllbl
1220 517 1527 560 nonantulensibus
1537 518 1753 564 subeuntum!
1837 484 1840 489 Ι

1154 611 1365 654 sustentasset
1384 611 1558 655 nersconos.

1256 710 1349 775 (Anno
1367 715 1455 775 1074.)

960 825 995 877 Ut
1020 836 1113 875 merom
1135 822 1282 876 advocatiae
1311 827 1473 878 monaste-rii
1489 828 1594 881 Sutvctoe
1622 826 1754 881 Cmemo

992 895 1075 948 loom
1088 895 1124 948 rt
1135 895 1292 955 comtrrtcti,
1314 896 1396 962 luem
1412 896 1530 964 ejvrsdem
1541 899 1675 967 porttifice's
1687 912 1751 951 con·

991 966 1172 1028 stitutionem,
1207 965 1328 1021 Gerordo
1356 965 1414 1035 ejus
1437 970 1529 1037 nepoti
1553 969 1653 1038 mojori
1684 971 1750 1023 tmtat

992 1034 1159 1103 adjudicent,
1175 1040 1200 1091 et
1213 1038 1353 1105 llugonem
1367 1037 1401 1091 ob
1416 1054 1446 1092 eo
1472 1038 1625 1094 excludunt.

992 1147 1753 1220 Gnsoonrusepiscopus,servusservorumDciGors·
1825 1212 1842 1235 Ι,

957 1253 1051 1296 usuro
1067 1240 1256 1312 argentinensi
1274 1250 1303 1298 et
1322 1244 1513 1300 Boncnuuno
1529 1243 1675 1303 Basileensi
1693 1245 1752 1317 epi-

954 1333 1044 1405 seopis
1057 1334 1174 1390 salutem
1187 1341 1217 1390 et
1224 1336 1402 1406 apostolicam
1413 1335 1643 1393 benedictionem.

992 1449 1053 1502 Non
1076 1445 1201 1518 ignorare
1222 1461 1270 1502 vos
1295 1446 1434 1504 eredimus
1454 1447 1600 1504 dominum
1625 1456 1751 1506 nostrum

137 1564 226 1624 fem-⁹
241 1578 259 1615 a
274 1564 476 1617 mmmm
500 1577 565 1633 ΜΨ
582 1564 612 1616 in
626 1563 780 1632 gamm-um
793 1579 902 1635 ame,
955 1537 1043 1595 beutae
1055 1538 1197 1595 memoriae
1212 1541 1334 1596 Leonem
1349 1556 1447 1612 papam
1463 1542 1661 1597 monasterium
1682 1544 1750 1598 San-

138 1636 187 1688 rit.
201 1634 287 1690 lionet
302 1634 420 1701 utillud,
439 1639 554 1689 conecto
568 1648 656 1689 esrom
667 1649 725 1698 suo,
743 1635 778 1689 ob
792 1641 901 1706 aposto—
956 1640 1007 1688 clae
1023 1632 1118 1689 Crucis
1139 1632 1168 1686 in
1186 1640 1257 1688 terra
1280 1634 1447 1689 baereditatis
1466 1648 1523 1690 suae
1543 1633 1698 1702 lundatum‚
1720 1650 1753 1691 ac

137 1705 195 1759 “⁶¹²
211 1704 272 1760 καί
284 1707 461 1774 *williswi-
914 1758 940 1821 B
955 1725 1073 1797 propriis
1086 1726 1184 1797 opibus
1199 1725 1257 1797 ejus
1269 1734 1468 1790 constructum,
1490 1735 1593 1785 sanctae
1615 1731 1751 1785 Romanae

136 1816 733 1889 Gnsoosrosepiscopua,serrussorvorum
740 1818 901 1886 betsam—
955 1818 1094 1888 Ecclesiae,
1106 1818 1150 1875 cui
1165 1819 1209 1890 pie
1222 1827 1250 1874 et
1262 1828 1354 1876 sancte
1373 1820 1547 1891 praesidebat,
1561 1822 1590 1876 in
1611 1822 1752 1893 proprium

101 1922 185 1967 nors
203 1913 276 1979 (³62)
295 1910 353 1982 regi
367 1911 575 1985 Hungarorum,
590 1910 709 1967 salutem
727 1912 901 1983 etapostoli-
950 1913 997 1986 jus
1019 1912 1170 1979 tradidisse,
1202 1920 1336 1984 quatenus
1359 1910 1517 1970 venerabilis
1542 1914 1587 1971 ille
1604 1915 1681 1971 locus
1701 1915 1753 1971 sub

99 2019 164 2062 sam
179 2003 410 2061 benedictionem.

139 2097 252 2154 Litterae
266 2106 323 2155 tum
340 2098 374 2154 ad
393 2113 444 2154 nos
460 2096 538 2155 tarde
558 2106 670 2171 propter
687 2113 798 2155 moram
812 2100 900 2156 nuntii
954 2100 1107 2173 proliceret.
1123 2102 1238 2170 Verum,
1255 2100 1326 2157 sicut
1345 2117 1396 2157 nos
1410 2110 1482 2158 certa
1496 2102 1627 2158 relatione
1641 2118 1752 2174 compe·

99 2191 420 2263 tuiallataesunttquas
440 2192 552 2263 quidem
569 2192 659 2248 multo
681 2192 827 2265 benignius
840 2209 901 2250 nra·
954 2194 1051 2261 rimus,
1065 2202 1179 2266 nepotes
1208 2193 1289 2261 illius,
1315 2196 1395 2268 llugo
1419 2192 1543 2251 videlicet
1563 2203 1591 2251 et
1612 2195 1753 2253 Gerendus
1822 2188 1825 2199 '

98 2300 157 2341 nus
171 2292 263 2341 nostra
283 2284 453 2357 suscepisset,
473 2286 495 2341 si
519 2294 566 2341 tua
588 2284 693 2341 incauta
709 2285 828 2343 conditio
842 2302 900 2344 non
954 2303 1003 2343 sun
1019 2286 1205 2361 potiusquam
1228 2302 1290 2360 quae
1302 2288 1354 2344 Dei
1370 2297 1435 2344 sunt
1446 2297 1611 2360 quarentes,
1629 2305 1681 2345 nec
1694 2297 1751 2347 tam

98 2378 174 2435 adeo
186 2378 296 2435 beatum
310 2382 423 2436 Petrum
439 2378 608 2436 offendisset.
622 2381 703 2446 Nam,
723 2380 821 2436 sicula
839 2396 898 2437 ma·
953 2382 1118 2438 sanctissimi
1138 2382 1184 2437 viri
1204 2381 1515 2438 excommunicationem
1528 2382 1669 2448 timentes,
1684 2384 1751 2440 dum

94 2471 210 2545 joribus
224 2473 317 2542 patrie
328 2482 383 2529 tuae
398 2487 562 2545 cognoscere
581 2482 669 2545 potes,
685 2488 801 2547 regnum
819 2476 900 2530 Huu-
954 2476 1024 2531 iuter
1037 2491 1067 2531 se
1081 2475 1116 2532 de
1130 2475 1270 2532 advocatia
1294 2476 1475 2544 contendunt,
1500 2477 1656 2533 monasterii
1680 2479 1751 2535 bons

97 2566 190 2639 garire
209 2574 311 2623 sanctae
331 2568 466 2623 llornanae
487 2567 616 2623 sceleste
644 2567 786 2638 proprium
807 2576 859 2636 est,
883 2583 899 2623 a
953 2567 1092 2641 diripiunt,
1113 2578 1140 2624 et
1153 2585 1215 2640 quae
1232 2567 1267 2625 ad
1286 2571 1513 2625 sustentationem
1527 2570 1686 2627 nrrcillorum
1701 2571 1751 2628 liei

98 2676 170 2731 rege
187 2659 325 2732 Stephano
348 2662 426 2730 (363)
451 2660 517 2716 olim
540 2660 619 2717 beato
643 2662 725 2716 Petro
745 2661 899 2717 cumomni
927 2707 929 2712 ,
953 2661 1101 2717 constituta
1131 2670 1196 2717 sunt
1230 2661 1367 2734 saculegis
1399 2662 1584 2719 invasionibus
1618 2650 1751 2721 militibus

91 2754 167 2827 jure
179 2763 206 2810 et
226 2762 359 2825 potestate
372 2770 421 2810 sua
444 2754 567 2810 oblatum
589 2762 616 2811 et
636 2753 734 2810 devote
747 2754 895 2812 traditum.
954 2755 1011 2811 suis
1027 2752 1149 2826 praedam
1174 2753 1286 2809 iaciunt.
1301 2756 1474 2826 Quapropter
1487 2754 1686 2814 fraternitatem
1702 2774 1752 2814 ve-

96 2852 238 2904 Praeterea
254 2847 386 2903 ilenricus
396 2847 468 2920 (tol)
483 2848 535 2919 piae
547 2848 689 2904 memoriae
699 2847 851 2919 imperator
865 2847 901 2905 ad
954 2857 1040 2904 stram
1064 2847 1184 2903 multum
1200 2862 1331 2920 rogamus
1355 2854 1382 2903 et
1411 2848 1608 2918 admonemus,
1633 2858 1677 2918 ut,
1702 2867 1752 2924 pro

94 2942 240 2998 bonorem
248 2941 335 2997 sancti
349 2941 421 2996 Petri
436 2956 552 3011 regnum
564 2940 632 2997 illud
644 2956 813 3014 expugnans,
829 2941 900 2998 victo
954 2956 1049 2998 amore
1067 2949 1094 2996 et
1115 2939 1208 2997 debita
1221 2950 1314 2996 sancto
1328 2944 1411 2998 Petro
1432 2939 1599 3008 obedientia,
1614 2934 1712 3000 ambos
1725 2944 1753 3001 in

93 3049 180 3108 rege,
198 3042 225 3091 et
244 3033 314 3091 lacta
340 3035 462 3102 victoria,
484 3035 518 3090 ad
532 3051 633 3107 corpus
654 3034 726 3092 beati
749 3037 820 3091 Petri
837 3036 900 3092 lan·
957 3035 1048 3091 locum
1068 3035 1188 3107 aliquem
1205 3043 1294 3089 vestro
1313 3035 1458 3091 conventui
1475 3042 1568 3104 aptum
1585 3037 1753 3106 convocetis,

91 3144 183 3185 ceam
196 3129 649 3202 coronamquetransmisit‚etpro
661 3128 900 3202 gloria2triumpbi
919 3136 990 3222 Cet,
1005 3144 1119 3184 causant
1145 3128 1273 3199 utrinque
1297 3126 1440 3201 diligenter
1460 3129 1640 3200 inquirentes,
1668 3131 1753 3186 linem

91 3223 146 3281 uui
161 3222 223 3278 illuc
235 3222 309 3295 regni
330 3221 430 3279 direxit
440 3222 564 3295 insignia,
580 3238 635 3295 quo
654 3221 838 3295 principatum
856 3224 899 3280 di·
956 3222 1123 3278 contentioni
1141 3237 1238 3277 enrum
1253 3221 1394 3292 imponere
1415 3238 1592 3293 summopere
1608 3223 1752 3289 studeatis,
1840 3250 1847 3259 ·

88 3316 219 3392 gnitatis
240 3316 298 3387 ejus
320 3315 436 3371 attinere
454 3317 592 3388 cognovit.
609 3318 677 3387 Quat
694 3332 759 3373 cum
782 3317 819 3373 ita
833 3317 900 3387 sint,
956 3317 984 3371 in
1007 3317 1082 3371 nullo
1098 3315 1213 3386 quidem
1232 3315 1266 3370 ab
1288 3331 1320 3370 ea
1338 3329 1399 3386 quae
1413 3314 1440 3370 in
1459 3315 1597 3388 privilegio
1619 3317 1753 3388 praelibati
1823 3348 1827 3357 ·

89 3421 131 3467 tu
151 3421 249 3477 tamen,
261 3410 288 3466 in
301 3410 408 3466 caeteris
422 3423 532 3483 quoque
546 3426 561 3465 a
576 3410 648 3482 regia
670 3409 769 3466 virtute
794 3419 821 3467 et
836 3427 900 3467 mo·
955 3410 1043 3465 Patris
1056 3409 1141 3484 nostri
1161 3408 1263 3464 Leonis
1285 3423 1363 3479 papae
1382 3408 1517 3479 descripta
1532 3415 1573 3464 est
1585 3409 1755 3483 constitutio-

87 3505 182 3563 ribus
196 3502 272 3576 louge
291 3503 445 3571 discedens,
457 3504 504 3577 jus
524 3511 552 3559 et
566 3502 699 3559 bonorem
719 3505 805 3559 sancti
828 3505 901 3561 Petri
955 3518 989 3559 ue
1008 3511 1036 3559 et
1054 3501 1282 3558 determinatione
1308 3501 1500 3573 digredientes.
1523 3501 1562 3557 lbi
1586 3504 1659 3559 enim
1682 3504 1755 3561 inter

87 3604 238 3673 quantum
253 3596 288 3653 ad
311 3605 348 3666 tc,
363 3596 528 3653 imminuisti
543 3605 571 3653 et
591 3597 725 3664 alienasti,
749 3596 817 3654 dum
840 3598 901 3671 ejus
954 3604 1053 3653 caetcra
1076 3594 1135 3667 ejus
1157 3595 1305 3667 apostolica
1330 3594 1471 3652 sanctione
1486 3595 1626 3652 decretum
1647 3604 1700 3665 est,
1724 3606 1755 3655 ut

87 3689 899 3764 regnumaregeleutouicoruminbenellciumsioutau·
953 3688 1751 3762 quideprogeniesuaineastroEgcnescbenffingesbeim]
1826 3670 1831 3691 ¹

85 3786 229 3853 divimus,
262 3784 412 3856 suscepisti.
433 3784 515 3854 Quod
540 3784 562 3839 si
589 3799 685 3841 verum
715 3793 766 3853 est,
784 3785 900 3857 qualiter
954 3784 1059 3840 caeteris
1077 3782 1168 3855 major
1186 3790 1251 3837 natu
1276 3781 1356 3838 luerit
1377 3798 1471 3838 curam
1502 3781 1651 3841 advocatiae
1679 3786 1754 3843 solus

954 2006 1003 2062 alis
1015 2007 1101 2062 sancti
1115 2006 1188 2064 Petri
1203 2007 1287 2063 tutior
1300 2015 1328 2063 et
1342 2007 1457 2064 liberior
1468 2008 1495 2063 in
1509 2007 1600 2064 divino
1615 2005 1752 2067 famulatu
1857 1982 1899 2071 ’ζ

88 3879 220 3956 gratiam
233 3879 303 3935 beati
317 3879 399 3947 Petri,
415 3887 463 3934 aut
474 3887 599 3934 nostram
613 3878 831 3935 benevolentiam
841 3894 900 3950 spe-
953 3885 1056 3943 teneat,
1074 3877 1142 3932 etin
1160 3891 1273 3932 omnem
1287 3876 1476 3947 posteritatem
1489 3876 1550 3949 ejus
1570 3879 1678 3967 generis
1696 3878 1755 3936 haec
1859 3902 1862 3907 ·

89 3986 166 4032 rare
186 3971 296 4041 debeas,
309 3981 341 4029 tu
353 3971 422 4044 ipse,
435 3970 458 4028 si
469 3971 604 4043 justitiam
621 3972 662 4027 vis
675 3971 825 4041 attendere,
843 3988 900 4028 non
954 3978 1074 4042 potestas
1103 3970 1139 4026 ita
1164 3970 1302 4042 procedat.
1328 3972 1410 4025 lurta
1442 3985 1524 4042 quam
1550 3971 1752 4028 ordinationem

87 4069 224 4141 ignoras,
237 4066 361 4122 videlicet
381 4074 409 4121 te
423 4081 481 4121 non
495 4065 574 4121 aliter
588 4079 649 4119 eam
664 4062 835 4133 habiturum,
850 4081 900 4122 nec
954 4064 1107 4121 Gerardum
1131 4062 1242 4135 quidem
1265 4062 1388 4136 justitias
1413 4079 1504 4135 agere,
1529 4072 1557 4120 et
1585 4066 1753 4122 advocatiam

88 4160 162 4220 sine
176 4160 321 4230 apostolica
332 4158 567 4216 animadversione
579 4157 627 4214 diu
641 4165 831 4228 regnaturum,
849 4158 900 4216 nisi
954 4157 1040 4229 magis
1064 4157 1161 4213 merito
1184 4173 1267 4229 quam
1291 4159 1437 4230 llugonem
1459 4157 1652 4214 administrare
1675 4166 1752 4230 puta·

90 4262 242 4326 sceptrum
265 4254 343 4327 regni
363 4252 437 4327 quod
464 4260 552 4324 tenes,
572 4260 696 4307 correcto
723 4267 815 4307 errore
840 4260 899 4319 tuo,
954 4268 1027 4319 rrius,
1041 4251 1102 4323 quia
1118 4258 1198 4306 aetate
1212 4250 1331 4322 priorem
1346 4265 1406 4307 esse
1422 4250 1619 4307 intelleximus.
1636 4252 1754 4322 Quodsi

90 4348 269 4421 apostolicae,
290 4364 347 4404 non
368 4346 461 4419 regite,
475 4345 627 4419 majestatis
642 4345 805 4401 beneficium
819 4361 899 4401 reco·
953 4354 980 4400 et
995 4360 1043 4401 vos
1063 4345 1100 4400 ita
1115 4360 1174 4400 esse
1187 4343 1378 4416 cognoveritis,
1394 4353 1514 4414 exparte
1534 4344 1605 4400 beati
1628 4347 1711 4411 Petri,
1727 4353 1754 4402 et

91 4456 230 4519 gnoscam
252 4441 424 4514 nequeenim
444 4455 495 4496 nos
516 4439 628 4504 timore,
652 4440 696 4495 vel
718 4454 822 4507 amora,
851 4449 900 4496 aut
953 4447 1046 4494 nostra
1071 4438 1231 4509 apostolica,
1251 4443 1337 4492 vostra
1363 4441 1446 4493 etiam
1465 4437 1608 4509 episcopali
1631 4439 1753 4495 auctori·

90 4535 193 4608 aliqua
205 4534 337 4606 personali
352 4533 521 4605 acceptioue,
535 4536 738 4604 quantumDeo
752 4532 900 4605 adjuvante
915 4558 942 4621 D
956 4540 1023 4601 tato,
1047 4532 1157 4605 llugoni
1179 4530 1333 4587 interdicite
1354 4546 1388 4585 ne
1403 4530 1517 4585 ulterius
1539 4529 1596 4586 ullo
1615 4530 1699 4588 modo
1718 4530 1753 4588 ds
1787 4586 1790 4590 ,

93 4629 266 4704 poterimus,
285 4627 409 4685 debiturn
425 4627 561 4683 bonorem
579 4626 649 4699 ejus,
665 4626 743 4699 cuius
763 4626 833 4684 servi
853 4643 900 4683 su·
956 4626 1054 4682 endem
1077 4624 1218 4681 advocatia
1247 4639 1276 4678 se
1302 4623 1478 4691 intromittat,
1495 4637 1582 4693 neque
1613 4634 1753 4683 monaste·

94 4738 178 4788 mus,
214 4722 400 4794 irrequisitum
436 4720 633 4791 relinquemus.
661 4722 763 4776 Verum
785 4720 808 4776 si
842 4721 902 4777 baec
954 4720 1035 4786 rium,
1053 4727 1101 4775 aut
1122 4718 1193 4774 bona
1210 4716 1281 4789 ejus,
1295 4717 1482 4789 cujuscunque
1496 4716 1571 4774 modi
1586 4718 1651 4783 sint,
1665 4720 1753 4792 aliqua

93 4814 261 4884 emendare,
275 4824 304 4872 et
324 4815 409 4871 vitam
434 4823 510 4870 tuom
535 4822 566 4869 ut
588 4828 679 4886 regem
700 4813 794 4882 decet,
821 4813 901 4870 insti·
956 4814 1065 4870 laesione
1080 4813 1120 4867 vel
1144 4811 1337 4866 contrarietate
1355 4810 1480 4882 impetat,
1497 4810 1622 4884 alioquin
1643 4813 1711 4869 sciat
1724 4829 1754 4869 se

92 4924 180 4969 tuere
198 4919 236 4978 st,
260 4912 317 4965 beo
331 4910 488 4976 miserante,
504 4906 640 4964 adornare
658 4907 784 4977 volueris,
807 4907 901 4980 procul
957 4906 1098 4979 apostolici
1113 4904 1195 4978 gladii
1213 4905 1296 4961 ictum
1318 4903 1473 4961 nullatenus
1486 4904 1601 4961 evadere
1622 4921 1712 4978 posse,
1726 4914 1754 4964 ct
1827 4924 1832 4931 ·

93 5004 187 5062 dubio
211 5002 387 5059 dilectionem
409 5010 511 5058 sanctae
532 5004 667 5057 Romanae
688 5000 815 5057 Ecclesiae
829 5002 901 5056 siout

95 5096 198 5156 matris
209 5096 324 5154 dilectus
349 5095 432 5163 filius,
448 5102 477 5151 et
489 5103 613 5150 nostram
634 5094 663 5149 in
681 5093 793 5151 Christo
809 5094 901 5150 amici·

94 5192 169 5249 tiam
184 5192 262 5264 plene
277 5190 378 5247 habere
392 5188 504 5261 potoris.

137 5292 209 5343 Data
221 5282 493 5342 RomtevKalendas
499 5280 674 5352 Novembris,
687 5281 840 5339 indictione
850 5282 899 5340 de·

93 5381 272 5439 cimarertia.

95 5614 105 5627 ο
134 5545 209 5611 (⁸62)
227 5543 269 5598 De
282 5540 429 5599 Salomone
441 5554 506 5612 rege
519 5542 719 5611 Hungarorum
730 5538 897 5596 Lambertus

95 5631 125 5672 m
133 5629 216 5755 (Ἢ)
224 5618 371 5741 maneto
380 5682 517 5755 Stephano
529 5684 743 5755 lllungarorum
754 5697 817 5757 rege
826 5682 895 5738 fler·

957 5016 1012 5055 nou
1029 4999 1118 5056 solum
1140 4998 1250 5070 agralia
1265 4998 1336 5054 beati
1350 4999 1433 5065 Petri,
1450 4996 1500 5054 sed
1517 5014 1533 5053 a
1556 5000 1754 5056 communione

955 5095 1039 5150 totius
1053 5091 1181 5149 Ecclesiae
1198 5090 1301 5163 judicio
1320 5092 1405 5147 sancti
1420 5091 1536 5163 Spiritus
1557 5100 1585 5148 et
1605 5092 1752 5165 apostolica

955 5187 1087 5242 sententia
1100 5185 1370 5243 excommunicatum
1384 5201 1415 5241 ac
1425 5185 1640 5241 condemnatum
1648 5188 1753 5258 penitus

953 5281 1082 5352 separari.
1103 5279 1240 5351 Quidquid
1262 5279 1343 5351 igitur
1360 5279 1424 5335 inde
1446 5277 1551 5335 lactum
1580 5278 1673 5349 luerit,
1706 5296 1755 5352 per

952 5375 1057 5431 litteras
1074 5382 1176 5431 vestras
1193 5371 1272 5429 nobis
1284 5374 1444 5444 quantocius
1457 5373 1575 5430 indicare
1594 5383 1698 5430 curate.

952 5543 1064 5606 quarto;
1086 5536 1144 5591 Leo
1158 5532 1291 5591 Ostiensis
1303 5531 1518 5600 librorecundo,
1539 5532 1627 5605 eapite
1647 5540 1756 5604 septua-

950 5607 1059 5678 gesimo
1069 5622 1145 5663 nono
1155 5627 1162 5675 ;
1174 5614 1202 5662 et
1214 5606 1267 5662 alii.

988 5684 1059 5745 (364)
1093 5682 1133 5734 lle
1163 5676 1338 5750 expeditione
1367 5673 1480 5731 Henrici
1515 5676 1540 5729 ll
1579 5674 1755 5745 imperatoris

95 5772 221 5815 manum
233 5756 394 5813 &nmmos
410 5755 440 5812 in
457 5755 595 5813 Chronico
614 5753 675 5809 anni
699 5759 783 5821 t0883
806 5753 895 5810 Cbar-
948 5760 1043 5807 contra
1074 5752 1222 5821 ilungaros
1246 5750 1428 5804 llermannus
1453 5746 1617 5800 Contractus
1645 5744 1673 5797 in
1704 5760 1751 5800 nn·

94 5828 195 5887 tuition
213 5826 360 5901 ww
381 5826 410 5883 in
428 5825 563 5900 sinclita
585 5824 658 5898 apud
682 5825 793 5883 Surium
815 5833 893 5883 tomo
946 5838 985 5880 no
1005 5827 1084 5879 tou.
