3870 6164
127 271 197 326 test

322 398 363 450 De
383 394 527 451 Iunonius
546 397 726 466 sequioribus.

163 508 274 583 AEgu‘ptii
293 517 321 567 et
333 511 465 581 Romani,
479 527 494 568 a
508 512 607 585 quibus
626 512 778 571 calculandi
796 514 923 587 peritiam

127 606 307 676 sumpsimus,
323 621 407 678 quem
419 605 541 678 primunr
556 606 782 665 decennovenalis
793 609 860 682 cycli
876 625 923 666 an·

126 714 195 756 num
212 697 314 755 habere
326 699 516 767 instituerunt,
530 700 653 773 ejusdem
673 703 738 759 anni
750 703 924 760 halendarias

127 792 200 849 ltrnae
212 801 309 850 {etates
323 809 372 865 pro
390 794 560 865 regularibus
573 811 623 869 per
635 803 727 854 totum
742 800 861 855 eundem
875 813 923 871 cy-

127 885 201 943 clum
215 894 310 944 tenere
325 885 521 959 decrevemnt;
546 897 601 946 eta
624 905 798 964 quacumque
819 893 923 948 Kalen-

127 979 227 1037 darum
242 996 344 1038 annum
360 981 481 1038 eundem
501 981 605 1040 iniciati
624 992 700 1053 sunt,
722 984 798 1056 prius
821 985 924 1042 saltum

127 1072 202 1131 lnnae
216 1074 437 1146 absumpserunt.
461 1076 544 1132 Verbi
566 1077 652 1148 gratia
675 1096 682 1131 :
703 1078 855 1135 Romania
874 1081 924 1135 Ja-

128 1169 237 1238 nuario,
255 1168 365 1242 AEgiptii
380 1185 445 1225 vero
460 1184 475 1225 a
491 1170 660 1244 Septembri,
681 1172 785 1229 scilicet
806 1181 925 1243 qviatuor

128 1262 268 1320 mensium
288 1262 369 1320 altius
388 1261 559 1333 inchoantes,
579 1263 667 1331 elteri,
682 1264 710 1321 id
726 1275 769 1322 est
788 1268 923 1337 Romani,

129 1358 157 1414 iu
180 1357 318 1414 tricesima
333 1356 507 1422 Novembris,
530 1357 620 1426 alteri,
641 1357 670 1415 id
692 1366 733 1415 est
756 1360 875 1433 AEgiptii,
896 1361 924 1418 in

129 1452 269 1508 tricesima
295 1451 361 1507 Julii
380 1452 481 1507 saltum
503 1450 622 1508 eundern
638 1452 824 1524 perfecerunt,
846 1454 925 1511 etita

130 1545 238 1620 utrique
254 1543 337 1617 primi
352 1545 395 1601 sui
414 1544 477 1601 anni
499 1544 661 1602 kalendares
673 1545 747 1603 lunae
761 1554 856 1605 aetates
872 1563 923 1620 pro

129 1638 300 1712 regularibus
324 1637 508 1703 instituentes,
523 1647 555 1696 ut
568 1638 757 1712 prescriptum
777 1650 829 1711 est,
853 1640 927 1698 ordi·

130 1739 276 1790 naverunt.

339 1839 379 1892 lle
400 1837 567 1906 regularibus
590 1841 714 1908 petrum.

168 1943 223 2003 Sed
237 1946 297 2019 Jam
314 1953 414 2003 notum
437 1954 489 2015 est,
506 1945 679 2004 Herinranno
700 1945 926 2020 compotistarum

111 2030 308 2098 '‘subtilissimo
332 2039 513 2109 dilucidante,
535 2041 657 2114 primum
679 2041 927 2098 decennovennalis

132 2135 201 2209 cycli
214 2150 318 2191 annum
337 2133 484 2207 apaschali
503 2134 645 2193 neuilunio
661 2135 689 2191 in
704 2140 731 2190 2.
748 2139 810 2191 Nou
826 2135 928 2208 Aprilis

132 2237 224 2301 patres
246 2228 386 2301 antiquos,
402 2228 526 2301 AEgiptiis
549 2229 630 2286 etiam
643 2229 762 2301 quinque
789 2244 928 2286 mensium
1018 2277 1024 2289 .

132 2322 213 2380 altius
228 2321 382 2390 inchoasse,
397 2320 499 2379 scilicet
514 2338 546 2379 eo
566 2338 650 2390 anno,
665 2339 720 2395 quo
744 2322 774 2378 in
795 2322 928 2380 Kalendis

132 2418 248 2474 Januar.
272 2415 429 2473 vicesimam
454 2416 602 2489 septimam
627 2417 721 2472 lunam
736 2416 929 2488 pronunciant,

132 2510 163 2566 in
176 2519 269 2583 quaet
280 2511 381 2567 saltum
397 2510 469 2568 lunae
484 2509 513 2565 in
525 2516 552 2566 3.
564 2508 626 2566 Kal.
642 2510 760 2583 Augusti
770 2509 929 2579 absumunt,

133 2619 219 2678 quem
233 2604 317 2661 etiam
331 2619 397 2660 usus
411 2603 529 2677 vulgaris
544 2602 683 2660 decimum
696 2618 801 2660 nonum
812 2618 929 2675 compu-

134 2705 184 2755 tat.
199 2698 331 2769 Quamvis
346 2698 429 2770 igitur
442 2697 540 2754 eudem
552 2713 626 2754 auno
639 2696 792 2754 secundum
805 2697 931 2769 antiquos

134 2800 226 2865 patres
239 2792 341 2864 primo,
358 2791 458 2863 cuique
480 2790 672 2848 Kalendarum
695 2805 808 2849 suarum
830 2790 933 2848 lunaris

134 2895 202 2944 aetas
220 2885 371 2943 secuudum
385 2893 503 2958 aepactas
517 2900 627 2958 semper
641 2883 772 2953 sufficiat,
789 2884 830 2941 vel
850 2883 932 2940 etiam

135 2980 209 3036 Maio
219 2978 451 3053 superhabundet,
464 2977 565 3035 scilicet
579 2977 666 3052 Aprili
681 2977 810 3035 vicesimo
824 2985 932 3046 octavo,

135 3074 209 3132 blato
224 3072 353 3132 vicesimo
368 3089 453 3141 nouo,
469 3073 553 3129 Junio
565 3072 719 3141 tricesimo,
731 3071 804 3128 Julio
826 3071 929 3144 primo,
996 3088 1001 3099 ·

135 3169 262 3240 Augusto
284 3167 379 3230 tercio,
401 3167 556 3239 Septembri
575 3165 684 3241 quinto,
708 3173 736 3224 et
760 3165 873 3238 reliquis
896 3164 971 3263 adc

135 3261 243 3334 Apriles
258 3277 344 3335 usque
355 3260 505 3330 Kalendas,
523 3261 693 3334 quicumque
713 3269 808 3319 tumen
821 3258 931 3316 easdem

135 3355 310 3413 kalendarias
323 3356 394 3412 lunae
410 3363 507 3412 aetates
520 3370 570 3427 pro
590 3354 762 3427 regularibus
779 3361 872 3412 tenere
885 3353 931 3411 de-

137 3451 237 3519 cernit,
251 3449 362 3523 singulis
381 3449 508 3506 aetabbus
520 3447 710 3505 Kalendarum
723 3455 842 3519 mutuor
854 3461 932 3503 men-

138 3545 213 3602 sium
235 3544 399 3616 primorum,
421 3542 485 3616 quia
510 3541 539 3597 in
558 3539 603 3598 his
626 3539 713 3597 saltus
734 3539 818 3609 tunae,
841 3540 888 3613 qui
903 3554 932 3596 se

139 3638 334 3712 subsequentes
357 3651 465 3708 semper
488 3634 605 3707 maiores
628 3631 713 3690 elficit
732 3641 837 3702 aetates,
861 3649 933 3690 non·
1005 3682 1011 3693 .

138 3732 206 3791 dum
219 3740 372 3789 transactus
386 3738 438 3798 est,
458 3728 603 3785 monadem
625 3744 715 3786 unum
739 3726 864 3801 augendo
884 3727 932 3785 ad-

138 3826 201 3896 dat;
219 3828 311 3899 sicque
326 3823 453 3898 praefatas
467 3822 591 3895 ejusdem
604 3825 670 3881 anni
688 3824 848 3882 kalendares
862 3825 934 3882 lunae

138 3930 236 3980 aetates
251 3936 300 3991 pru
315 3919 497 3993 regularibus,
512 3919 632 3976 maxime
644 3927 677 3977 ut
687 3934 736 3992 per
754 3919 933 3977 embolismo·

137 4031 204 4077 rum
225 4014 351 4070 ordinem
372 4013 499 4070 elucescit
518 4013 724 4086 principalibus,
738 4014 768 4070 in
787 4015 876 4086 primo
890 4030 933 4071 re-

581 271 724 329 seenvn.
744 274 788 329 ru.
806 301 843 316 -
860 253 1069 333 nuncnune
1087 228 1307 335 sueconicus

1700 284 1771 342 {290

936 405 963 470 Α
977 400 1051 459 hunc
1065 401 1189 460 modum.
1212 402 1293 474 Quod
1305 409 1397 460 nutem
1416 401 1473 461 duo
1487 404 1643 463 embolismi
1665 408 1771 467 seilicet

977 495 1110 567 ogdoadis
1132 504 1160 552 et
1176 495 1322 554 endecadis
1345 506 1401 554 tam
1421 497 1574 556 secundum
1595 499 1728 573 AEgiptios
1742 510 1771 559 et

976 591 1120 646 Romanos
1142 606 1223 662 quam
1246 591 1330 647 etiam
1356 591 1506 649 secundum
1528 600 1620 664 patres
1643 595 1771 667 anuquos

976 683 1106 740 stabilem
1126 684 1167 740 sni
1187 685 1289 741 tenuris
1313 685 1439 742 ordinem
1465 686 1594 755 retinent,
1620 686 1647 744 id
1661 686 1697 743 ob
1714 687 1768 745 hoc

977 775 1081 843 evenit,
1100 776 1174 849 quod
1193 778 1220 833 in
1238 777 1292 834 bne
1310 794 1448 835 annorum
1469 788 1577 851 patrum
1592 780 1770 852 antiquomm
1865 780 1871 789 ’

978 868 1163 926 innectuntur.
1188 871 1262 927 Finis
1282 872 1356 928 enim
1377 872 1441 928 anni
1454 873 1600 945 cujuslibet
1620 875 1772 932 secundum

977 963 1106 1036 antiquos
1121 978 1189 1034 pene
1204 964 1373 1037 principium
1387 974 1429 1022 est
1444 966 1595 1023 secundum
1614 970 1769 1037 Romanos,

977 1058 1039 1130 quia
1053 1058 1131 1130 quia
1154 1057 1327 1131 paschalibus
1348 1059 1497 1116 noviluniis
1521 1060 1644 1117 lunarem
1668 1077 1770 1119 anuum

978 1151 1100 1222 incoant,
1116 1151 1193 1208 etad
1209 1151 1305 1209 eadem
1317 1153 1462 1223 reducunt,
1477 1154 1639 1210 ianuarium
1652 1155 1773 1214 Februa·

978 1244 1052 1301 rium
1066 1253 1094 1301 et
1116 1246 1246 1301 Martium
1261 1245 1371 1303 ultimos
1386 1262 1522 1304 annorum
1537 1247 1698 1305 corumdem
1713 1264 1772 1306 esse

978 1338 1194 1411 deprehendunt.
1210 1340 1281 1397 Sunt
1301 1339 1415 1412 quidam
1437 1341 1484 1413 qui
1504 1340 1629 1413 inquisiti
1652 1341 1774 1412 praetatis

978 1432 1208 1490 embolismorum
1220 1433 1413 1490 controversiis
1428 1434 1479 1490 hac
1492 1433 1598 1491 ratione
1614 1432 1772 1503 medentur,

979 1526 1053 1599 quod
1068 1533 1214 1599 postquam
1226 1543 1243 1583 a
1255 1527 1417 1600 Septembre
1434 1536 1543 1600 epactas
1556 1527 1697 1601 sequentis
1710 1528 1774 1584 anni

979 1636 995 1677 a
1014 1620 1143 1680 ianuario
1158 1619 1308 1679 secundnm
1323 1621 1465 1694 mlgarem
1479 1637 1563 1679 usum
1576 1620 1721 1678 inchoandi
1735 1622 1774 1678 in·

981 1714 1113 1787 ceperint,
1137 1715 1262 1786 quamvis
1284 1715 1313 1770 in
1334 1715 1527 1789 martirologiis
1548 1714 1684 1789 aliquibus
1701 1731 1775 1774 anno

941 1806 1156 1881 Bpraecedenti,
1177 1816 1352 1878 annotentur,
1373 1825 1430 1866 non
1453 1809 1604 1883 incongrue
1625 1808 1660 1867 ad
1680 1810 1776 1868 subse·

980 1910 1110 1975 quantem
1133 1903 1268 1972 pertinere
1281 1902 1434 1961 videantur.
1459 1901 1513 1960 Sed
1535 1903 1600 1960 huic
1621 1902 1775 1962 defensioni

981 1994 1070 2052 libens
1082 1995 1276 2065 consentirem,
1292 1996 1316 2052 si
1326 1996 1497 2054 embolismis
1510 1998 1618 2054 cunctis
1628 1997 1700 2054 hanc
1714 2013 1777 2070 pro·

981 2087 1060 2147 desse
1078 2089 1287 2162 perspexissem.
1308 2090 1394 2159 Sit,si
1408 2090 1499 2163 aliquo
1513 2089 1596 2147 modo
1610 2090 1668 2146 lieri
1680 2091 1776 2163 possit.

981 2185 1029 2239 Set
1041 2190 1149 2239 sextum
1160 2182 1355 2240 embolismum
1364 2189 1392 2239 4.
1403 2186 1476 2240 Νοιι.
1491 2185 1564 2257 Aug.
1582 2184 1775 2256 interpositum

981 2291 1025 2334 cut
1045 2292 1113 2351 roge
1128 2293 1264 2335 annornm
1284 2278 1421 2334 ascribere
1434 2277 1555 2354 volanti,
1564 2280 1609 2333 An
1623 2278 1668 2335 cui
1682 2279 1777 2336 attitu-

982 2371 1053 2430 latus
1072 2373 1133 2429 est‘l
1147 2374 1250 2430 scilicet
1261 2381 1338 2430 sexto
1352 2372 1459 2432 decimo
1472 2388 1507 2429 an
1520 2373 1637 2444 septimo
1653 2372 1779 2429 decimo?

983 2464 1010 2522 st
1035 2473 1113 2523 sexto
1138 2466 1260 2536 decimo,
1287 2466 1377 2524 sciant
1401 2482 1465 2524 eum
1492 2481 1636 2540 nunquam
1659 2465 1777 2540 regulari

983 2558 1078 2616 ordine
1098 2559 1292 2615 embolismum
1314 2559 1443 2630 recipere.
1469 2557 1496 2614 Si
1517 2559 1635 2631 septimo
1658 2558 1778 2629 decimo,

983 2650 1171 2719 meminerint,
1194 2667 1224 2708 ee
1250 2660 1360 2732 epactas
1382 2651 1446 2708 anni
1473 2651 1559 2723 ipsius
1582 2651 1708 2709 nondum
1734 2651 1780 2708 in-

985 2744 1107 2802 choasse.
1121 2744 1174 2801 Sed
1182 2744 1254 2800 banc
1266 2745 1518 2819 quastionemeum
1527 2745 1602 2801 nullo
1612 2743 1698 2802 modo
1710 2759 1781 2819 prae·

986 2839 1095 2896 valeant
1108 2837 1236 2906 enodare,
1259 2837 1398 2894 fateantur
1416 2852 1525 2896 necesse
1538 2846 1580 2894 est
1593 2835 1709 2895 rationis
1722 2851 1780 2896 suae

985 2931 1121 2989 medelam
1135 2947 1192 2989 non
1214 2931 1356 3004 prolicere,
1380 2931 1429 2988 sed
1450 2945 1567 2998 errasse,
1592 2936 1620 2986 et
1634 2930 1718 3002 hujus
1742 2930 1781 2987 rei
1832 2982 1835 2996 ‚

987 3025 1131 3083 veritatem
1151 3024 1283 3083 hacteuus
1303 3026 1455 3098 ignorasse,
1477 3038 1579 3097 eosque
1595 3022 1710 3096 posthac
1732 3038 1781 3081 ne·

984 3135 1061 3177 cesse
1073 3127 1116 3177 est
1130 3119 1158 3175 in
1173 3117 1329 3192 hujusmodi
1341 3117 1593 3191 computationibus
1606 3123 1697 3189 patres
1708 3117 1782 3193 anti-

989 3229 1057 3285 quos
1082 3213 1159 3286 sequi
1183 3212 1273 3284 potius
1297 3228 1381 3285 quam
1406 3214 1558 3269 Romanos.
1582 3209 1671 3283 Hujus
1698 3208 1783 3283 igitur

985 3307 1145 3380 questionis
1160 3306 1297 3379 perplexio
1312 3303 1392 3362 lacile
1404 3304 1530 3377 solvitur,
1542 3304 1564 3362 si
1578 3303 1735 3376 diligentius
1749 3303 1784 3361 ad

984 3400 1126 3457 seutentiae
1146 3408 1247 3457 nostrae
1261 3398 1399 3470 superiora
1415 3400 1524 3456 animus
1538 3397 1692 3455 reducatur.
1708 3398 1782 3454 llam

985 3495 1025 3551 sic
1036 3493 1257 3551 undevicesimus
1265 3495 1459 3550 Remanomm
1467 3490 1715 3549 annusdinoecitur
1725 3505 1784 3549 csse

987 3588 1101 3662 primus,
1119 3588 1158 3644 sic
1169 3587 1277 3660 primns
1294 3601 1354 3643 esse
1368 3585 1516 3655 secundus,
1532 3593 1560 3642 et
1570 3584 1707 3643 secundus
1725 3592 1782 3642 ter·

987 3698 1060 3754 crus;
1072 3680 1222 3753 eodemque
1233 3679 1349 3754 regulari
1363 3679 1473 3736 tramite
1484 3678 1615 3747 deducto,
1630 3685 1728 3736 sextus
1739 3678 1784 3735 de-

988 3791 1077 3832 cimus
1089 3775 1193 3833 mdonc
1203 3773 1356 3832 necessaria
1368 3772 1650 3845 deprehendituresse
1662 3771 1785 3831 decimus

988 3871 1130 3943 septimus.

1113 4000 1151 4054 De
1167 3997 1287 4053 uditate
1307 3997 1446 4052 lucanum
1466 3995 1645 4065 regularium.

137 4110 269 4183 gulururn
289 4108 513 4180 praeseriptnrunr
528 4105 622 4163 ordirm
640 4105 674 4162 ab
693 4105 779 4178 Aprili
794 4106 937 4163 exordiens
1024 4113 1053 4171 st
1080 4111 1151 4171 forte
1175 4122 1203 4170 et
1218 4111 1273 4170 hoc
1289 4112 1446 4185 requiritur,
1461 4109 1527 4183 quid
1545 4107 1649 4181 praelati
1671 4107 1783 4164 lunares

138 4201 279 4274 disponat.
295 4204 363 4258 ilaec
375 4201 409 4258 de
423 4199 591 4274 regularibus
601 4202 721 4273 patrum.
991 4221 1089 4264 omnes
1108 4221 1157 4278 per
1175 4221 1205 4262 se
1219 4207 1326 4261 valeant
1339 4205 1487 4277 regulares,
1501 4201 1644 4260 sciendum
1657 4208 1709 4269 est,
1730 4199 1784 4258 hoc

178 4298 305 4353 Primum
321 4295 592 4353 vero'cmholismum
606 4309 729 4351 mensem
742 4292 825 4350 tercio
837 4292 937 4350 abhinc
992 4298 1145 4371 specialiter
1158 4298 1297 4366 intimare,
1312 4306 1398 4369 quota
1419 4299 1483 4352 luna
1506 4296 1585 4352 sitin
1601 4292 1734 4351 Kalendis
1749 4308 1782 4350 eo

140 4394 326 4448 ananciten.
335 4389 935 4457 Decembres,secundumeertuannul.Non.
991 4408 1063 4451 anno
1077 4407 1131 4465 quo
1141 4392 1224 4449 nullae
1234 4398 1299 4449 sunt
1306 4399 1418 4463 epacte,
1431 4389 1551 4461 exceptis
1559 4395 1678 4460 quatuor
1687 4386 1785 4458 primis

138 4483 328 4556 Septembres,
344 4485 460 4541 tercium
475 4493 570 4541 octavo
588 4500 660 4541 anno
678 4489 705 4539 2.
725 4485 798 4540 Non.
813 4485 936 4553 hlartias,
991 4496 1100 4561 patrum
1115 4486 1289 4560 antiquomm
1309 4481 1485 4558 regularibus,
1501 4481 1548 4554 qui
1565 4480 1601 4539 eb
1624 4479 1785 4553 predictam
1818 4514 1827 4525 ·

141 4589 272 4652 quartum
287 4578 436 4636 undecimo
450 4593 525 4636 anno
539 4585 566 4634 2.
581 4576 653 4636 No'n.
675 4578 842 4636 Decenrbres
856 4579 897 4636 vel
909 4585 935 4635 3.
950 4564 977 4631 b
993 4584 1078 4643 salsus
1096 4581 1221 4640 nondum
1242 4578 1374 4637 transacti
1396 4577 1533 4634 rationem
1557 4573 1654 4632 eodem
1676 4588 1787 4647 semper

139 4675 218 4731 llon.
243 4674 398 4742 lautumias,
421 4674 547 4746 quintum
568 4671 676 4729 decimo
698 4681 797 4744 quarto
812 4688 885 4730 anno
909 4681 936 4732 4.
993 4694 1065 4735 anno
1080 4677 1268 4745 minorantur3
1293 4672 1400 4730 caeteris
1414 4686 1478 4729 vero
1498 4670 1579 4727 annis
1597 4668 1632 4727 ad
1646 4669 1786 4743 regulares

139 4769 217 4825 Non.
232 4768 413 4835 Novembres,
434 4775 543 4824 sertum
557 4765 664 4823 decimo
680 4766 797 4838 septimo
815 4755 889 4824 anno
910 4777 937 4827 4.
994 4764 1472 4842 eosdemadjicianturaepactaeanui
1483 4763 1636 4837 presentis,
1647 4768 1788 4836 etquotus

140 4864 216 4920 lton
229 4869 374 4935 Augustas,
386 4863 535 4934 septimum
546 4860 751 4918 undevicesimo
761 4875 834 4918 anno
844 4861 940 4920 finien-

140 4962 202 5013 tem
216 4961 243 5013 3.
258 4959 330 5013 Non.
347 4955 459 5012 Martias
471 4955 656 5030 interponunt.

305 5076 344 5130 De
360 5074 541 5128 controuersia
557 5074 779 5130 unbuliunorum.

182 5188 256 5246 Hinc
267 5189 352 5250 etiam
366 5197 397 5245 nt
408 5196 537 5262 putamus
559 5191 705 5249 exercitato
716 5207 749 5248 ac
761 5189 884 5263 diligenti
895 5207 941 5249 sa·

142 5284 182 5342 tis
198 5292 272 5355 patet
285 5282 457 5352 calculatori,
471 5291 564 5356 patres
575 5283 754 5357 antiquiores,
766 5300 852 5341 annos
864 5286 942 5342 luna·

143 5393 222 5438 resa
241 5377 395 5451 pascalibus
414 5377 562 5433 noviluniis
583 5378 672 5434 verius
686 5379 820 5447 incoasse,
846 5387 874 5436 et
896 5394 944 5436 or·

144 5473 270 5541 dinam,
291 5471 365 5544 quod
377 5470 530 5528 secundnm
544 5471 676 5544 AEgiptios
689 5479 717 5527 et
730 5474 873 5531 Romanos
884 5488 943 5530 em-

145 5564 259 5624 bolismi
275 5565 359 5638 priori
372 5580 481 5640 semper
494 5580 565 5621 anno
584 5579 667 5637 quam
686 5563 837 5624 debuerant
848 5582 946 5624 occur·

995 4862 1068 4923 inira
1081 4864 1194 4937 triginta
1214 4861 1385 4931 remanserit,
1408 4860 1450 4918 vel
1472 4858 1544 4916 ultra
1566 4856 1677 4932 triginta
1690 4871 1786 4914 nume·

995 4976 1042 5017 rus
1055 4955 1214 5028 excreverit,
1228 4956 1331 5030 rejecto
1342 4953 1489 5012 tdccnaric
1503 4959 1563 5010 tota
1576 4951 1681 5010 lunatio
1695 4950 1724 5008 in
1735 4950 1787 5005 Ka·

996 5053 1083 5112 lendis
1097 5053 1158 5110 crit.

1282 5166 1318 5221 De
1335 5163 1407 5221 scitu
1425 5162 1506 5219 buce.
1665 5198 1684 5233 „

1034 5281 1124 5339 Salttn
1136 5281 1208 5338 lunae
1221 5275 1321 5336 crescit
1334 5267 1413 5335 annis
1426 5276 1540 5350 singulis
1553 5274 1621 5330 hora
1639 5275 1667 5327 et
1685 5271 1789 5340 puncto

998 5384 1027 5433 et
1047 5373 1245 5433 undevicesima
1263 5381 1339 5445 parte
1357 5370 1438 5429 unius
1450 5368 1554 5442 puncti.
1571 5367 1633 5421 Non
1646 5377 1711 5435 ergo
1727 5362 1791 5420 unis

998 5469 1155 5541 eisdemque
1169 5468 1208 5524 vel
1223 5465 1343 5523 articulis
1354 5474 1512 5535 temporum
1522 5457 1564 5514 vel
1575 5457 1626 5514 celi
1635 5456 1793 5514 climatibus

999 5565 1074 5622 lunae
1086 5560 1238 5619 celebratur
1259 5559 1394 5625 accensio,
1409 5562 1452 5613 set
1465 5565 1574 5624 semper
1597 5550 1739 5625 aliquanto
1754 5551 1792 5611 ci·⁴

146 5666 228 5729 runt,
243 5658 270 5715 id
295 5667 337 5716 est
350 5674 416 5716 cum
437 5658 562 5715 interseri
576 5656 694 5715 debeam
707 5659 793 5716 tercio
817 5668 895 5718 sexto
919 5671 947 5720 et
1000 5659 1056 5716 tius
1063 5671 1147 5730 mam
1157 5653 1327 5728 precedente
1337 5662 1434 5707 menae
1445 5653 1619 5720 prevenerat,
1628 5654 1660 5703 ut
1672 5645 1710 5701 sit
1721 5642 1796 5703 unde

148 5751 299 5812 undecimo
312 5766 396 5821 anno,
409 5760 438 5810 et
447 5752 576 5810 similiter
585 5752 693 5820 ceteris,
703 5763 837 5825 apparent
849 5763 945 5812 contra
1002 5767 1074 5812 unus
1088 5750 1257 5808 transiliatur
1271 5745 1337 5802 dies.

146 5845 275 5919 regulam
290 5846 319 5903 in
337 5845 458 5905 secundo
478 5845 574 5920 quinto
588 5853 616 5904 et
637 5845 744 5904 decimu
757 5854 785 5903 et
799 5849 897 5906 ceteris
919 5849 948 5907 in
1038 5845 1112 5907 Anni
1133 5844 1168 5902 ab
1192 5839 1299 5915 arigim
1321 5832 1423 5894 mundi
1441 5829 1638 5976 mutauerant
1659 5834 1705 5890 1⁵.
1724 5820 1784 5893 Kb

279 5937 395 5997 Parnon.
424 5936 555 5994 Cllblllll.
