3870 6164
183 268 216 322 η
799 257 827 312 s.
847 256 1038 315 caesonius
1057 255 1101 310 vu
1121 255 1218 310 eres.
1520 222 1522 226 ⁸
1797 250 1833 314 io

181 387 336 449 devotionis
357 394 457 459 gerunt
476 383 627 454 affectum,
641 381 771 456 peculiari
791 398 904 455 quoque
927 383 980 440 ritu
995 381 1155 450 Atertiam,
1166 379 1245 453 cujus
1256 379 1361 436 donum
1380 380 1574 453 Episcopatum
1592 381 1711 453 pecuniis
1725 398 1835 438 coeme-

183 482 228 540 die
252 479 342 538 Natali
366 480 468 551 ipsius,
489 487 518 535 et
541 478 614 535 illius
635 476 818 535 Translationi
839 492 931 546 moro,
947 475 983 532 de
1038 482 1094 541 rat,
1109 473 1231 547 proferre
1244 474 1319 530 nullo
1334 475 1420 531 modo
1434 475 1569 532 valuisset.
1584 477 1627 531 Tu
1642 482 1745 531 autem.

184 575 282 634 eodem
295 576 381 630 Beato
400 573 535 645 Gregorio
549 578 754 630 sacrosanctum
770 571 864 627 Missae
882 577 911 626 et
930 570 982 626 alia
1075 575 1118 626 18.
1134 573 1323 625 «lecrrovr.
1336 566 1483 639 Deniquea
1495 568 1608 624 Nicolao
1618 567 1740 625 secundo
1750 572 1838 627 Ponti·

184 668 275 727 divina
299 667 398 725 Officia
413 669 518 724 tenoris
538 664 728 737 subsequentis
745 665 858 721 recitare
875 663 984 721 deside·
1038 660 1089 719 fiee
1103 661 1323 718 archidiaconus
1337 660 1498 729 cardinalis,
1511 669 1539 717 et
1550 663 1584 718 ab
1599 661 1756 720 Alexandro
1771 663 1836 721 item

184 770 259 819 rant.
276 787 289 812 s
306 760 437 818 Officium
458 761 556 833 duplex
577 757 747 815 recitandum
767 773 815 829 per
827 758 983 830 Capitulum
1038 757 1159 814 secundo
1173 754 1357 814 cancellarius
1370 756 1397 812 S.
1420 759 1557 812 Romanae
1568 756 1699 813 Ecclesiae
1712 765 1836 824 creatus,

185 864 214 913 et
227 857 336 914 clerum
352 855 474 912 Civitatis
487 853 590 910 Salerni
605 852 752 924 quotannis
763 851 791 907 in
805 852 850 910 die
864 851 943 920 sesto,
957 858 984 908 et
1038 850 1127 907 eidem
1143 851 1169 906 in
1190 864 1332 906 summum
1352 848 1544 905 Pontificatum
1566 849 1712 907 succedere
1725 853 1836 909 meruit.

185 950 267 1008 indie
279 947 477 1005 Translationis
488 950 523 1003 Β.
534 947 659 1019 Gregorii
673 936 754 1018 Papae'
763 948 825 1002 Vll.
839 946 940 1003 Omnia
950 944 985 1001 de
1039 943 1084 1003 Ad
1103 945 1170 1001 tanti
1185 958 1250 999 vero
1269 941 1382 1000 honoris
1404 942 1512 1015 apicem
1523 951 1692 1016 assumptus,
1707 944 1765 1015 jam
1780 943 1838 1000 ior·

186 1043 336 1103 Communi
361 1040 532 1098 contessoris
552 1039 696 1097 Pontificis
724 1048 824 1112 praeter
849 1039 893 1095 illa
923 1054 985 1111 quae
1039 1053 1085 1094 ma
1099 1037 1187 1111 gregis
1200 1036 1299 1104 iactus,
1314 1035 1390 1108 qued
1402 1035 1489 1093 verbo
1500 1035 1603 1106 deurit,
1618 1037 1700 1094 etiam
1713 1039 1839 1111 exemplo

187 1145 332 1212 ponuntur
344 1135 464 1207 propria.
482 1155 496 1183 ι
511 1133 782 1205 OuarroDeusqui
794 1136 909 1189 Beatum
919 1134 986 1190 Gre-
1040 1131 1251 1198 demonstravit3
1272 1145 1304 1185 ae
1323 1128 1402 1186 fortis
1421 1130 1578 1202 peremnia
1598 1130 1715 1198 athleta,
1738 1147 1768 1188 se
1789 1148 1838 1204 pro

188 1230 298 1305 gorium
318 1225 511 1285 consessorem
526 1234 604 1284 tuum
624 1234 707 1299 atque
725 1200 905 1295 Pontificem:
916 1228 984 1284 San·
1040 1239 1120 1282 mure
1138 1222 1234 1280 domui
1256 1222 1338 1279 Israel
1359 1239 1460 1295 ponere
1482 1238 1539 1280 non
1561 1223 1663 1280 timuit.
1688 1226 1838 1282 Heuricum

75 1367 83 1378 .
188 1331 298 1380 ciorum
311 1329 425 1378 tuorum
437 1321 523 1394 gloria
538 1321 707 1388 sublimasti;
722 1320 841 1376 coneede
853 1320 987 1392 propitius
1040 1317 1196 1377 Germaniae
1208 1318 1313 1389 llegem
1324 1316 1603 1389 quartum,Eeclesiae
1613 1316 1841 1386 infestum,Fide·

188 1424 237 1484 ut,
251 1415 297 1489 qui
316 1423 492 1488 peecatorum
511 1422 672 1471 nostrorum
688 1414 808 1487 pondere
821 1414 986 1486 premimur,
1040 1414 1108 1470 lium
1120 1411 1315 1468 communione
1329 1425 1468 1483 regnoque
1483 1410 1601 1482 privans,
1613 1411 1738 1468 subditos
1752 1427 1839 1485 popu·

188 1510 249 1583 ejus
260 1508 331 1581 apud
344 1515 372 1564 te
387 1507 514 1580 precibus
526 1506 710 1565 sublevemur.
724 1510 777 1564 Per
790 1507 955 1575 Dominum,
972 1529 985 1555 ι
1042 1508 1083 1565 los
1097 1505 1150 1563 llde
1162 1504 1187 1562 ei
1207 1503 1271 1561 data
1283 1504 1415 1560 liberavit.
1430 1505 1501 1561 Cum
1514 1513 1608 1577 postea
1626 1506 1662 1561 ab
1686 1506 1772 1579 iniqui
1786 1510 1841 1563 lla-

189 1611 243 1660 ete.
263 1603 302 1659 Sit
323 1601 557 1659 commemoratio
578 1603 610 1657 S.
631 1601 740 1658 Urbani
763 1602 845 1672 Papae
866 1608 894 1657 et
915 1603 989 1656 Mar·
1042 1599 1084 1674 gis
1103 1598 1221 1655 exercitu
1236 1599 1335 1654 llomaa
1349 1597 1423 1670 gravi
1435 1597 1576 1655 obsidione
1589 1607 1773 1670 premeretur;
1791 1614 1841 1655 er·

188 1696 257 1769 tyris
271 1697 299 1752 in
321 1695 418 1769 primis
431 1695 567 1767 Vesperis,
583 1701 610 1751 et
629 1693 658 1749 in
678 1691 822 1750 Laudibus
844 1692 924 1761 (dum
942 1709 987 1750 oo·
1041 1693 1155 1749 citatum
1167 1692 1202 1749 ab
1212 1691 1337 1749 hostibus
1350 1690 1506 1748 incendium
1515 1692 1592 1766 signo
1602 1692 1697 1751 Crucis
1709 1693 1840 1763 extinxit3

188 1789 284 1855 currit)
298 1795 327 1845 et
347 1789 376 1844 in
397 1789 534 1845 Matutino
552 1790 604 1844 IX.
622 1787 725 1846 Lectio.
745 1786 874 1844 Similiter
893 1786 923 1843 in
942 1801 986 1844 sc·
1003 1762 1099 1844 Baliis
1112 1800 1239 1859 quoque,
1262 1793 1320 1841 tam
1342 1785 1417 1841 vivus
1437 1801 1520 1859 qnam
1545 1795 1685 1857 mondus,
1704 1786 1842 1844 miraculis

190 1882 285 1940 cundis
299 1881 427 1954 vesperis
440 1883 468 1938 S.
485 1880 635 1939 Eleutherii
649 1882 681 1937 P.
696 1888 725 1938 et
737 1884 775 1937 Μ.
1042 1882 1141 1938 clarus.
1167 1882 1208 1936 Ex
1234 1879 1431 1951 Apostolorum
1455 1888 1535 1936 aetate
1558 1881 1651 1937 nullus
1676 1881 1841 1938 Pontificum

153 2022 156 2029 .
226 1982 271 2033 tl.
290 1974 334 2032 Ad
352 1975 522 2031 Matutinum
537 1975 566 2030 in
579 1975 668 2046 primo
685 1975 831 2031 Nocturno
843 1972 989 2031 Lectiones
1043 1973 1126 2032 fuisse
1147 1972 1273 2040 traditur,
1288 1973 1335 2045 qui
1356 1973 1475 2045 majores
1489 1988 1538 2045 pro
1556 1973 1677 2030 Ecclesia
1692 1974 1743 2030 Dei
1766 1974 1841 2030 labe·

190 2069 226 2127 de
244 2069 325 2126 initio
338 2068 466 2126 secumae
482 2068 612 2141 Epistolae
624 2070 656 2124 Β.
670 2069 743 2126 Petri
754 2068 892 2140 Apostoli,
908 2075 990 2140 prout
1043 2080 1088 2125 res
1108 2067 1301 2138 molestiasque
1316 2067 1475 2139 pertuleritt
1490 2075 1538 2123 aut
1550 2066 1597 2139 qui
1612 2083 1661 2138 pro
1678 2066 1736 2139 ejus
1760 2067 1841 2123 liber·

190 2159 274 2219 b'abat
292 2162 464 2219 Breviarium
487 2164 648 2219 Romanum
673 2161 790 2218 inferia
816 2169 892 2217 sexta
919 2158 989 2217 infra
1043 2169 1101 2218 tato
1121 2162 1210 2218 acrius
1230 2159 1397 2234 pugnaverit.
1412 2160 1625 2217 innumerabilia
1640 2168 1705 2218 sunt
1725 2176 1787 2233 quae
1803 2160 1842 2218 vel

129 2324 135 2329 .
191 2257 323 2312 Octavam
346 2255 530 2312 Ascensionis.
556 2254 722 2312 insecundo
746 2257 886 2312 Nocturno
902 2276 915 2303 α
930 2257 984 2310 Ln-
1043 2254 1150 2312 fortiter
1172 2255 1309 2325 sustinuit,
1327 2255 1366 2311 vel
1382 2254 1475 2310 multis
1498 2254 1601 2311 coactis
1621 2253 1649 2309 in
1662 2254 1738 2311 Urbe
1759 2257 1844 2327 Syno-

191 2364 263 2407 crro
278 2363 321 2406 iv.
337 2349 485 2422 Gregorius
498 2351 573 2421 Papa
590 2350 652 2416 Vll,
667 2350 763 2406 Soanae
776 2349 804 2404 in
818 2348 926 2404 Etruria
939 2362 988 2402 na·
1044 2348 1086 2406 dis
1105 2349 1240 2421 sapienter
1252 2348 1402 2405 constituit.
1421 2350 1461 2404 De
1474 2363 1559 2404 manu
1572 2348 1684 2404 Henrici
1698 2347 1810 2405 undem
1826 2364 1841 2404 a

191 2452 255 2512 tus,
277 2443 417 2511 (lectuna,
432 2443 573 2499 sanditate
588 2442 717 2516 omnique
739 2442 872 2499 virtutum
894 2457 991 2515 genere
1045 2442 1167 2500 lioberto
1177 2440 1418 2499 GuiscardoDuce
1428 2440 1843 2513 Nortbmannoereptus‚Saler·

192 2537 353 2609 cumprimis
373 2535 487 2608 nobilis,
508 2536 620 2592 mirifice
634 2536 789 2592 universam
810 2536 860 2592 Dei
875 2535 988 2592 illustra·
1045 2552 1112 2594 num
1139 2536 1261 2603 veniens,
1283 2533 1385 2591 ibidem
1400 2541 1495 2590 octavo
1517 2533 1655 2591 Kalendas
1675 2534 1764 2604 Junii,
1778 2550 1842 2592 cum

192 2630 230 2685 vlt
250 2629 414 2697 Ecclesiam3
438 2645 594 2702 supremam
624 2644 688 2686 vero
716 2626 871 2686 Sacerdotis
896 2628 937 2684 sui
964 2627 991 2683 in
1046 2627 1337 2704 praefuissetEcclesiae
1348 2626 1599 2697 annosduodeclm,
1608 2643 1732 2685 mensem
1745 2645 1842 2697 unum,

192 2723 272 2780 terris
294 2723 454 2795 dignitatem
479 2721 681 2789 admirabiliter,
704 2721 749 2794 qui
768 2730 810 2779 est
827 2720 992 2778 admirabilis
1046 2724 1105 2782 dies
1125 2732 1198 2791 tres,
1223 2723 1321 2779 creatis
1345 2720 1532 2793 compluribus
1553 2723 1652 2778 Romae
1672 2730 1755 2794 atque
1781 2722 1844 2779 alibi

192 2815 222 2873 in
237 2817 342 2873 &nous
353 2818 410 2873 suis
422 2816 570 2883 Dominus,
584 2824 793 2888 praemonstrare
804 2815 989 2887 dignatusest.
1047 2817 1236 2876 cardinalibus
1257 2824 1285 2872 et
1308 2814 1467 2887 Episcopis,
1492 2814 1536 2872 die
1557 2815 1706 2872 Dominico
1721 2816 1845 2888 migravit

192 2912 262 2968 liam
282 2926 345 2966 cum
360 2910 504 2982 parvulus,
520 2908 553 2966 ad
569 2908 637 2965 labri
660 2910 730 2982 ligna
744 2908 880 2966 edolantis
893 2907 991 2981 pedes,
1044 2911 1078 2969 ad
1091 2911 1262 2977 Dominum3
1278 2909 1392 2982 eiusque
1404 2923 1514 2964 sacrum
1529 2909 1635 2981 Corpus
1648 2909 1677 2964 iu
1692 2909 1844 2965 Catbedrali

189 3004 249 3077 jam
271 3003 540 3063 litterammdnsetus
564 3001 686 3070 luderet;
710 3017 741 3057 ex
768 3002 876 3074 rejectis
899 3010 991 3057 tamen
1045 3005 1160 3061 Basilica
1189 3003 1356 3060 Salernitana
1382 3010 1424 3058 est
1447 3001 1597 3059 honorilice
1622 3001 1771 3059 conditum.
1801 3005 1843 3058 Tu

193 3096 340 3170 segmentis
354 3096 399 3152 illa
414 3095 536 3151 Davidiei
554 3095 686 3150 elementa
702 3093 810 3151 oraculi
827 3116 840 3143 ι
860 3094 992 3150 Domina·
1008 3107 1155 3196 cautem,
1174 3120 1187 3147 a
1203 3106 1257 3154 etc.
1274 3099 1307 3152 ln
1327 3097 1409 3152 tertio
1423 3097 1564 3153 Nocturno
1577 3096 1723 3169 lectiones
1734 3094 1769 3150 de
1783 3097 1843 3152 llo-

194 3189 295 3246 bitura
310 3187 377 3243 mari
390 3202 475 3260 usque
488 3186 521 3243 ad
536 3202 622 3254 mare,
638 3208 649 3237 r
665 3185 792 3242 divinitus
805 3185 990 3243 conformasse
1044 3190 1120 3247 milia
1134 3191 1165 3247 S.
1184 3189 1284 3245 Leonis
1297 3191 1378 3261 Papae
1393 3189 1421 3246 in
1437 3188 1627 3259 Evangelium,
1643 3213 1657 3238 ι
1671 3187 1752 3243 Venit
1763 3190 1843 3244 lesus

192 3289 330 3338 narratur.
356 3283 384 3336 ls
408 3280 443 3336 ab
462 3281 572 3336 ineunte
592 3282 783 3337 aetateltomae
798 3278 918 3336 honestis
935 3280 990 3336 ani·
1043 3283 1071 3340 in
1096 3292 1185 3356 partes
1202 3284 1334 3339 casareae
1359 3282 1493 3354 Philippi,
1519 3305 1532 3332 s
1548 3296 1616 3353 quas
1634 3280 1714 3337 babet
1735 3281 1843 3337 Brevia·

195 3390 273 3431 mum
287 3374 432 3446 disciplinis
444 3375 585 3444 excolens,
601 3374 629 3429 in
642 3373 726 3431 domo
740 3375 767 3430 S.
782 3374 853 3430 Petri
869 3382 910 3430 est
922 3389 988 3430 enu·
1043 3376 1117 3434 rium
1139 3378 1299 3433 Romanum
1324 3374 1368 3432 die
1392 3380 1438 3432 22.
1462 3375 1546 3432 Febr.
1570 3375 1597 3431 in
1614 3372 1686 3431 issto
1700 3374 1843 3431 Catbedrae

194 3469 286 3537 tritus,
298 3467 344 3524 tali
358 3468 492 3525 nutritore
504 3467 603 3540 diguus
617 3467 744 3525 alumnus
759 3486 766 3523 ι
781 3476 813 3524 ut
823 3468 901 3540 cujus
915 3467 992 3523 altis·
1044 3469 1222 3527 Antiochenae
1235 3471 1265 3527 S.
1281 3470 1365 3527 Petri.

192 3562 306 3632 simam,
333 3565 393 3618 Dee
425 3562 572 3634 largiente,
596 3562 785 3617 auctoritatem
819 3569 993 3632 suscepturus
1081 3569 1125 3621 ld.
1140 3561 1344 3631 blissadicitur,
1359 3577 1420 3633 quae
1432 3562 1543 3634 ponitur
1559 3563 1586 3618 in
1599 3560 1701 3618 blissali
1715 3563 1843 3618 Romano

193 3654 337 3728 aliquando
352 3663 419 3724 erat,
433 3655 516 3726 ipsius
530 3653 688 3726 apostolice
699 3653 727 3708 in
737 3654 841 3726 grenio
853 3653 992 3722 educatus,
1044 3657 1087 3714 die
1114 3664 1143 3713 tl
1160 3656 1278 3729 Aprilis,
1293 3657 1322 3712 in
1341 3655 1411 3712 leste
1426 3658 1518 3714 sanct.
1540 3656 1645 3713 Leonis
1662 3657 1759 3727 Papae,
1776 3671 1844 3727 pres·

194 3747 359 3820 apostolicis
374 3747 439 3814 illis,
450 3761 518 3819 quas
528 3754 621 3818 postea
629 3747 655 3802 in
668 3746 788 3819 gerendo
799 3762 909 3803 summo
921 3748 993 3804 Pon·
1044 3759 1086 3809 ter
1092 3749 1842 3821 Orationesouurronnrus.«DeosquiBGrcgorium

80 3876 88 3885 «
196 3838 302 3896 tificatu
316 3839 453 3902 exhibuit,
475 3839 618 3896 virtutibus
632 3840 737 3912 plenius
758 3840 934 3897 imbueretur.
948 3844 991 3898 Tu
1044 3853 1095 3902 ete.
1114 3868 1127 3895 υ
1143 3851 1174 3901 ut
1187 3859 1280 3915 supra.
1296 3866 1309 3892 ι
1325 3845 1472 3900 Sacrana.
1487 3846 1519 3898 Β.
1535 3842 1660 3916 Gregorii
1671 3841 1843 3899 confessoris

194 3940 297 4000 autem,
310 3933 439 4002 Domine,
452 3942 506 3990 etc.
1044 3937 1083 3994 tui
1097 3946 1181 4010 atque
1196 3936 1353 4004 Pontificis,
1369 3950 1542 4009 quaesumus,
1558 3935 1686 4002 Domine,
1697 3950 1787 3992 annua
1798 3950 1843 3992 so·

229 4032 272 4084 ta.
290 4050 303 4075 s
318 4027 436 4085 anrro
456 4042 487 4084 v.
516 4026 626 4083 Iuvenis
641 4027 769 4084 Ecclesia
791 4028 960 4096 libertatem,
976 4044 992 4084 a
1043 4031 1169 4087 lemnitas
1182 4045 1233 4086 nos
1256 4028 1324 4103 [tibi]
1346 4028 1443 4087 reddat
1455 4037 1598 4101 acceptos3
1613 4036 1644 4085 ut
1657 4044 1705 4100 per
1718 4027 1778 4085 baec
1793 4029 1843 4099 piae

191 4119 282 4177 Laicis
306 4135 483 4193 oppressam,
508 4135 539 4176 ac
562 4120 723 4191 depravatos
742 4121 991 4178 Ecclesiasticorum
1044 4124 1202 4197 placationis
1213 4123 1313 4189 cilicia,
1325 4132 1353 4179 et
1362 4122 1439 4178 illum
1450 4121 1529 4178 beata
1541 4122 1684 4179 retributio
1696 4122 1843 4178 comitetur

191 4229 284 4271 mores
298 4213 484 4270 vehementius
498 4213 611 4280 dolens,
627 4214 654 4269 in
668 4214 837 4271 cluniacensi
852 4216 991 4272 Meuaste·
1044 4225 1072 4273 et
1084 4217 1166 4273 nobis
1187 4216 1279 4289 gratiae
1293 4225 1347 4272 toae
1365 4214 1437 4271 dona
1451 4215 1588 4273 conciliet.
1612 4217 1665 4272 Per
1679 4215 1841 4272 Dominum.

191 4306 246 4378 rie,
261 4306 308 4363 ubi
329 4306 380 4364 sub
403 4306 507 4379 Regula
534 4310 563 4363 S.
589 4306 728 4364 Benedicti
750 4308 905 4365 austerioris
930 4308 992 4366 vitae
1044 4313 1195 4368 Posrcou.
1209 4311 1262 4376 Da,
1277 4324 1448 4382 quesumus,
1460 4309 1591 4378 Domine,
1604 4308 1728 4366 fidelibus
1738 4308 1844 4380 populis

182 4398 362 4471 ,abrenuntia
387 4416 419 4456 eo
434 4408 556 4472 tempore
582 4401 699 4456 maxime
714 4401 836 4472 vigebat,
860 4400 988 4458 Monacbi
1043 4407 1075 4461 Β.
1092 4402 1259 4461 confessoris
1279 4403 1318 4458 tui
1334 4411 1415 4475 atque
1435 4401 1575 4460 Pontificio
1595 4400 1720 4473 Gregorii
1733 4416 1844 4472 semper

192 4491 316 4550 habitum
337 4493 467 4561 induens,
480 4501 557 4550 tanto
571 4493 676 4566 pietatis
688 4494 786 4551 ardore
806 4493 911 4551 Divlnae
928 4499 987 4550 lla·
1002 4479 1028 4543 Ῑ)
1044 4497 1216 4555 veneratione
1239 4495 1339 4565 laetari,
1362 4505 1390 4553 et
1410 4495 1470 4568 ejus
1493 4503 1621 4569 perpetus
1645 4494 1842 4566 supplicatione

186 4584 278 4659 jestati
301 4585 485 4655 deserviebat,
508 4595 539 4642 ut
560 4601 575 4642 a
598 4587 697 4644 sanctis
719 4587 842 4660 ejusdem
866 4588 987 4645 Goenobii
1043 4574 1154 4648 muniri.
1171 4589 1465 4659 PerDominum,etc.

189 4679 314 4736 Patribus
337 4680 414 4736 Prior
437 4679 472 4736 sit
494 4679 604 4736 electus.
629 4680 696 4736 lnde
723 4697 788 4737 mox
810 4697 826 4737 a
848 4683 877 4738 S.
894 4684 987 4739 Leone
1080 4690 1123 4741 15.
1141 4710 1154 4735 ι
1171 4686 1296 4757 cumque
1307 4692 1366 4740 tam
1380 4685 1501 4739 loannes
1514 4681 1744 4755 archiepiscopus
1757 4696 1840 4754 quam

190 4773 262 4846 Papa
285 4788 377 4842 nono,
392 4773 455 4845 quia
476 4772 584 4829 lucerna
600 4774 693 4830 lucens
710 4782 738 4829 et
752 4773 850 4830 ardens
869 4775 896 4830 in
910 4775 986 4831 clau·
1042 4781 1171 4834 Decanus
1186 4788 1214 4835 et
1226 4778 1383 4849 Capitulum
1396 4793 1430 4834 ac
1450 4776 1545 4834 Glerus
1560 4772 1681 4848 praedicti
1693 4776 1773 4833 nobis
1792 4775 1842 4831 hu-

189 4873 311 4923 strorum
325 4865 456 4938 angustiis
470 4866 552 4923 latere
564 4883 619 4925 non
633 4866 765 4936 debebat,
786 4866 834 4924 sed
852 4868 880 4923 in
895 4868 987 4924 Eccle·
1042 4871 1143 4928 militer
1161 4871 1304 4943 supplicari
1328 4869 1442 4927 iecerint
1464 4878 1495 4926 ut
1513 4869 1548 4927 de
1570 4878 1725 4942 opportuna
1747 4868 1798 4925 sibi
1813 4869 1841 4924 in

190 4959 238 5016 siae
259 4958 392 5015 altissime
413 4958 513 5016 vertice
537 4960 586 5017 Dei
605 4960 682 5033 jussu
703 4960 815 5018 locanda
837 4969 910 5030 erat,
928 4962 987 5017 llo·
1043 4966 1189 5036 premissis
1212 4963 1318 5022 licentia
1334 4963 1477 5038 providere
1498 4962 1664 5036 benignitate
1685 4961 1841 5032 Apostolica

190 5066 266 5108 mam
281 5051 424 5123 adductus,
436 5060 463 5110 et
472 5063 572 5111 sanctae
586 5057 721 5111 Romana
735 5055 863 5112 Ecclesiae
873 5053 987 5112 subdia·
1042 5058 1235 5132 dignaremur;
1255 5061 1323 5126 Nos,
1343 5073 1440 5114 eorum
1463 5056 1599 5115 laudabile
1624 5053 1790 5112 desiderium
1813 5053 1840 5108 in

190 5160 276 5202 conus
298 5145 452 5213 ordinatus,
475 5147 562 5204 eidem
583 5150 609 5204 S.
633 5149 718 5205 Leoni
740 5165 772 5205 ac
786 5149 988 5208 successoribus
1042 5153 1165 5209 Domino
1178 5153 1324 5224 plurimum
1338 5151 1576 5219 commendantes,
1591 5157 1620 5206 et
1633 5162 1729 5204 eorum
1743 5145 1839 5218 singu-

190 5254 276 5311 usque
294 5239 362 5296 adeo
383 5258 464 5298 carus
478 5242 539 5307 fuit,
555 5251 586 5298 ut
598 5242 663 5297 nillil
686 5243 744 5298 sine
766 5243 851 5316 ipsius
873 5244 987 5300 consilio
1042 5246 1083 5303 los
1097 5260 1113 5302 a
1127 5245 1268 5318 quibusvis
1279 5244 1595 5310 excoinmunieationis‚
1609 5239 1797 5313 suspensionis
1812 5248 1840 5297 et

189 5340 322 5403 gererent.
339 5339 364 5389 Α
375 5334 486 5391 Victore
500 5336 574 5407 Papa
587 5334 707 5391 meando
722 5335 852 5408 legatusa
866 5336 948 5393 latere
961 5338 988 5393 iu
1041 5338 1193 5407 interdicti,
1207 5338 1319 5412 aliisque
1339 5337 1528 5396 ecclesiasticis
1543 5333 1702 5404 sententiis,
1712 5336 1840 5392 censuris

189 5424 304 5481 Galliam
320 5425 435 5495 missus,
459 5428 625 5500 Episcopum
641 5429 746 5501 publice
760 5429 912 5486 Simoniaea
927 5431 987 5488 labe
1041 5441 1070 5490 et
1083 5432 1183 5504 poenis,
1196 5448 1212 5489 a
1223 5432 1287 5505 jure
1299 5431 1339 5489 vel
1358 5431 1394 5488 ab
1407 5431 1519 5489 bomine
1530 5428 1626 5503 quous
1638 5427 1783 5486 occasione
1798 5429 1840 5485 vel

187 5516 334 5589 infectum,
349 5521 411 5592 quia
426 5520 584 5579 humanitus
600 5523 724 5579 convinci
737 5539 794 5579 non
810 5532 926 5596 peterat,
942 5524 984 5581 di·
1040 5542 1123 5584 causa
1145 5526 1220 5595 latis,
1245 5526 1267 5581 si
1285 5522 1614 5598 quibus-quomodolibet
1635 5522 1760 5580 innodati
1783 5522 1840 5579 exi·

187 5611 286 5667 vinitas
306 5613 440 5682 convicit3
456 5631 520 5671 eum
531 5616 623 5687 jussus
637 5617 774 5686 antistes,
789 5617 882 5675 Gloria
903 5618 985 5689 Patri,
1040 5628 1134 5689 stunt;
1148 5620 1181 5677 ad
1197 5618 1328 5677 ellectum
1339 5617 1515 5691 praesentium
1529 5616 1661 5675 duntaxat
1675 5631 1838 5688 consequen·

187 5711 214 5760 et
228 5705 310 5776 Filio,
324 5715 353 5762 et
363 5707 472 5779 Spiritui
492 5716 585 5765 sancto
601 5711 689 5781 palam
706 5694 898 5783 pronuntiare,
914 5713 986 5771 dua·
1039 5714 1125 5783 dum,
1146 5713 1246 5770 barum
1266 5713 1336 5770 serie
1356 5711 1543 5781 absolventes,
1566 5721 1595 5770 et
1612 5712 1755 5770 absolutos
1777 5708 1837 5766 fore

187 5796 240 5854 bus
263 5799 374 5871 quidem
403 5801 511 5857 Divinis
536 5803 661 5860 Personis
685 5803 763 5861 facile
786 5806 979 5877 pronuntiatis,
1038 5814 1195 5876 oensentes,
1208 5805 1369 5877 huiusmodi
1382 5792 1631 5878 supplicationibus
1650 5803 1787 5872 inclinui,
1801 5801 1837 5861 de

1468 6004 1485 6055 l*
