3870 6164
133 239 187 293 933

590 234 733 290 APPEND.
754 233 797 289 lll.
817 262 853 274 ·-
869 231 1079 289 nonantula
1098 231 1329 288 suadeamur.

1734 235 1787 290 934

132 377 182 418 me
205 360 335 431 Ugonem
354 358 488 425 scribere,
505 366 537 415 nt
560 359 679 431 inssisti,
698 373 758 416 non
780 357 877 430 piguit.
901 361 975 425 lnA
991 358 1071 414 rebus
1098 357 1220 429 probata,
1240 356 1324 412 tidem
1339 355 1398 428 ejas
1423 355 1578 414 testimonio
1606 357 1791 416 adhibendam

122 455 219 529 lilla,
233 452 278 509 cui
293 467 397 508 nomen
411 460 453 509 est
466 454 594 522 lllurana,
603 467 666 525 qnae
680 468 695 508 a
709 451 819 508 civitate
833 451 934 507 Brixia

132 554 242 619 septem
263 544 395 602 milliariis
419 545 516 613 distat,
540 546 640 602 mulier
662 553 723 601 erat
746 544 889 617 quaedam,
905 544 937 599 fi-

133 642 201 700 liam
224 640 343 708 habens,
358 640 461 710 linguae
475 638 565 696 allicio
588 647 616 696 et
629 639 730 712 pedum
751 639 788 694 ita
803 640 935 710 privatam

135 735 223 808 quod,
238 733 291 789 nisi
305 734 358 790 alio
381 731 534 802 deferente,
556 733 647 804 aliquo
672 732 756 788 modo
779 731 937 787 nullatenus

133 843 249 901 surgere
266 825 388 895 valebat,
407 841 481 898 quae,
500 842 565 883 eum
579 841 613 882 ex
627 841 706 882 more
719 832 841 898 portaret
860 832 936 880 extra

135 921 251 980 domm
270 927 442 977 contractam
455 919 551 988 liliam,
566 919 651 976 taedio
672 918 822 992 quotidiani
836 918 938 974 laboris

133 1014 288 1087 suspirans,
300 1013 391 1086 inquit
407 1033 414 1071 :
434 1035 447 1062 ι
461 1012 589 1068 Piissime
602 1015 687 1081 Deus,
702 1027 751 1082 per
762 1011 861 1067 merita
875 1027 938 1066 san-

133 1108 254 1166 ctissimi
268 1105 431 1165 comemoris
444 1107 484 1162 tui
505 1105 638 1175 anselmi,
653 1105 784 1162 misertus
796 1118 866 1161 meae
886 1105 938 1159 tri·

133 1200 295 1268 bulatioais,
319 1207 367 1256 aut
388 1199 515 1256 miseram
530 1199 602 1255 hanc
617 1206 816 1270 pramouuam
829 1197 938 1254 sanitati

134 1295 262 1361 restitue,
281 1301 330 1350 aut
342 1309 405 1350 eam
426 1292 461 1350 de
476 1293 603 1366 praesenti
618 1293 674 1350 vita
697 1290 850 1348 auferendo
865 1306 909 1346 me
924 1308 941 1347 a

137 1398 218 1447 tanto
232 1382 325 1445 labore
347 1402 423 1455 erue,
446 1387 568 1458 alioquin
593 1386 637 1442 hic
661 1400 724 1442 eam
737 1385 786 1441 tibi
801 1386 938 1458 relinquo.

136 1485 193 1540 Fac
206 1482 281 1556 quod
296 1484 394 1554 placet,
410 1481 473 1553 quia
487 1480 594 1537 nullum
608 1496 659 1553 pro
673 1495 705 1536 ea
718 1479 841 1536 laborem
855 1479 941 1551 pau'ar

136 1577 277 1648 abinceps.
296 1599 309 1625 ι
325 1576 388 1645 Quo
401 1574 487 1641 dicto,
502 1590 569 1630 mox
584 1573 660 1642 abiit,
675 1573 730 1629 fllia
749 1572 893 1644 destituta,
911 1581 942 1628 ut

137 1670 219 1727 dixit.
239 1669 349 1727 blodieo
363 1676 458 1725 antem
478 1667 553 1725 lacto
572 1666 707 1739 temporis
721 1667 872 1734 intervallo,
891 1666 940 1723 do-

138 1779 218 1821 mum
232 1778 370 1829 remeans,
393 1777 476 1835 quam
488 1761 662 1817 sancdssimo
676 1761 808 1817 Anselmo
822 1759 935 1832 relique·

139 1865 185 1914 rat
197 1855 303 1913 invenit
320 1871 428 1912 sanam.
448 1858 483 1910 Et
496 1870 559 1910 eam
582 1869 644 1926 quae
659 1854 740 1926 paulo
761 1861 825 1910 ante
840 1854 941 1925 linguae

139 1951 232 2024 ligatae
242 1948 328 2006 luerat
338 1949 440 2006 audivit
453 1947 576 2020 expedite
590 1948 743 2019 exprimere
758 1947 854 2016 verba3
867 1946 941 2019 quod

139 2042 245 2102 iactum
256 2043 356 2100 mulier
369 2042 510 2099 admirans
523 2051 550 2098 ct
560 2041 823 2113 gaudens,Domino
836 2049 942 2097 sancto·

139 2154 195 2211 que
219 2137 329 2209 praesuli
352 2135 471 2194 reddidit
490 2134 587 2192 laudes
609 2151 659 2207 pro
683 2135 748 2191 liliae
773 2142 881 2206 recepta
899 2149 941 2191 sa-

141 2231 242 2288 nitate.

177 2356 343 2429 Presbytero
366 2370 474 2428 qnoque
499 2358 603 2412 Ottonc
629 2353 772 2411 laudabilis
795 2353 857 2410 vitae
884 2353 942 2409 viro

141 2457 280 2515 narrante,
305 2449 404 2522 quibus
423 2457 452 2505 et
473 2446 704 2505 Cremonensibus
725 2447 830 2503 civibus
848 2454 942 2503 conte·

141 2543 295 2610 stantibus,
316 2541 390 2599 aliud
419 2541 535 2615 cognovi
549 2542 713 2598 miraculum
740 2540 814 2613 quod
836 2541 945 2597 silentio

141 2636 262 2694 minime
270 2644 313 2693 est
323 2635 557 2709 pratereundum.
569 2634 695 2705 Quadam
704 2634 748 2691 die
761 2634 947 2707 equitantibus

142 2738 223 2787 extra
247 2729 384 2786 civitatem
408 2729 512 2801 aliquot
540 2707 783 2794 Cremonensium,
806 2736 948 2799 eoeperunt

142 2824 221 2881 vario
234 2838 362 2880 sermone
371 2823 443 2879 inter
459 2838 489 2880 sc
500 2821 603 2879 relerre
614 2820 741 2895 quaedam
752 2821 948 2877 miraculorum

142 2932 208 2991 quae
221 2916 359 2974 Dominus
383 2927 512 2988 operatur
532 2914 641 2972 meritis
660 2914 825 2971 sanctissimi
839 2913 947 2970 conles-

142 3012 217 3069 soris
243 3009 379 3067 Anselmi.
406 3011 532 3082 Curaque
553 3007 718 3065 adinvicem
745 3008 805 3066 bec
828 3008 948 3064 revolve·

142 3112 220 3175 rent,
231 3102 347 3178 qnidam
359 3119 468 3170 eorum,
481 3111 513 3159 ut
527 3102 627 3159 mentis
641 3110 700 3159 erat
712 3102 835 3174 perfidae,
852 3117 950 3174 eupro-

144 3196 253 3255 brando
267 3196 306 3253 eis
317 3196 506 3268 interrogabat
518 3211 554 3252 an
569 3195 726 3269 hujusmodi
743 3196 878 3252 vanitates
889 3210 947 3251 ere·

144 3290 256 3357 darent,
273 3290 318 3347 vel
331 3289 408 3364 qnod
423 3292 501 3346 Deus
523 3305 571 3362 per
589 3305 655 3346 eum
673 3289 803 3346 miracula
817 3287 948 3345 ostende·

145 3384 312 3457 ret3qaibus
324 3381 556 3457 respondentibus
569 3382 665 3455 procul
679 3381 761 3439 dubio
776 3382 851 3439 hunc
864 3380 950 3438 famu·

146 3479 210 3536 lum
224 3477 276 3534 Dei
290 3493 349 3535 esse
362 3485 489 3535 sanctum
504 3485 532 3533 et
546 3476 639 3533 multis
652 3475 851 3532 miraculorum
864 3475 950 3548 signis

147 3570 339 3640 clarificatum,
352 3570 442 3644 inquit
453 3570 498 3626 ille
511 3570 651 3642 perddus:
668 3589 682 3622 u
696 3569 724 3625 Si
740 3577 790 3637 est,
805 3577 836 3624 ut
849 3568 949 3637 dicitis,

149 3674 264 3725 sanctus
282 3665 325 3722 vel
339 3666 362 3721 si
380 3664 459 3721 alicui
475 3661 597 3720 reddidit
610 3678 747 3736 gressum,
762 3678 836 3719 nune
847 3670 953 3718 contra·

147 3760 199 3817 bat
211 3756 241 3815 in
255 3774 310 3832 quo
322 3757 404 3815 sedeo
418 3773 531 3830 equum.
550 3780 563 3806 v
580 3757 678 3829 Sicque
695 3754 799 3814 lactum
814 3764 864 3812 est.
879 3757 951 3812 llam

149 3851 294 3927 paululum
308 3865 480 3925 progressus,
504 3866 570 3906 mox
584 3858 743 3907 contractus
757 3851 833 3907 stetit
846 3848 891 3905 cui
907 3849 952 3904 in-

149 3944 264 4004 sidebat
283 3959 384 4018 equus,
410 3951 492 4016 atque
514 3942 661 4015 praedictus
684 3943 770 3999 homo
793 3942 953 3999 infirmitate

150 4036 368 4113 praeventusdin
390 4036 532 4101 laboravit,
556 4035 645 4093 donec
665 4034 700 4092 ad
716 4044 841 4093 sanctum
855 4050 954 4108 corpus

151 4130 315 4206 suppliciter
322 4131 363 4188 iro
374 4130 528 4188 destinavit.

190 4256 274 4329 Quod
286 4257 369 4315 etiam
383 4265 474 4315 matre
497 4272 558 4313 mea
583 4255 619 4312 de
643 4270 672 4311 se
686 4261 815 4311 narrante
839 4254 955 4327 cognovi

989 451 1176 507 indubitanter
1189 449 1371 506 demonstrat.

1025 566 1154 623 Arialdus
1181 565 1343 622 sanctissimi
1373 565 1538 623 confessoris
1563 567 1685 623 anselmi
1706 567 1790 625 frater

991 661 1139 733 quamdam
1148 658 1268 716 habebat
1278 659 1543 732 quinqueannorum
1555 661 1650 728 liliam,
1662 678 1744 733 quam
1754 661 1793 718 le·

990 754 1083 811 briam
1099 754 1140 810 vis
1159 751 1307 827 fatigabat3
1328 761 1356 809 et
1377 753 1490 826 insuper
1510 770 1547 810 ex
1563 755 1649 827 ipsius
1662 757 1792 812 auriculae

991 847 1126 904 foramine
1148 854 1237 921 gana,
1260 863 1343 920 quam
1359 846 1468 918 dieunt,
1483 848 1609 905 fistulam
1635 858 1792 921 generante,
1853 896 1857 905 .

992 941 1108 1015 putredo
1130 940 1258 1013 quaedam
1285 939 1393 998 assidue
1422 943 1549 1014 guttatim
1574 943 1706 1011 stillabat3
1731 959 1793 1015 qum

993 1036 1075 1092 etiam
1100 1034 1354 1109 approximantibus
1384 1035 1437 1092 sibi
1470 1034 1609 1093 fastidium
1637 1036 1792 1109 generabat.
1893 1092 1901 1101 ,

992 1128 1135 1186 Praedicta
1151 1129 1250 1201 puellae
1269 1137 1398 1200 parentes
1412 1129 1545 1200 particula
1560 1145 1642 1202 quam
1658 1129 1795 1185 habebam
1894 1161 1906 1185 o

993 1222 1028 1279 de
1050 1222 1123 1295 ligno
1137 1224 1212 1278 navis
1233 1222 1289 1278 lota
1308 1222 1396 1295 (cujus
1420 1222 1585 1280 miraculum
1604 1224 1729 1295 superius
1754 1230 1795 1278 ost

993 1320 1200 1389 praenotatum),
1222 1331 1322 1388 aquam
1344 1314 1492 1373 ablutionis
1506 1331 1564 1373 suae
1583 1315 1647 1372 filiae
1661 1315 1797 1372 dederunt

993 1409 1104 1478 bibere,
1119 1410 1277 1465 invocantes
1296 1409 1496 1466 sanctissimum
1517 1409 1702 1466 confessorem
1722 1411 1797 1481 nepti

994 1519 1053 1561 suae
1074 1503 1229 1571 subvenire,
1245 1519 1298 1575 qua
1317 1502 1427 1570 hausta,
1442 1501 1555 1576 praelata
1579 1502 1667 1574 puella
1682 1512 1798 1575 utraque

996 1597 1154 1654 inlirmitate
1168 1612 1233 1653 mox
1249 1605 1291 1653 est
1305 1597 1430 1653 liberata.

1032 1716 1116 1781 Rem,
1135 1728 1220 1785 quam
1234 1712 1486 1784 impraesentiarum
1502 1726 1613 1780 enarro,
1623 1712 1674 1766 sub
1688 1714 1723 1767 D.
1740 1713 1798 1766 lla-

957 1800 1091 1864 Btlrildae
1113 1806 1262 1863 comitissae
1292 1805 1449 1861 narratione
1475 1803 1555 1861 didici
1579 1812 1608 1860 et
1627 1802 1795 1859 testimonio.

993 1899 1078 1971 Cujus
1098 1899 1266 1956 attestationi
1287 1898 1475 1955 indubitanter
1501 1896 1671 1955 credendum
1694 1913 1797 1968 cogno·

996 1997 1086 2052 vimus
1102 2011 1134 2052 ex
1153 1995 1238 2067 ipsius
1259 1995 1373 2066 probata
1392 1991 1447 2049 side
1460 1999 1489 2048 et
1503 1992 1637 2065 religiosis
1656 1991 1798 2058 moribus3

995 2089 1167 2162 quodetiam
1183 2088 1252 2144 milvi
1274 2087 1374 2159 pariter
1392 2085 1527 2155 innotuit,
1549 2092 1688 2141 asserente
1702 2085 1796 2141 eadem

996 2182 1085 2257 puella
1095 2181 1139 2239 cui
1151 2181 1203 2237 hoc
1214 2180 1331 2253 contigit
1342 2198 1349 2235 ε
1360 2182 1447 2251 Nocte
1457 2177 1575 2251 quadam
1586 2186 1699 2249 repente
1706 2176 1797 2245 dolor,

998 2284 1031 2333 nt
1044 2291 1127 2348 saepe,
1143 2274 1272 2347 puellam,
1289 2272 1457 2328 athelasiam
1471 2272 1594 2339 nomine,
1609 2271 1713 2327 Azouis
1725 2285 1797 2326 mar-

999 2369 1103 2426 chionis
1123 2368 1210 2425 liliam
1229 2368 1388 2424 existentem
1409 2366 1438 2421 in
1457 2364 1594 2438 praedictae
1614 2364 1733 2422 dominae
1751 2367 1799 2420 c'a-

1001 2479 1091 2530 mera,
1105 2463 1134 2518 in
1151 2470 1227 2533 parte
1241 2461 1344 2517 ventris
1359 2461 1460 2516 acriter
1473 2468 1607 2531 torquens
1621 2473 1737 2532 magnos
1752 2474 1800 2514 co-

1002 2555 1082 2627 gebat
1097 2554 1163 2611 dare
1183 2554 1328 2610 clamores.
1352 2555 1539 2624 interrogante
1562 2561 1654 2608 autem
1671 2551 1800 2625 praedicta

1002 2648 1117 2705 domina
1131 2648 1198 2720 quid
1212 2654 1315 2719 ageret,
1330 2661 1495 2717 responsum
1516 2655 1559 2702 est
1572 2661 1635 2702 eam
1649 2649 1678 2703 S.
1701 2646 1799 2701 Ansel-
1883 2656 1886 2661 ’

1002 2759 1079 2799 mum
1090 2740 1249 2814 frequenter
1260 2739 1313 2795 sibi
1328 2741 1355 2795 in
1365 2738 1498 2795 auxilium
1513 2740 1650 2795 invocare.
1664 2741 1800 2810 Cumque,

1002 2852 1035 2893 er
1051 2842 1188 2907 praecepto
1205 2833 1288 2905 ipsius
1301 2831 1431 2900 dominre,
1447 2831 1571 2903 pulvinar
1581 2832 1609 2887 in
1621 2847 1676 2904 quo
1692 2833 1719 2888 S.
1733 2847 1803 2903 prae-

1002 2929 1044 2986 sul
1069 2929 1151 2984 vivus
1165 2926 1262 2983 solitus
1282 2932 1341 2982 erat
1364 2924 1459 2981 sedere
1473 2924 1510 2979 illi
1525 2925 1595 2996 parti
1618 2924 1752 2997 corporis,
1775 2925 1802 2979 in

1002 3038 1056 3094 qua
1073 3021 1151 3078 dolor
1173 3019 1345 3087 imminebat,
1368 3016 1465 3073 fuisset
1478 3017 1649 3089 impositum,
1665 3033 1731 3073 mox
1744 3018 1801 3073 cla-

1006 3115 1095 3172 mavit
1118 3114 1217 3188 puella
1230 3113 1309 3169 omni
1322 3111 1419 3169 dolore
1441 3126 1470 3167 se
1484 3110 1638 3167 liberatam.

1041 3231 1107 3297 Viro
1120 3228 1252 3302 quodam,
1267 3226 1428 3285 Constantio
1441 3227 1563 3293 nomine,
1582 3235 1729 3294 asserente,
1743 3243 1802 3283 rem

1002 3323 1117 3396 cognovi
1141 3331 1272 3395 praeterea
1292 3321 1437 3378 memoriae
1462 3319 1723 3378 commendandam.
1750 3322 1803 3377 Su·

1002 3417 1164 3490 perveniens
1191 3414 1334 3471 infirmitas
1359 3414 1408 3470 uni
1432 3428 1517 3485 puero
1546 3413 1688 3486 cujusdam
1710 3413 1806 3471 militis

1003 3509 1122 3570 acaurio
1137 3509 1164 3565 in
1178 3516 1290 3565 tantum
1305 3522 1402 3564 vocem
1414 3505 1602 3564 suffocaverat
1615 3507 1691 3580 quod
1709 3507 1744 3564 ab
1759 3508 1806 3563 ali-

1004 3604 1168 3678 quantulum
1185 3618 1244 3658 ase
1255 3601 1369 3658 remotis
1382 3601 1427 3656 vix
1439 3600 1528 3657 audiri
1542 3609 1669 3673 poterat:
1690 3609 1719 3657 et
1740 3601 1803 3673 qnia

1005 3697 1151 3754 dominum
1175 3709 1258 3752 snum
1281 3695 1402 3750 clamore
1425 3692 1579 3750 interclusae
1604 3693 1682 3750 vocis
1708 3709 1806 3750 vocare

1005 3807 1061 3848 non
1083 3794 1200 3863 poterat,
1222 3787 1450 3855 habebateomu,
1466 3787 1544 3859 eujus
1571 3786 1674 3856 sonitu,
1699 3788 1728 3842 in
1752 3802 1807 3860 quo

1006 3892 1078 3941 esset
1095 3882 1166 3951 loco,
1180 3881 1232 3938 sibi
1246 3879 1391 3937 innuebat.
1413 3879 1464 3935 llic
1479 3880 1572 3952 itaque
1585 3896 1648 3936 cum
1662 3881 1809 3953 praenomi-

1006 3986 1073 4034 nato
1087 3975 1246 4033 Constantio
1261 3973 1296 4030 ad
1318 3977 1347 4031 S.
1365 3972 1534 4031 confessoris
1556 3974 1714 4042 tumulum,
1735 3973 1807 4031 aulfo
1914 4002 1927 4017 =

1007 4080 1076 4128 catae
1090 4071 1165 4127 vocis
1179 4068 1279 4126 devote
1289 4083 1406 4139 poscens
1416 4066 1583 4136 remedium,
1595 4068 1631 4123 ita
1647 4069 1808 4140 sospitatem

1007 4164 1122 4236 adeptus
1137 4172 1179 4220 est
1190 4161 1266 4218 vocis
1279 4161 1354 4233 quod
1373 4176 1449 4216 nunc
1467 4162 1538 4217 valet
1549 4160 1666 4217 audiria
1688 4163 1810 4218 multum
1908 4154 1912 4161 ’

1009 4259 1091 4314 etiam
1104 4255 1227 4313 remotis.
1243 4252 1393 4312 Praedictus
1407 4254 1594 4322 Constantius,
1610 4255 1744 4327 completa
1760 4254 1808 4312 de·

151 4349 592 4409 nonesttradendumoblivioni.
605 4349 656 4406 Die
670 4348 789 4422 quadam
803 4347 955 4406 subitosu-
1010 4358 1073 4406 vote
1095 4348 1230 4415 oratione,
1245 4347 1386 4419 pulverem
1408 4346 1442 4402 de
1465 4345 1554 4418 lapide
1581 4347 1698 4419 sepulcri
1723 4349 1809 4404 sancti

152 4444 318 4520 perveniens
340 4453 433 4518 gutta,
458 4444 495 4501 ita
519 4444 600 4501 nnius
619 4443 689 4501 oculi
705 4443 801 4501 lumen
823 4443 956 4514 sanguine
1009 4441 1176 4501 confessoris
1191 4456 1256 4498 cnm
1277 4438 1433 4496 devotionis
1452 4440 1604 4496 reverentia
1627 4455 1733 4508 rasum,
1748 4448 1808 4496 eta

153 4539 300 4612 cooperuit
311 4538 387 4611 quod
400 4546 476 4594 recto
487 4538 547 4594 visu
560 4537 753 4593 terrametiam
766 4545 888 4609 spectare
900 4551 958 4592 non
971 4520 998 4585 Ῐ)
1014 4535 1127 4594 custode
1140 4541 1296 4594 reverenter
1316 4540 1473 4604 susceptum
1496 4547 1589 4588 secum
1603 4531 1711 4601 detulit,
1726 4549 1808 4605 quem

154 4632 252 4691 valuit.
270 4635 390 4705 Urgente
403 4633 495 4704 itaque
508 4647 569 4688 eam
581 4631 654 4687 oculi
666 4629 774 4700 dolore,
789 4627 959 4702 conlugitad
1012 4647 1090 4704 aquae
1109 4631 1224 4687 mistum
1243 4627 1353 4707 cuidam
1375 4626 1485 4683 mulieri
1500 4626 1528 4681 vi
1552 4624 1668 4682 lebrinm
1691 4627 1811 4685 nimium

153 4729 187 4786 S.
209 4725 374 4785 confessoris
395 4725 544 4792 tumulum,
565 4722 721 4796 suppliciter
736 4723 778 4779 his
800 4723 889 4780 verbis
908 4739 956 4794 po·

153 4819 266 4879 stellans
278 4833 329 4876 suo
340 4818 429 4876 dolori
443 4817 595 4875 subsidium
611 4835 619 4873 ι
634 4839 647 4866 v
664 4816 841 4875 Sanctissime
851 4815 958 4873 confes·

1011 4725 1158 4792 laboranti,
1174 4725 1301 4779 invocato
1323 4721 1424 4778 auxilio
1438 4719 1603 4777 sanctissimi
1621 4722 1756 4793 praesulis,
1776 4721 1809 4777 ad

1012 4815 1279 4892 potandumtribuit.
1291 4818 1331 4873 Ut
1338 4823 1431 4871 autem
1439 4813 1626 4886 mulieraquae
1636 4822 1734 4885 potum
1743 4812 1810 4871 hau-

155 4928 221 4981 sor,
237 4912 376 4970 salubrem
398 4911 466 4968 mibi
492 4909 588 4968 confer
607 4909 783 4967 medicinam.
808 4912 882 4979 llam
895 4909 959 4966 nal-

155 5007 232 5077 lnm,
250 5004 302 5062 nisi
316 5012 354 5075 te,
370 5019 493 5078 quaram
510 5004 661 5061 medicum.
676 5007 719 5061 Tu
740 5003 816 5060 enim
830 5018 900 5060 meae
913 5003 960 5059 in-

155 5099 285 5156 firmitati
298 5098 406 5156 salubre
420 5098 494 5154 vales
507 5097 632 5155 conferre
644 5097 808 5155 subsidium.
826 5120 839 5146 ι
854 5095 960 5155 Confri-

1012 4913 1058 4981 sit,
1072 4912 1164 4984 iugata
1178 4910 1254 4966 omni
1267 4909 1395 4982 passione
1409 4907 1494 4966 lebria
1507 4922 1574 4964 mox
1587 4907 1685 4965 evasit.

1047 5033 1097 5091 Vir
1111 5031 1224 5106 quida'm
1238 5032 1397 5086 Mantuanae
1411 5029 1534 5085 civitatis
1548 5029 1624 5097 civis,
1642 5028 1723 5086 Oddo
1736 5031 1810 5086 llar-

1012 5128 1064 5185 tini
1081 5125 1221 5185 canevarii
1234 5124 1336 5192 dictus,
1351 5123 1421 5179 tanti
1436 5122 1540 5180 doloris
1554 5123 1700 5194 cogebatur
1723 5138 1809 5194 angu-

156 5199 222 5251 ⁰⁸⁸⁰
246 5200 337 5296 ¹f¹qu⁰
353 5193 434 5248 ⁰⁰⁰¹⁰
458 5190 493 5248 ad
509 5191 647 5263 ¹⁸p¹d⁰m¹
668 5207 723 5264 ‘¹¹¹⁰
748 5191 852 5296 “Qut
874 5198 961 5246 ⁵³¹¹⁰¹¹
1013 5223 1075 5290 stia,
1090 5221 1164 5294 quod
1181 5219 1337 5291 frequenter
1349 5232 1408 5289 prae
1423 5215 1519 5274 dolore
1531 5224 1621 5273 totum
1636 5231 1736 5287 eorpus
1749 5232 1813 5273 cco·

155 5300 286 5390 ⁰⁰¹¹f⁰¹¹⁸
302 5300 375 5353 ml
393 5298 459 5389 ΨΒ
472 5293 607 5340 ‘mearet
621 5282 747 5390 ‘pamm’
760 5285 824 5342 hum
834 5299 885 5357 ⁶3⁰
898 5300 961 5341 ⁵⁰¹⁰
1015 5316 1169 5389 pariebatur
1181 5311 1292 5370 sudoris
1304 5326 1385 5385 aqua.
1400 5314 1436 5368 Et
1453 5311 1516 5383 quia
1531 5309 1611 5364 nimii
1632 5308 1735 5365 doloris
1753 5318 1813 5367 tor·

156 5387 252 5450 ‘m’
265 5393 332 5436 '¹¹⁰¹
345 5393 428 5436 ”⁰¹¹⁸
442 5385 522 5453 gutta
537 5386 658 5435 'mn‘
1014 5411 1148 5483 quebatur
1168 5406 1310 5474 instantia,
1327 5405 1437 5462 dicebat
1448 5419 1478 5460 se
1500 5401 1552 5458 hac
1564 5401 1620 5457 sola
1636 5416 1717 5473 posse
1730 5419 1812 5460 saner

196 5501 344 5559 Relatione
365 5500 513 5560 confratris
538 5500 633 5558 vitalis
655 5502 809 5561 Laudensis
836 5502 963 5560 Ecclesia
1015 5501 1162 5569 medlcina‚
1176 5500 1329 5558 sivestibns
1342 5495 1489 5555 conscissis
1504 5494 1706 5567 permitteretur
1721 5498 1812 5554 cultro

157 5595 372 5671 presbyterum
385 5595 540 5654 multorum
559 5593 699 5652 audientia
713 5597 784 5652 sicut
804 5603 832 5653 et
851 5605 961 5664 catera,
1016 5596 1119 5653 findere
1133 5603 1161 5651 et
1184 5593 1373 5667 pectuscum
1394 5598 1485 5647 autem
1498 5587 1557 5658 iam
1578 5587 1612 5644 de
1634 5590 1694 5645 sola
1715 5591 1816 5646 mortis

157 5704 223 5749 rem
235 5687 351 5764 dignam
363 5689 499 5747 memoria
519 5687 646 5762 cognovi,
660 5688 706 5761 qui
717 5680 780 5746 lauic
800 5687 876 5748 lacto
891 5705 963 5762 prae-
1015 5687 1217 5759 exspectatione
1230 5688 1373 5759 cogitaret,
1393 5681 1507 5737 allatum
1522 5686 1564 5734 est
1577 5678 1702 5750 pulvinar
1720 5680 1747 5735 in
1761 5697 1816 5752 quo

157 5798 226 5844 sens
239 5780 374 5842 hieriuit.
384 5781 554 5856 Huiusddes
566 5790 595 5841 et
608 5782 675 5848 vita,
687 5781 854 5854 jamdudum
868 5784 897 5842 in
912 5783 963 5841 Dei
1015 5790 1126 5841 sanctus
1142 5781 1240 5854 praesul
1263 5781 1290 5835 in
1304 5792 1385 5834 came
1405 5787 1520 5830 manens
1536 5768 1660 5829 sedebat.
1674 5770 1754 5842 Quod
1768 5774 1819 5835 ubi
