3884 6158
71 236 123 289 ιιι
444 216 449 225 ’
568 228 835 287 pronascatur.
855 259 891 270 -
909 230 998 286 scra
1017 229 1046 285 s.
1066 227 1237 284 casceca.
1674 231 1724 286 rra

70 356 195 428 episcopi
208 353 367 427 eaimperio
379 351 566 423 restituerent,
575 369 638 427 quae
652 354 686 410 ab
700 353 872 427 imperatori·
887 361 912 423 Α
926 355 998 411 Fieri
1025 369 1090 426 ergo
1111 368 1167 420 uon
1196 358 1304 424 poterat
1330 358 1376 419 ut,
1400 350 1422 407 si
1450 350 1510 424 quis
1538 353 1725 426 episcopatum

71 450 196 506 busnon
207 457 240 506 nt
251 453 325 516 (ιιι)
337 447 470 521 episcopi,
481 447 529 505 scd
544 447 738 520 utimperialia
754 447 877 504 membra
930 448 973 505 vel
996 447 1133 504 abbatiam
1156 445 1270 517 adipisci
1288 445 1405 513 volebat,
1419 461 1482 502 earu
1503 446 1580 504 aliter
1594 464 1678 519 quam
1691 448 1726 504 ab

73 544 267 601 obtinuerant.
284 545 311 600 si
325 541 408 615 igitur
420 541 600 614 praelatorum
612 541 768 615 designatio
782 542 817 598 ab
827 543 876 598 im·
929 542 1094 614 imperatore
1127 540 1273 612 acciperet,
1296 547 1325 596 et
1357 539 1509 612 prasertim
1527 540 1554 597 in
1578 541 1728 614 provinciis

72 645 205 711 peratore
223 636 391 703 auferretur,
406 642 434 692 et
455 636 559 708 praelati
572 636 722 693 retinerent
736 635 877 705 beneficia,
930 636 1045 707 imperio
1058 633 1196 705 subiectis.
1216 636 1240 689 E
1258 642 1366 700 contra,
1386 633 1408 690 si
1432 633 1494 706 quis
1506 633 1543 692 ita
1553 635 1588 692 ab
1607 634 1728 708 impera-

73 738 101 787 et
124 731 189 797 alia,
205 745 267 802 quae
287 729 392 803 imperii
412 736 475 785 ante
498 727 621 798 fuerant,
638 731 711 798 (ι63)
728 729 877 788 dimidium
929 738 989 787 tore
1011 726 1198 785 sacerdotium
1222 728 1397 799 suscepisset,
1426 727 1519 785 statim
1546 727 1728 801 abepiscopo

74 824 186 897 imperii
199 823 357 880 omninoab
372 823 537 896 imperatore
546 822 707 880 tollebatur.
930 827 1057 881 Romano
1076 820 1362 879 excommunicatione
1385 821 1551 890 notabatur;
1574 838 1657 895 quam
1678 822 1728 880 bo·

112 916 225 977 Accedit
240 917 315 990 quod
333 917 454 973 maxime
470 918 609 973 Caesarem
624 915 839 990 angebat,quod
854 916 878 973 si
930 918 1017 974 mines
1034 915 1087 973 hac
1114 922 1278 988 tempestate
1305 914 1335 971 in
1362 922 1471 971 tantum
1494 915 1645 987 timebant,
1656 925 1727 974 utea

76 1011 198 1085 episcopi
224 1011 384 1069 Germaniae
403 1018 432 1067 et
446 1010 544 1079 ltalia,
559 1026 639 1078 ‚cum
662 1009 698 1067 ab
708 1010 878 1082 imperatore
931 1027 985 1068 una
999 1011 1135 1084 praecipue
1149 1009 1269 1066 Romani
1284 1007 1428 1080 pontifices
1444 1009 1549 1078 omnis,
1569 1024 1630 1083 quae
1652 1010 1729 1068 desi·
1807 1076 1811 1085 J

74 1106 154 1162 electi
166 1113 197 1162 ct
214 1103 333 1161 investiti
350 1113 452 1174 essem,
466 1104 512 1161 ιιιι
525 1104 554 1160 ιι
569 1102 662 1160 officio
677 1090 813 1160 contineri
827 1118 878 1176 po·
930 1104 1071 1170 derabant,
1100 1119 1129 1161 se
1151 1101 1265 1160 tandem
1288 1102 1419 1175 consequi
1438 1118 1518 1173 posse
1544 1119 1601 1160 non
1614 1103 1727 1162 dubita·

74 1207 177 1267 terant,
192 1214 227 1256 ne
250 1205 346 1255 contra
358 1197 448 1270 ipsum
463 1198 551 1254 varias
563 1204 591 1253 et
609 1195 772 1270 frequentes
787 1197 877 1254 rebel·
931 1200 996 1256 rint.
1012 1196 1093 1270 Quod
1117 1197 1200 1254 etiam
1213 1197 1266 1254 illis
1278 1211 1311 1252 ex
1326 1205 1401 1265 voto,
1415 1210 1573 1269 quanquam
1592 1213 1650 1255 non
1667 1198 1730 1255 siue
1778 1267 1782 1273 g

73 1292 163 1351 liones
178 1293 355 1358 molirentur,
383 1290 449 1365 quid
468 1290 597 1363 deinceps
628 1289 727 1348 facturi
741 1299 842 1360 essent,
856 1291 878 1347 si
931 1294 1057 1367 periculis
1082 1301 1110 1349 et
1140 1291 1359 1359 difficultatibus,
1387 1298 1528 1363 postremo
1558 1292 1651 1349 cessit.
1679 1292 1730 1349 Vis

74 1387 192 1444 omnino
217 1402 250 1442 ex
277 1385 450 1458 imperatoris
477 1393 612 1457 potestate
637 1385 708 1442 eruti
722 1393 751 1441 et
770 1384 877 1441 liberati
931 1387 1005 1445 enim
1030 1388 1065 1444 ab
1088 1387 1121 1444 iis
1135 1385 1262 1453 devotus,
1282 1384 1381 1442 alicubi
1395 1384 1500 1442 diutino
1519 1394 1643 1458 tempore
1661 1401 1730 1442 con·

73 1489 176 1547 essent,
194 1489 223 1537 et
237 1480 267 1536 in
289 1479 410 1552 cujusvis
427 1480 567 1547 Ecclesiae,
580 1479 693 1552 capituli
717 1479 757 1535 vel
770 1478 877 1551 collegii
931 1481 1028 1538 sistere
1065 1488 1183 1554 poterat,
1217 1479 1347 1537 omnibus
1373 1495 1448 1548 eum,
1467 1487 1602 1554 tanquam
1624 1488 1731 1553 pestem

74 1582 213 1650 potestate
238 1582 310 1631 esset
330 1572 508 1641 nobilissimi,
533 1581 562 1630 et
574 1572 756 1646 potentissimi
774 1573 879 1645 episco·
932 1576 1079 1649 publicam,
1105 1575 1282 1643 evitantibus,
1311 1573 1593 1647 existimantibusque,
1622 1575 1646 1631 si
1666 1591 1730 1632 cunr

73 1673 163 1743 patus?
187 1668 339 1726 antistitem
366 1669 523 1741 quempiam
561 1666 722 1738 imperatori
768 1666 877 1724 hostem
932 1669 1171 1728 excommunicato
1184 1676 1350 1743 agerent,se
1363 1668 1458 1725 statim
1469 1668 1544 1725 vivos
1558 1677 1640 1727 terrae
1653 1668 1731 1727 biatu

74 1763 243 1822 acerrimum
253 1762 364 1836 eligere,
374 1763 422 1835 qui
435 1762 568 1819 maximae
582 1761 692 1833 imperii
701 1761 789 1818 ruinae
797 1775 879 1817 causa
894 1750 917 1813 B
933 1762 1132 1822 absorbendos.
1547 1776 1553 1787 ·

73 1857 175 1916 deinde
190 1856 368 1927 esset(ts·t)l

967 1860 998 1914 fn
1023 1857 1153 1915 maximis
1175 1857 1254 1930 ergo*
1269 1854 1403 1930 angustiis
1424 1863 1451 1911 et
1463 1855 1673 1928 calamitatibus,
1685 1857 1731 1915 ni·

108 1954 162 2010 lire
180 1951 266 2025 igitur
279 1965 371 2008 causae
390 1958 464 2019 sunt,
480 1965 542 2022 qua
563 1950 702 2007 Caesarem
722 1958 751 2006 et
764 1956 878 2006 caeteros
930 1952 1048 2025 miisque
1063 1952 1200 2025 pressuris
1214 1950 1318 2023 praeterr·
1344 1950 1476 2007 Ecclesiae
1498 1959 1565 2008 tunc
1590 1952 1732 2009 constituti

72 2047 159 2104 laicos
177 2045 318 2119 principes
331 2059 417 2118 quam
432 2043 552 2100 maxime
571 2043 702 2100 adversus
717 2042 876 2115 pontificem

73 2147 308 2206 commoverunt,
323 2138 432 2212 imperii
444 2138 519 2194 enim
529 2137 570 2194 vel
578 2137 692 2194 omnino
700 2134 823 2205 tollendi,
835 2136 876 2192 vel

72 2236 100 2293 in
112 2243 280 2308 perpetuum
298 2231 455 2290 stabiliendi
467 2247 548 2288 causa
564 2239 632 2288 tunc
643 2231 764 2288 maxime
778 2237 877 2287 tracta·

932 2055 1021 2118 erant,
1042 2047 1125 2115 adeo,
1143 2045 1270 2104 etmulti
1288 2044 1379 2118 potius
1404 2045 1535 2118 elegerint
1551 2044 1733 2118 dignitatibus

932 2142 1042 2209 cedere,
1068 2156 1152 2215 quam
1165 2141 1206 2197 vel
1228 2139 1255 2196 in
1277 2138 1450 2213 imperatoris
1464 2138 1694 2212 indignationem,
1709 2139 1732 2197 sl

932 2237 967 2293 ab
991 2252 1024 2293 eo
1043 2235 1229 2305 investituras,
1253 2234 1328 2306 quod
1344 2233 1398 2290 alia
1412 2233 1519 2290 ratione
1537 2233 1595 2290 lieri
1612 2249 1670 2292 non
1684 2250 1733 2308 po·

70 2329 164 2387 batur.
182 2330 277 2386 Caesar
288 2326 363 2384 enim
376 2325 567 2398 imperiijura,
582 2332 611 2381 et
625 2341 657 2382 ea
672 2326 786 2397 quidem
799 2339 876 2381 sum·

72 2440 119 2483 ma
132 2421 257 2480 omnino.
274 2420 356 2491 tueri,
382 2436 451 2493 papa
475 2435 538 2477 vero
553 2419 686 2476 Ecclesiae
707 2419 876 2488 libertatem,

932 2339 1013 2400 terat,
1027 2345 1083 2387 non
1095 2330 1278 2406 susciperent,
1298 2327 1340 2385 vel
1355 2328 1384 2384 in
1403 2329 1731 2397 excommunicationem,

932 2425 954 2480 si
974 2429 1177 2497 acceptassent,
1199 2423 1349 2490 incurrere,
1364 2421 1399 2478 ab
1414 2421 1595 2495 omnibusque
1612 2421 1733 2481 ludibrio

75 2517 150 2575 nulla
173 2514 328 2588 imperialis
360 2512 459 2572 excidii
487 2514 595 2572 ratione
628 2513 731 2582 habita,
758 2528 879 2571 asserere
933 2517 1039 2586 haberi,
1055 2525 1083 2574 et
1096 2533 1146 2590 pro
1167 2516 1257 2589 impiis
1286 2525 1313 2572 et
1338 2514 1502 2573 facinorosis
1521 2516 1654 2590 reputari.
1673 2517 1732 2574 Cae-

74 2609 198 2678 solebat,
213 2608 360 2683 indignum
380 2624 440 2665 esse
457 2608 601 2664 clamitans
618 2623 634 2665 a
649 2623 734 2664 manu
753 2607 819 2664 laica
834 2623 879 2664 sa·
932 2627 977 2669 sar
994 2626 1104 2684 quoque
1121 2612 1191 2683 ipse,
1215 2611 1353 2682 multique
1365 2610 1409 2666 alil
1425 2609 1572 2684 principes,
1586 2620 1613 2667 et
1626 2610 1733 2683 praelati

75 2705 208 2763 cerdotes
233 2704 340 2773 creari,
368 2716 529 2776 quanquam
551 2700 580 2758 id
607 2717 656 2774 per
670 2708 808 2758 trecentos
824 2701 880 2758 fere
933 2704 1052 2773 fuerunt,
1067 2705 1113 2777 qui
1129 2704 1249 2761 Romani
1264 2701 1401 2777 pontilicis
1414 2703 1577 2772 anathema,
1600 2711 1733 2776 tanquam

76 2814 206 2876 annosa
221 2796 311 2855 Caroli
329 2796 422 2870 blagni
437 2801 561 2868 tempore
583 2795 655 2867 (265)
676 2794 728 2852 sub
742 2795 880 2868 sexaginta
934 2799 1058 2872 iniquum
1077 2805 1106 2855 et
1118 2797 1269 2871 injustum,
1284 2805 1312 2854 et
1328 2805 1428 2868 praeter
1439 2798 1512 2869 leges
1526 2796 1639 2865 factum,
1662 2811 1733 2855 con-

78 2891 284 2963 etcoamplius
295 2890 430 2948 Romanis
440 2888 613 2962 pontificibus
621 2896 782 2961 usurpatum
796 2896 880 2946 esset.
934 2892 1111 2959 temnebant,
1138 2891 1259 2963 aliosque
1285 2898 1461 2947 contemnere
1488 2888 1691 2962 persuadebant
1708 2898 1736 2947 et

78 2987 205 3045 llrxime
218 2985 303 3058 igitur
315 2984 478 3056 imperatori
493 2981 675 3041 laborandum
692 2991 760 3050 erat,
771 2998 807 3039 ne
820 2981 880 3040 baec
934 2985 1077 3059 cogebant.
1100 2984 1269 3056 Populorum
1284 2991 1380 3040 tamen
1397 2981 1561 3052 multitudo,
1575 2991 1603 3040 et
1615 2981 1733 3040 marima

62 3080 189 3139 ιιιιιιιιιι
216 3087 331 3152 starent,
362 3078 386 3135 si
418 3076 526 3151 imperii
547 3076 620 3150 jura,
644 3077 701 3133 imo
731 3075 877 3149 imperium
933 3078 1087 3152 principum
1117 3087 1174 3134 tam
1208 3077 1342 3135 laicorum
1371 3092 1457 3151 quam
1482 3075 1734 3134 ecclesiasticorum

79 3176 170 3248 ipurm
184 3173 295 3231 calvum
308 3188 368 3230 esse
381 3172 478 3241 vellet,
493 3170 570 3245 quod
590 3169 724 3244 ejusmodi
739 3170 883 3244 papalibus
897 3139 920 3206 C
935 3188 1007 3247 pars,
1027 3172 1343 3230 excommunicationem
1364 3186 1441 3245 papae
1465 3170 1586 3229 maxime
1603 3171 1733 3228 vereban-

79 3268 177 3327 edictis
204 3268 300 3340 procul
330 3266 415 3325 dubio
446 3264 639 3338 dissipandum
664 3281 723 3322 esse
743 3264 882 3321 existima·

82 3361 228 3432 merres).

114 3453 244 3513 Pontifex
267 3453 352 3512 etiam
380 3453 525 3526 episcopos
551 3453 637 3526 (²67),
665 3452 780 3510 abbates
805 3460 883 3510 caete·

81 3565 184 3624 rosque
194 3548 325 3622 praelatos
341 3547 429 3620 prima
442 3547 494 3604 bac
509 3546 601 3605 fronte
616 3547 660 3603 lris
674 3545 884 3603 constitutioni·

80 3644 134 3703 bus
157 3659 216 3700 non
235 3642 331 3701 minul
355 3641 409 3700 sibi
427 3640 541 3699 infestos
557 3639 687 3710 reddidit,
701 3656 785 3714 quam
799 3639 884 3712 impe·

80 3747 205 3796 retorem
224 3737 315 3811 ipsum
330 3755 338 3793 ι
353 3736 453 3809 quibus
474 3750 585 3793 necesse
599 3744 668 3805 erat,
681 3744 729 3792 aut
744 3733 884 3808 episcopa·

935 3276 997 3335 ιιιις
1010 3267 1070 3336 ιιι,
1086 3263 1162 3339 quod
1179 3282 1210 3322 re
1225 3266 1284 3338 ipsa
1301 3265 1454 3334 sentirent3
1469 3265 1523 3338 vel,
1538 3264 1567 3321 in
1586 3264 1736 3337 imperato·

936 3362 973 3419 ris
987 3359 1093 3428 odium,
1110 3359 1158 3432 qui
1184 3359 1307 3416 amultis
1325 3359 1483 3416 Germaniae
1508 3357 1686 3430 principibus,
1707 3367 1736 3415 et

936 3453 1087 3528 prasertim
1102 3452 1266 3522 Saxonibus,
1279 3466 1350 3524 quos
1374 3459 1404 3507 ut
1424 3451 1540 3509 rebelles
1558 3452 1650 3509 cesar
1674 3453 1735 3525 ipse

934 3547 1122 3621 frequentibus
1146 3546 1224 3603 bellis
1250 3545 1404 3614 attriverat,
1418 3545 1521 3619 ingenti
1535 3543 1600 3602 odio
1612 3543 1735 3602 habeba·

935 3651 991 3699 tur.
1007 3645 1050 3699 lta
1075 3641 1150 3698 enim
1174 3648 1238 3698 sunt
1252 3641 1456 3697 Germanorum
1480 3639 1633 3712 principum
1648 3637 1732 3696 animi

937 3737 1026 3808 (tua),
1036 3743 1068 3792 ut
1081 3751 1137 3792 non
1159 3735 1211 3791 nisi
1225 3734 1322 3802 coacti,
1337 3732 1495 3807 imperatori
1514 3749 1531 3790 a
1549 3749 1580 3791 se
1591 3733 1679 3791 electe
1690 3749 1736 3807 pa·

82 3832 159 3889 tibus
186 3845 282 3888 carere
317 3839 346 3887 et
369 3829 494 3898 abbatiis,
521 3839 571 3886 aut
606 3826 884 3887 excommunicationi
937 3829 1102 3898 rerevelint,
1115 3829 1194 3887 avitae
1209 3827 1317 3885 tuendae
1331 3827 1464 3884 libertatis
1478 3825 1638 3884 avidissimi.

83 3926 229 3999 subiacere
252 3943 261 3983 ι
288 3932 337 3981 ιιι
364 3923 537 3996 episcopatus
562 3931 590 3979 et
604 3921 728 3980 abbatias
751 3922 786 3979 de
799 3936 884 3978 manu
973 3924 1134 3998 llocigitur
1155 3938 1233 3996 papa
1253 3921 1365 3978 decreto
1389 3936 1473 3994 quam
1491 3920 1613 3978 maxime
1628 3920 1736 3978 incitati
1801 3992 1807 3999 =

81 4018 260 4093 imperatoris
281 4018 429 4089 suscipere.
450 4016 531 4088 Quod
556 4016 630 4073 enim
655 4025 721 4073 tunc
738 4016 885 4088 collegium
938 4026 1003 4075 sunt
1027 4017 1221 4090 episcoporum
1236 4015 1395 4074 Germania
1422 4023 1450 4072 et
1464 4014 1550 4072 ltaliae
1568 4013 1670 4084 animi;
1692 4013 1737 4072 cul

81 4115 125 4171 vel
153 4112 306 4187 capitulum
329 4110 445 4169 auderet
469 4117 566 4168 eontra
594 4118 655 4167 tam
680 4117 801 4167 veterem
819 4124 885 4166 con·
939 4127 1001 4168 cum
1018 4111 1168 4184 imperator
1194 4110 1268 4166 nulla
1291 4109 1396 4166 ratione
1427 4108 1620 4182 obtemperare
1635 4107 1738 4177 vellet,

81 4205 266 4264 suetudinem
287 4209 375 4275 (268),
397 4214 440 4263 tot
453 4205 561 4262 secutis
578 4205 717 4273 coalitam,
734 4213 762 4262 et
776 4218 886 4276 semper
939 4220 1008 4278 papa
1032 4204 1184 4278 Gregorius
1206 4210 1264 4259 tam
1289 4201 1325 4259 ob
1343 4202 1414 4259 hauc
1437 4218 1560 4271 causam,
1589 4217 1673 4275 quam
1699 4201 1736 4258 ob

81 4299 391 4376 rmurpataminlocnm
400 4299 542 4359 demortui
557 4298 704 4372 pontificis,
719 4298 762 4354 vel
779 4297 886 4354 abbatis
940 4314 1002 4355 eam
1032 4298 1222 4367 rebellionem,
1247 4311 1332 4370 quam
1359 4304 1422 4369 post
1436 4297 1558 4369 primam
1582 4310 1689 4370 pacem,
1711 4302 1741 4352 et

81 4411 190 4454 nomm
216 4394 383 4452 mmomere
407 4394 566 4467 praesulem,
593 4393 761 4464 imperatore
787 4399 886 4465 poten·
940 4392 1143 4449 absolutionem
1174 4391 1351 4465 impetratam
1377 4390 1489 4461 fecerat,
1513 4398 1541 4446 et
1575 4388 1628 4445 alia
1653 4389 1741 4446 multa

82 4490 195 4548 ιιιιιιο
220 4488 398 4547 inconsulto?
428 4490 500 4544 Nam
521 4496 550 4544 et
578 4486 720 4560 eligentes,
739 4486 884 4544 etelectus
899 4512 923 4576 D
938 4485 1062 4554 crimina,
1088 4485 1124 4542 de
1151 4485 1249 4559 quibus
1273 4483 1460 4542 aSaronibus
1480 4481 1553 4556 apud
1581 4481 1739 4556 pontificem

79 4584 197 4642 ntistes
214 4598 272 4641 non
287 4584 379 4642 solum
394 4582 537 4640 actissuis
554 4580 634 4653 potiri
648 4597 704 4638 non
720 4581 881 4654 potuissent,
939 4579 1190 4648 delatusfuerat,
1184 4594 1275 4652 ipsum
1299 4581 1437 4637 Caesarem
1460 4576 1550 4634 denuo
1578 4575 1739 4650 gravissimo

83 4677 136 4736 scd
155 4685 185 4735 et
213 4677 355 4735 temerarii
377 4692 461 4734 ausus
490 4675 585 4733 statim
622 4672 882 4748 panasimperatorl
936 4673 1112 4731 anathemate
1133 4679 1260 4730 notatum
1280 4673 1397 4745 imperio
1419 4670 1547 4744 privavit3
1571 4668 1740 4728 flodulfum·

84 4772 215 4831 luissent.
232 4773 290 4828 dut
312 4770 375 4844 quis
387 4771 534 4844 episcopus
557 4768 601 4825 vel
618 4768 713 4836 abbas,
727 4782 886 4840 quanquam
944 4785 1009 4841 que,
1028 4768 1074 4840 qui
1086 4774 1181 4824 contra
1195 4781 1260 4823 eum
1276 4767 1416 4840 Augustus
1428 4765 1463 4822 ab
1478 4765 1584 4838 aliquot
1592 4763 1742 4823 Germanis

82 4876 142 4925 texte
152 4866 243 4939 eligia
263 4880 321 4922 suae
333 4864 463 4923 Ecclesia
483 4863 600 4937 collegio
613 4862 757 4936 potuisset,
778 4869 807 4918 et
819 4874 887 4933 pra·
941 4861 1109 4936 principibus
1134 4869 1241 4918 creatus
1263 4860 1292 4916 in
1311 4859 1458 4917 schismate
1473 4857 1575 4928 fuerat,
1597 4859 1743 4917 conflrma-

83 4970 127 5018 ter
150 4960 329 5033 imperatoris
346 4958 528 5030 sententiam,
543 4956 732 5015 sacerdotium
746 4970 888 5012 assumere
940 4955 988 5024 ιιι,
1003 4963 1031 5012 et
1042 4970 1139 5012 omnes
1153 4954 1188 5012 ab
1209 4954 1506 5012 Henricisacramento
1520 4953 1657 5012 absolvit:
1671 4951 1741 5012 Gai·

83 5061 196 5127 posset,
213 5052 257 5109 vel
282 5052 409 5124 auderet,
428 5051 476 5128 qui
489 5053 614 5110 statima
633 5066 683 5109 sua
697 5049 771 5119 sede,
785 5048 839 5106 alio
852 5047 888 5106 ab
941 5049 1109 5123 hortumque
1140 5049 1379 5122 archiepiscopum
1415 5050 1605 5106 Ravennatem
1640 5047 1741 5120 praci-

82 5148 254 5222 imperatore
261 5147 422 5222 subrogato,
436 5156 542 5205 armata
550 5163 633 5221 manu
645 5143 795 5218 ejiciendus
804 5147 888 5201 esset?
942 5160 1030 5216 puum
1044 5145 1217 5217 imperatoris
1243 5143 1373 5214 amicum,
1401 5141 1559 5201 sacerdotio
1577 5141 1738 5211 multatum,

122 5334 197 5402 (262)
213 5334 287 5403 imo,
303 5340 333 5387 ut
351 5331 471 5415 episcopi
481 5346 512 5388 ea
527 5329 712 5388 obtinuerant

121 5403 204 5487 (aas)
210 5402 285 5460 lfibll
298 5403 408 5476 penitus
422 5402 553 5487 imperio
551 5402 674 5460 debitum
693 5400 887 5469 auferebatur;
942 5399 1149 5458 conservatione
1163 5398 1234 5484 iuris
1249 5397 1438 5455 ecclesiastici.

85 5490 149 5558 qma
159 5488 282 5559 episcopi
274 5472 463 5532 “manebant
455 5474 568 5558 imperia
556 5473 709 5541 membra,
724 5473 846 5538 tametsi,
857 5480 889 5529 ut
979 5473 1054 5544 (267)
1070 5471 1252 5539 simoniacos,
1263 5470 1309 5544 qul
1323 5469 1456 5527 beneficia
1470 5467 1652 5527 ecclesiastiea
1667 5483 1742 5526 eme·

199 5563 220 5615 ι,
227 5562 284 5604 ιιι
296 5546 495 5604 invocarentur
511 5545 568 5603 ab
559 5553 734 5619 imperatore
943 5552 1014 5600 rant

86 5560 479 5687 ep(laedatg’lluieincommodo
494 5617 601 5675 occurri
624 5627 725 5690 potest,
736 5617 812 5674 salvo
831 5618 885 5672 Ec-

978 5329 1051 5401 (aas)
1041 5326 1122 5395 lSed
1139 5327 1235 5411 male:
1259 5341 1327 5383 nam
1339 5325 1497 5411 imperium
1523 5337 1589 5382 non
1597 5323 1744 5399 dissipatur

980 5613 1051 5686 (268)
1064 5615 1153 5683 Quam
1167 5630 1232 5671 vero
1244 5615 1337 5671 rebus!

85 5688 206 5746 ctesias
195 5704 270 5762 (ιιι,
293 5698 323 5748 et
345 5690 451 5764 absquo
466 5690 522 5746 ulla
525 5696 686 5772 ,quaterne
702 5690 828 5764 vigebat,
843 5687 888 5744 Si·
979 5690 1057 5754 (269)
1069 5685 1232 5770 imperatori
1246 5691 1345 5769 sponte
1362 5698 1411 5743 sua
1425 5681 1674 5758 parentGermani,
1698 5687 1741 5734 ιι

85 5759 217 5817 mcum
227 5731 423 5821 Ιιιιιιιιάοιιιιι
434 5760 646 5819 nundinatione.

124 5837 202 5903 (285)
213 5832 279 5891 llaec
290 5840 357 5895 snat
367 5832 515 5906 sigeberti,
527 5847 584 5892 non
597 5833 730 5892 ιιιιιιιιι.

942 5774 1030 5819 l'dssllo
1042 5773 1103 5818 110ss
1116 5774 1171 5816 ntst
1181 5764 1279 5816 frodeli-
1372 5808 1384 5823 ,.
