3870 6164
420 158 426 191 t
518 146 521 154 ‘
615 185 619 191 ,
845 150 848 155 ’
905 178 910 187 ,
958 151 966 181 t

138 288 205 343 itit
639 244 865 339 enormes.
886 278 1284 338 uasuomrlrnmnrous.
1731 282 1793 335 rita

54 414 64 431 ⁰
141 434 155 462 ι
170 411 297 493 Decrevit
308 415 400 467 sancta
416 405 545 481 synodus,
561 405 716 463 seeundum
740 420 861 464 canones
882 407 934 463 Pa·
949 408 977 473 A
991 414 1177 481 persanctum
1197 404 1358 463 Silvestrum
1371 403 1411 473 [C.
1430 408 1464 464 lt.
1481 405 1602 478 papam]
1633 401 1790 476 approbato,

139 505 277 574 trum,his
291 503 319 558 in
341 517 414 558 anno
428 500 614 573 episcopusin
636 499 664 557 id
685 498 776 572 ipsum
789 499 817 556 in
839 512 937 558 unam-
990 502 1030 559 sic
1047 509 1159 559 sanctus
1176 499 1312 558 &moins
1347 497 1504 573 Agathensi,
1528 504 1653 555 sensura
1679 496 1790 554 iliiarins

141 612 276 673 quamque
286 594 457 667 provinciam
467 593 622 663 convenire,
637 609 694 668 quo
708 593 937 667 metropolitanus
992 594 1180 664 Arausioensi,
1198 602 1310 652 sanctus
1323 593 1442 651 Albinus
1456 591 1671 661 Aurelianensi,
1690 598 1791 650 metus

140 692 254 750 antistes
265 688 432 763 probaverit,
457 696 487 745 et
505 686 650 762 corrigere,
679 688 704 745 ei
729 703 790 761 qum
816 687 938 746 fortassis
990 689 1150 748 Bonifacius
1168 688 1352 762 Mogontieusi
1384 687 1511 756 concilio,
1533 687 1579 744 sic
1614 695 1646 744 et
1666 686 1714 743 alii
1740 686 1790 743 aliis

141 783 344 843 emerserint.»
992 784 1116 842 conciliis
1141 798 1199 840 non
1213 781 1273 852 soli,
1291 781 1341 839 sed
1365 796 1431 838 cum
1456 780 1587 853 pluribus
1612 779 1679 837 aliis
1700 780 1791 837 mustis

174 881 251 939 Patet
265 895 330 953 ergo
339 877 412 951 quod
426 877 592 935 authentica
606 878 763 934 sanctiones
777 877 861 934 ctiam
873 891 938 949 pro-
992 878 1119 936 Patribus
1139 876 1297 933 interfuisse
1324 875 1450 947 leguntur
1465 876 1516 948 qui
1538 875 1570 931 in
1585 873 1743 932 Christiana
1755 890 1791 931 re·

139 974 262 1032 vincialia
291 973 403 1032 concilia
427 972 484 1029 fieri
508 971 678 1045 precipiunt,
703 968 776 1043 quod
801 971 939 1028 incassum
992 971 1092 1046 ligione
1115 979 1141 1028 et
1155 970 1278 1028 doctum
1291 977 1350 1026 tam
1372 967 1491 1043 insignes
1513 967 1606 1026 fuine
1637 966 1789 1034 manhu,

140 1070 333 1142 praeciperent,
346 1067 397 1124 nisi
408 1075 495 1124 etnos
506 1064 667 1123 eommdem
687 1064 867 1122 eonciiiomm
880 1080 941 1137 pro
995 1065 1077 1123 utvei
1090 1065 1172 1122 unius
1181 1080 1278 1122 eorum
1287 1063 1421 1137 singulari
1428 1061 1532 1138 judicio
1549 1062 1671 1120 obviare
1682 1063 1788 1120 nimium

140 1164 243 1220 habiles
262 1161 410 1219 sententias
433 1159 577 1217 ohservare
601 1159 789 1217 decernerent.
812 1158 895 1216 Unde
914 1167 941 1215 et
994 1169 1065 1218 esset
1075 1160 1265 1217 temerarium.
1277 1161 1351 1232 Ergo
1363 1157 1516 1215 multorum
1538 1155 1712 1229 sapientium
1728 1155 1790 1230 judi

141 1259 169 1312 in
184 1257 264 1312 tertio
279 1256 412 1312 Toletano
427 1253 546 1310 concilio
558 1252 705 1309 universali
716 1252 859 1309 decretum
879 1261 937 1310 est:
995 1255 1037 1312 cio
1049 1270 1106 1312 non
1132 1252 1311 1326 acquiescere,
1335 1252 1424 1310 multo
1437 1250 1526 1325 magis
1544 1257 1593 1308 est
1613 1249 1786 1319 intolerabile,

142 1375 154 1400 a
172 1350 225 1420 Qui
238 1349 354 1406 eoncilia
374 1346 592 1405 orthodoxorum
605 1345 808 1419 episcoporum,
822 1360 941 1403 consona
995 1351 1024 1407 in
1038 1350 1081 1406 his
1101 1349 1237 1406 duntaxat
1250 1346 1376 1420 capitulis
1396 1345 1615 1420 quapraedictis
1634 1344 1788 1403 authentio's

140 1444 318 1501 sanctissimis
337 1451 454 1515 quatuor
467 1441 587 1499 conciliis
603 1456 657 1496 non
671 1440 779 1513 recipit,
794 1440 942 1498 anathema
996 1442 1104 1501 statutis
1119 1456 1178 1500 non
1196 1441 1383 1511 adversantur,
1405 1439 1454 1498 sed
1467 1438 1643 1497 institutioni
1666 1439 1785 1496 Chrisda

141 1538 185 1595 sit.
202 1538 390 1608 »Quicunque
411 1536 494 1609 igitur
514 1534 555 1591 vel
576 1534 677 1591 horum
704 1533 884 1591 conciliorum
897 1549 938 1589 ra·
992 1551 1036 1593 nae
1048 1535 1187 1608 religionis
1199 1535 1293 1608 procul
1307 1534 1391 1592 dubio
1405 1532 1608 1608 suffragantur.
1624 1537 1710 1603 Nam,
1719 1533 1785 1606 juxta

140 1629 317 1688 tionahilihus
328 1630 437 1687 statutis
451 1629 563 1686 obviare
575 1636 704 1698 conatur,
719 1628 803 1684 etiam
823 1645 839 1684 a
859 1643 939 1701 supe·
992 1631 1066 1689 heati
1087 1630 1231 1705 Augustini
1256 1627 1396 1703 judicium
1418 1651 1432 1678 ι
1447 1644 1497 1701 pro
1528 1627 1640 1686 nullius
1677 1642 1786 1700 persons

142 1724 261 1782 rioribus
273 1723 441 1781 authenticis
451 1722 641 1780 sanctionibus
652 1723 680 1778 in
690 1721 843 1793 pericolum
857 1736 940 1778 suum
994 1714 1144 1792 reverentia
1162 1731 1206 1782 est
1220 1722 1422 1796 recipiendum,
1442 1722 1465 1780 si
1484 1723 1553 1796 quid
1587 1722 1728 1780 canoniam
1750 1738 1787 1780 re

141 1819 285 1877 dissentire
310 1818 452 1890 probatur.
480 1819 583 1874 Beatus
612 1831 722 1889 quoque
747 1815 883 1886 lsidoms,
912 1816 940 1872 in
955 1787 980 1852 B
996 1819 1071 1877 ritati
1094 1819 1125 1875 in
1138 1818 1231 1892 aliquo
1245 1817 1361 1876 concilio
1387 1816 1429 1874 vel
1451 1816 1556 1875 alicubi
1584 1816 1722 1890 reperitur
1742 1815 1784 1874 sd·

141 1913 260 1986 quadam
278 1929 329 1970 sua
352 1912 515 1985 praefatione
534 1911 569 1969 de
582 1910 735 1968 canonibus
758 1910 847 1984 capite
856 1909 943 1967 unde·
995 1928 1117 1972 versum.
1136 1935 1149 1964 ι

141 2008 227 2077 cimo,
249 2007 386 2080 praedietis
400 2006 554 2063 rationibus
568 2006 733 2077 astipulatur
756 2005 809 2061 hoc
835 2004 939 2063 modo:
1030 2010 1165 2066 Praeterea
1178 2014 1272 2064 sanem
1290 2013 1319 2063 et
1331 2002 1487 2062 veneranda
1508 2003 1639 2078 synodus
1652 2002 1787 2063 chalcedo-

143 2125 156 2150 α
176 2104 265 2157 Nosse
277 2102 362 2156 etiam
372 2107 490 2172 oportet,
502 2099 567 2155 licet
577 2108 676 2155 caetera
686 2114 744 2154 non
754 2097 939 2166 infirmantur,
994 2101 1089 2159 nensis
1108 2101 1190 2158 edam
1202 2099 1379 2173 provincialia
1394 2097 1509 2157 concilia
1525 2106 1597 2156 ante
1608 2098 1705 2171 ipsum
1715 2107 1789 2156 hats

141 2201 260 2266 quatuor
278 2208 337 2249 esse
352 2192 511 2265 principalia
526 2192 654 2248 concilia.
673 2217 685 2241 υ
701 2192 753 2248 His
766 2201 860 2249 autem
871 2208 941 2249 enu·
995 2203 1056 2252 acta
1075 2194 1255 2251 canonizasse
1268 2207 1326 2250 non
1346 2190 1500 2259 dubitatur,
1528 2191 1570 2248 ita
1592 2190 1789 2250 (leceramus

141 2288 257 2344 moratis
270 2285 407 2343 subinfert
419 2286 448 2342 in
469 2285 567 2343 eodem
585 2286 692 2358 capite:
713 2309 726 2334 α
743 2284 798 2342 Sed
811 2294 840 2342 et
853 2286 875 2343 si
888 2301 942 2359 qua
997 2289 1050 2362 pite
1059 2287 1200 2362 primur«
1216 2286 1336 2361 Regulos
1361 2294 1518 2343 sanctorum
1538 2287 1721 2360 Patrumper
1736 2286 1786 2343 tiu·

64 2440 69 2447 ,
142 2387 208 2437 sunt
221 2379 346 2446 concilia,
366 2393 427 2451 quae
444 2380 531 2436 sancti
549 2382 645 2436 Patres
670 2380 766 2451 spiritu
791 2380 842 2436 Dei
866 2381 942 2453 pleni
995 2384 1057 2456 gula
1078 2398 1152 2440 nunc
1184 2397 1271 2454 usque
1302 2379 1416 2437 concilia
1446 2379 1628 2449 constitutas,
1661 2379 1788 2454 proprium

142 2481 302 2542 sanxerunt,
317 2481 380 2546 post
400 2474 518 2531 istorum
538 2479 659 2548 quatuor
676 2473 866 2530 auctoritatem
880 2489 941 2530 cm·
995 2476 1082 2534 robur
1104 2476 1205 2533 hahere
1223 2474 1404 2532 decrevimus.
1427 2496 1440 2524 ι
1465 2475 1535 2530 Haec
1563 2482 1664 2531 autem
1687 2472 1791 2531 mndlia

141 2568 220 2625 nium
227 2566 463 2625 manentstabilita
470 2567 943 2642 vigore.»(1s1noaus,tttr00rtpt
995 2579 1059 2629 ante
1078 2571 1171 2644 ipsum
1185 2568 1408 2626 chalcedonense
1428 2569 1561 2640 leguntur
1576 2568 1664 2626 fuisse
1682 2585 1691 2624 r
1710 2574 1790 2641 Aney-

23 2688 28 2703 ι
143 2678 211 2718 num
223 2678 269 2731 vr,
282 2677 342 2733 cap.
375 2665 429 2726 15.)
449 2676 452 2681 ·
996 2681 1104 2734 ranum,
1116 2667 1351 2732 Ncocmsareense,
1366 2678 1428 2735 quaa
1441 2663 1595 2719 etNicaenc
1609 2662 1733 2720 eoncilm
1752 2677 1791 2719 an

179 2760 227 2812 h'st
248 2772 313 2830 ergo
340 2758 455 2830 dignum
481 2763 562 2813 utet
589 2756 748 2830 hujusmodi
762 2756 942 2815 conciliorum
996 2761 1119 2832 tiquiora
1141 2757 1297 2816 traduntur.
1314 2760 1396 2825 ltem,
1420 2758 1595 2830 Gangrense,
1627 2756 1791 2829 ‚Sardium

36 2878 39 2883 Δ
143 2852 253 2908 statutis
270 2851 484 2924 obtemperetur.
500 2851 528 2907 Si
552 2851 625 2909 enim
645 2867 701 2909 oon
716 2867 806 2924 parvae
821 2852 943 2911 stultitia
998 2852 1210 2919 Antiochenam,
1229 2851 1407 2908 Laodicense.
1425 2849 1615 2923 Ergoeadem
1635 2849 1791 2909 etinctu-

141 2955 261 3015 constat,
282 2947 305 3004 si
319 2948 381 3020 quis
395 2945 541 3020 cujuslibet
557 2946 638 3003 unius
654 2945 777 3004 hominis
797 2962 865 3003 sano
878 2962 944 3004 con·
997 2945 1150 3005 cedonensi
1165 2943 1273 3019 syuodo
1295 2960 1352 3001 nou
1372 2943 1537 3001 dubitantur
1555 2960 1618 3002 esse
1658 2944 1790 3010 romam

142 3041 203 3098 silio
222 3042 398 3115 acquiescere
420 3040 565 3110 detrectat,
578 3050 681 3114 quanto
695 3041 782 3115 magis
796 3040 946 3114 reprehen-
998 3056 1069 3115 quae,
1085 3040 1168 3097 etiam
1180 3054 1244 3096 cum
1264 3038 1401 3096 Africanis
1414 3038 1570 3095 canonibus
1583 3039 1685 3097 heahrs
1707 3038 1793 3096 Adsis

140 3136 219 3192 sibile
236 3135 351 3205 videtur,
367 3135 391 3192 si
406 3136 465 3206 quis
477 3134 653 3208 impudenter
675 3134 776 3192 resistit
799 3134 940 3209 huJ'usmo·
958 3174 981 3239 c
996 3150 1048 3192 nos
1067 3150 1135 3207 papa
1157 3132 1257 3191 Carolo
1282 3133 1443 3205 imperatori
1467 3137 1543 3201 (992)
1557 3131 1593 3191 ad
1616 3131 1793 3208 disponam

35 3248 38 3265 ¹
142 3229 169 3286 di
190 3230 371 3287 conciliorum
386 3230 495 3286 statutis
506 3245 563 3286 non
576 3231 667 3298 unius,
693 3229 740 3286 sed
759 3229 942 3302 plurimomm
997 3227 1128 3286 Ecclesiae
1152 3228 1182 3283 in
1205 3241 1291 3300 regno
1308 3242 1365 3284 suo
1386 3229 1485 3283 Romae
1516 3226 1664 3285 tradidine
1683 3226 1792 3300 legitur.

141 3326 308 3396 sapientium
318 3326 481 3382 auctoritate
494 3330 521 3381 et
530 3325 639 3399 judicio
655 3323 767 3398 prolatis
780 3332 863 3398 atque
883 3341 944 3397 pro·
995 3323 1167 3394 Quapropter
1180 3335 1232 3376 nec
1242 3319 1447 3393 provincialium
1467 3321 1654 3379 conciliorum
1665 3327 1792 3378 mutua

143 3418 223 3475 hatis.
242 3421 349 3492 Nempe
373 3418 529 3491 hujusmodi
548 3419 669 3476 conciliis
697 3419 789 3491 plures
816 3418 943 3476 catholici
994 3415 1233 3488 quolibettemere
1251 3422 1316 3471 sunt
1329 3413 1490 3487 respuenda,
1516 3430 1581 3488 quae
1595 3423 1626 3472 et
1648 3414 1793 3489 amenter

143 3520 172 3568 et
185 3513 282 3568 eximii
300 3512 429 3570 doctores
443 3513 602 3571 interfuisse
620 3513 757 3586 leguntur,
780 3514 853 3572 utin
868 3512 942 3573 Afri·
992 3509 1071 3568 sedes
1083 3509 1189 3566 censuit
1202 3507 1365 3581 recipienda.
1382 3509 1536 3580 iiucusque
1550 3507 1678 3566 sufficiat
1703 3509 1793 3568 dixisse

143 3606 220 3660 canis
239 3605 361 3661 conciliis
393 3605 473 3678 legati
499 3605 572 3663 sedis
597 3607 756 3678 apostolicae
775 3607 941 3677 Faustinus,
993 3603 1029 3661 de
1042 3618 1185 3661 sacrorum
1198 3617 1338 3660 monum
1357 3603 1530 3659 auctoritate.
1551 3605 1637 3662 Nunc
1650 3602 1689 3663 ad
1705 3612 1792 3678 propo

143 3698 312 3765 Honoratus,
330 3697 461 3755 Urbanus
479 3699 609 3770 episcopi,
622 3708 731 3756 saumas
750 3700 830 3756 etiam
852 3706 943 3758 Aure·
995 3697 1079 3754 situm
1098 3696 1257 3766 redeamus,
1276 3703 1304 3751 et
1319 3703 1422 3752 statiua
1440 3711 1501 3770 quar
1519 3703 1624 3754 noster
1640 3698 1792 3772 apostolicus

142 3789 195 3846 lius
218 3793 292 3856 (991)
306 3789 530 3863 carthaginensis
540 3791 770 3867 archiepiscopus.
784 3796 862 3864 item,
886 3795 943 3868 ipse
996 3789 1172 3863 insuperiori
1194 3788 1310 3863 epistola
1323 3788 1427 3847 Othoni
1447 3790 1667 3850 constantiensi
1676 3793 1791 3867 ep'ucopo

143 3882 322 3939 viromnium
335 3884 469 3941 virtutum
491 3886 663 3957 Augustinus
683 3887 944 3960 hipponeregiensis
995 3883 1152 3942 cautissime
1168 3882 1305 3957 descripta
1323 3883 1489 3954 transmisit,
1511 3899 1564 3958 per
1589 3885 1791 3959 ermemiro·

143 3976 297 4048 episcopus,
323 3991 407 4050 quem
421 3986 534 4035 sanctus
545 3978 708 4035 Coelsstious
722 3979 764 4035 vir
780 3979 943 4051 apostolicus
996 3993 1102 4036 ramus.

75 4093 79 4100 ·
144 4069 172 4126 in
203 4068 320 4126 decretis
349 4071 407 4128 suis
435 4077 485 4143 (ep.
515 4071 541 4143 8)
570 4072 607 4128 ita
632 4072 714 4129 nohis
744 4073 940 4131 commendat:
1032 4073 1107 4130 cua.
1129 4074 1165 4129 V.
1180 4072 1291 4129 Horum
1305 4068 1373 4129 illud
1386 4071 1580 4144 eratprimum
1597 4072 1791 4135 aurdanu,

145 4184 158 4210 ι
174 4164 372 4236 Augustinum‚
390 4163 490 4238 inquit,
506 4173 608 4223 sanctae
626 4165 941 4239 recordationisvirum,
995 4165 1113 4239 aliquem
1139 4178 1283 4223 sacrorum
1315 4164 1444 4223 ordinum
1467 4164 1587 4237 gradum
1612 4168 1660 4226 vel
1681 4165 1790 4226 officinm

142 4271 194 4326 pro
222 4257 278 4312 vita
300 4272 350 4313 sua
383 4266 466 4332 atque
493 4260 602 4317 meritis
630 4260 780 4318 innostra
815 4277 941 4321 commu·
995 4275 1043 4333 per
1056 4258 1174 4332 pretium
1198 4256 1300 4332 adepti,
1325 4257 1640 4335 nullatenusideinceps
1653 4263 1683 4320 in
1706 4259 1790 4319 Badt-

142 4349 223 4405 uione
250 4364 360 4423 semper
392 4350 555 4422 habuimus3
589 4369 641 4411 nec
663 4369 786 4427 unquam
808 4353 882 4413 hunc
902 4355 942 4413 si·
994 4351 1253 4411 amministrum.»
1514 4373 1518 4378 ·

138 4443 232 4500 nistrae
260 4444 428 4516 suspicionis
470 4447 572 4504 saltem
609 4462 706 4504 rumor
720 4449 837 4521 aspersit
861 4464 944 4522 quem
1032 4445 1192 4504 Secundum
1212 4465 1248 4504 :e
1274 4448 1315 4506 Ut
1342 4445 1484 4504 eeclesiam
1509 4447 1605 4520 pretio
1628 4449 1790 4523 aequia'tata,

142 4543 227 4593 tanta
247 4537 369 4595 scientiae
391 4538 459 4596 olim
480 4539 562 4597 fuisse
589 4541 784 4611 meminimus,
808 4549 839 4598 ut
868 4542 942 4598 inter
957 4539 1087 4612 paullus
1112 4539 1246 4610 redueatr
1281 4556 1334 4598 nec
1365 4540 1446 4598 alicui
1474 4540 1616 4615 deinceps
1657 4542 1792 4602 madan

142 4629 289 4700 magistros
301 4633 420 4703 optimos
443 4632 530 4690 etiam
551 4641 614 4690 ante
633 4649 649 4689 a
669 4634 740 4691 meis
763 4633 945 4707 praedeceesc-
998 4632 1114 4692 vendere
1127 4635 1169 4691 vel
1187 4649 1280 4692 emere
1294 4634 1385 4692 liceat.
1405 4657 1419 4685 a

142 4719 218 4777 ribus
237 4720 394 4783 haberetur.
416 4727 490 4782 Bene
507 4741 573 4799 ergo
591 4725 626 4784 de
640 4742 674 4784 eo
695 4742 793 4786 omnes
814 4728 844 4785 in
862 4743 939 4786 com·
1029 4728 1173 4785 Tertium:
1190 4751 1204 4780 e
1219 4731 1260 4788 Ut
1282 4743 1298 4785 a
1313 4727 1430 4786 clericali
1447 4726 1542 4785 officio
1557 4740 1674 4789 cessent
1691 4731 1792 4805 quim

122 4829 226 4877 ,mune
252 4825 405 4887 senserunt,
439 4825 535 4890 utpote
569 4821 618 4893 qui
652 4820 755 4894 ubique
785 4821 891 4880 cunctis
913 4830 941 4880 et
995 4837 1050 4895 que
1080 4838 1110 4880 se
1136 4838 1187 4896 pro
1220 4823 1420 4881 incontinentia
1453 4821 1696 4895 reprehensibiles
1720 4822 1792 4882 sahi·

139 4907 230 4965 amori
250 4906 333 4966 fuerit
349 4917 377 4966 et
398 4910 507 4969 honori.
532 4935 546 4964 ι
571 4913 645 4971 Huic
662 4914 747 4973 etiam
770 4918 939 4990 Augustino,
995 4913 1070 4973 hent.
1090 4938 1104 4966 n

142 5009 173 5057 ut
202 5000 272 5058 liber
294 5003 417 5061 Liberati
445 5013 574 5077 testatur,
589 5008 759 5067 Theodosius
782 5009 941 5083 imperator,
1030 5011 1188 5082 Quartum:
1212 5032 1226 5060 ι
1252 5012 1293 5069 Ut
1306 5011 1423 5084 populus
1436 5008 1608 5068 clausorum
1632 5009 1793 5071 olddasul

140 5110 217 5167 per«
240 5111 348 5155 sacram
374 5120 388 5148 ι
410 5114 491 5157 suam
514 5101 664 5168 mandavit,
694 5110 726 5161 ut
750 5118 780 5160 se
800 5105 940 5177 Ephesino
994 5103 1102 5161 latenus
1135 5104 1260 5178 recipiat,
1295 5119 1365 5177 quos
1407 5103 1572 5178 apostolicas
1611 5106 1794 5165 meierum

139 5189 257 5248 concilio
270 5199 460 5264 praesentaret.
476 5194 627 5255 Sedeheoi
644 5204 703 5255 mm
729 5188 854 5272 e'grcgim
876 5198 940 5257 doc·
994 5205 1173 5255 contemnere
1195 5197 1293 5256 videat.
1324 5220 1340 5249 a
1377 5199 1527 5256 curramus
1546 5198 1638 5272 igitur
1668 5216 1719 5276 per
1740 5199 1793 5258 ἡ·

139 5290 184 5339 tor
194 5292 258 5342 ante
270 5285 375 5343 mundo
390 5286 548 5346 subtractus
570 5297 622 5359 eat,
640 5288 770 5363 quemad
780 5291 857 5349 iilum
872 5293 941 5349 invi-
995 5291 1067 5365 gula,
1080 5300 1108 5348 et
1118 5290 1217 5349 eadem
1231 5307 1317 5365 quam
1328 5292 1499 5360 authentica,
1520 5307 1610 5367 quam
1620 5292 1791 5367 summo,

138 5378 239 5434 latoria
252 5379 373 5437 Romani
393 5381 524 5455 principis
535 5385 654 5459 epistola
675 5386 851 5458 pervenisset.
994 5384 1143 5457 imoquam
1156 5384 1336 5455 inevitabilia,
1350 5387 1416 5453 sint,
1427 5402 1487 5445 nen
1497 5401 1532 5444 ex
1544 5389 1655 5448 nusum
1663 5390 1793 5465 sonim

175 5470 212 5525 lii
225 5485 301 5544 ergo,
316 5476 525 5548 quosprtediri,
541 5487 568 5535 et
581 5477 628 5536 alii
641 5479 860 5539 innumerabiles
875 5496 939 5539 san·
993 5479 1043 5549 ris,
1064 5477 1112 5535 sed
1146 5494 1180 5536 ex
1199 5488 1360 5538 sanctorum
1378 5484 1491 5539 Petrum
1516 5483 1636 5542 sumus
1665 5496 1790 5559 eomput-

135 5559 175 5615 cti
189 5562 286 5618 Patres
299 5560 434 5623 Africanis
457 5567 580 5625 conciliis
602 5568 761 5639 interfuere,
788 5571 847 5629 imo
868 5587 940 5646 prat·
992 5570 1070 5631 diosa
1084 5582 1284 5631 monstremus.

135 5644 223 5705 fuere.
238 5648 284 5707 Sic
293 5651 379 5709 ctiam
394 5664 504 5713 sanetus
516 5657 642 5715 Marinus
655 5659 808 5718 Arelatensi
822 5661 941 5719 concilio
1028 5662 1100 5719 Cae.
1114 5664 1162 5719 Vl.
1186 5663 1309 5721 Primum
1329 5663 1576 5736 itaquestautom
1599 5666 1634 5726 in
1653 5664 1783 5728 munh

172 5776 246 5842 (991)
258 5778 290 5831 ln
304 5776 335 5832 C.
352 5779 387 5833 li.
398 5777 579 5839 desideratur.

165 5847 240 5919 (999)
253 5850 354 5910 Exstat
372 5849 434 5914 hac
451 5852 574 5930 epitome
586 5869 728 5917 umanum
744 5854 779 5916 ah
804 5854 927 5918 ummo
939 5857 1064 5920 confecta
1082 5869 1111 5920 et
1122 5860 1222 5920 farem
1234 5863 1337 5934 htagno
1349 5859 1465 5921 traditu

135 6082 169 6110 h.
