3870 6164
55 310 62 320 ι
131 285 200 340 rrae
630 279 677 334 lu
695 277 809 335 orans
827 278 856 336 s.
875 247 1036 352 annconu
1052 277 1272 336 mamercus.
1719 274 1781 330 stu

130 407 177 466 ulli
198 408 378 474 clericorum,
392 403 529 478 permittit
551 402 653 462 babere
672 418 766 462 secum
787 403 927 462 mulierem
940 411 969 476 Α
982 420 1036 463 ca:
1055 407 1217 463 sPraeterea
1226 417 1301 462 caua
1315 409 1370 461 hara
1383 402 1420 460 sit
1428 400 1543 460 eosdem
1557 400 1667 458 iratres
1676 406 1779 459 hamar

114 510 298 569 armaricam,
311 499 365 557 uisi
374 497 542 556 fortemater
550 499 597 567 sit,
608 506 657 556 aut
665 513 755 567 soror,
768 506 817 555 aut
829 499 924 556 amita
978 499 1119 572 episcopos
1141 496 1291 566 adhortari,
1311 505 1343 555 ut
1356 495 1496 570 subjectos
1514 494 1571 552 sibi
1587 494 1621 551 iu
1640 494 1727 551 samis
1743 494 1779 550 vi·

129 598 163 654 lu
175 596 220 654 his
233 608 352 667 namque
371 594 498 666 personis
515 602 544 650 et
558 592 659 651 horum
677 592 814 650 similibus
836 592 928 650 omnis
978 590 1076 650 delicet
1092 591 1237 650 ordinibus
1249 592 1422 659 comtitutos,
1436 589 1514 664 quod
1537 589 1596 663 ipsi
1612 594 1738 655 sarram,
1750 586 1781 644 sd

128 689 248 762 aruspicia
261 687 423 746 declinatur.
440 687 494 759 Qui
512 688 592 746 aliter
605 687 775 760 praterhac
787 687 844 760 agit
857 685 928 759 peri·
978 685 1189 744 similitudinem
1207 686 1250 743 sui
1268 684 1359 744 modis
1380 681 1651 744 omnibus'servare
1664 695 1782 739 commo

65 838 72 853 ,
128 783 268 840 clitabitur
287 782 321 840 de
339 782 411 840 clero
432 796 493 839 suc.
510 781 631 839 Videsne
644 781 728 853 igituir
739 781 803 853 quia
816 781 928 853 penitus
978 789 1096 838 heaut.»

128 877 232 934 clericis
249 877 394 951 coniugale
415 891 486 949 opus
504 876 545 945 [G.
576 880 610 934 ll.
635 874 707 945 istic]
728 873 927 932 interdicatur?
1015 878 1097 944 ltem,
1118 874 1263 933 Zacharias
1285 890 1355 948 papa
1377 873 1536 931 moremus
1554 873 1630 942 suis,
1651 885 1719 944 cap.
1743 878 1781 929 l:

127 970 192 1045 quia
203 978 233 1028 et
245 985 295 1044 pro
307 970 368 1044 ipsa
389 969 593 1027 cohabitatione
606 985 657 1027 sua
679 967 857 1039 laminarum,
870 984 927 1025 uou
981 991 995 1020 a
1014 970 1198 1027 Decemimus
1217 976 1249 1026 ut
1261 968 1384 1044 episcopi
1405 983 1470 1026 cum
1485 967 1657 1025 mulieribus
1673 966 1782 1024 omniun

127 1065 217 1123 selum
228 1064 263 1123 de
281 1063 436 1122 ministerio
446 1063 552 1131 altaris,
566 1063 614 1121 sed
627 1063 662 1122 de
675 1062 804 1120 clericatu
816 1078 867 1120 suo
879 1077 927 1136 pa·

128 1158 321 1232 mdimnjure,
334 1165 490 1216 censentur.
502 1160 560 1215 Nec
571 1157 625 1216 hoc
633 1165 744 1215 tautum
753 1156 788 1214 da
800 1156 927 1214 sacerdo·

128 1253 213 1319 tibus,
223 1251 273 1311 sed
284 1251 319 1311 de
332 1251 462 1311 omuibus
475 1252 561 1310 sacris
571 1251 714 1309 ordinibus
725 1250 867 1309 evidenter
878 1250 927 1309 de·

128 1347 259 1405 cernitur.

165 1461 236 1516 ltem
249 1461 475 1518 Neccaesareeuse
493 1458 651 1526 concilium,
666 1457 742 1532 quod
755 1466 820 1516 ante
836 1458 928 1516 Nicae-

128 1568 196 1609 num
211 1554 358 1611 cocullum
380 1552 463 1612 luisse
477 1553 586 1628 legitur,
608 1553 647 1610 ita
660 1569 720 1626 cap.
744 1558 755 1609 ι
776 1552 926 1611 decrevit:

131 1669 143 1697 ι
159 1646 313 1720 Presbyter,
336 1649 361 1706 si
375 1663 492 1707 uxorem
506 1647 627 1718 durarit,
641 1649 676 1704 ab
694 1646 793 1707 ordine
806 1648 926 1720 depom-

128 1748 185 1799 tur.
198 1742 227 1798 Si
244 1755 309 1799 vero
323 1742 476 1800 fornicatus
496 1742 593 1811 luerit,
616 1750 665 1800 aut
685 1741 850 1800 adulterium
865 1758 928 1815 per-

130 1835 288 1908 petraverit,
310 1837 429 1911 amplius
447 1836 509 1911 pelli
527 1836 611 1895 debet
628 1844 656 1894 et
681 1835 717 1893 ad
737 1836 929 1910 poenitentiam

130 1928 227 2003 redigi.
243 1952 257 1981 ι

164 2041 388 2099 Chalcedonensa
402 2041 486 2099 etiam
508 2024 667 2111 concilium,
686 2041 763 2115 quod
782 2041 856 2114 ipsas
879 2042 929 2098 Ni·

130 2148 232 2202 amnas,
245 2137 497 2201 Neocaesareeuses,
510 2134 567 2191 imo
575 2150 671 2192 amnes
680 2136 727 2192 SS.
742 2139 857 2193 Petrum
868 2152 928 2194 sau·

128 2226 232 2284 ctiam
255 2236 318 2285 ante
338 2228 431 2299 ipsum
453 2235 618 2298 transactas,
642 2235 673 2285 ut
686 2227 851 2301 pradictum
874 2239 928 2299 est,

127 2318 285 2397 oonllrmat,
310 2321 394 2378 etiam
413 2320 576 2379 earumdem
600 2321 774 2379 sanctionum
794 2324 927 2396 pravari-

128 2420 236 2472 catores
249 2415 413 2488 generaliter
433 2414 472 2472 ita
486 2415 661 2485 condemnat,
677 2431 738 2490 cap.
754 2420 788 2472 ιο
807 2437 814 2474 :
838 2438 852 2467 a
873 2420 928 2476 Eos

129 2516 223 2566 autem
241 2508 287 2581 qui
304 2509 362 2567 ausi
377 2506 480 2565 luerint
488 2518 552 2582 post
564 2508 754 2568 definitionem
777 2526 887 2585 magna
900 2520 929 2568 et

129 2602 288 2659 universalis
300 2602 382 2678 hujus
400 2603 498 2678 synodi
511 2603 665 2678 quidquam
681 2620 713 2661 er
727 2602 769 2662 his
786 2621 848 2680 quas
861 2614 928 2664 sunt

129 2695 268 2770 prohibita
282 2705 450 2771 perpetrare,
463 2696 584 2757 decrevit
596 2707 692 2756 saneta
706 2697 826 2774 synodus
839 2717 856 2758 a
868 2716 929 2775 pro

128 2791 189 2864 prio
201 2790 287 2864 gradu
297 2790 460 2849 recedere.»

163 2902 233 2957 ltcm
254 2899 430 2959 heatisnmus
453 2917 524 2976 papa
546 2901 696 2974 sylvester,
715 2904 764 2976 qui
785 2905 927 2963 llicaenam

126 2995 266 3070 syuodrmr
281 2993 467 3070 congregavit,
482 3004 511 3053 et
524 2996 650 3054 eamdem
664 2997 814 3070 apostoliea
835 3008 929 3057 aucte·

127 3091 209 3148 ritate
221 3089 420 3160 corroboravit,
435 3089 464 3146 iu
482 3089 541 3147 suis
555 3089 730 3165 synodalibus
747 3090 875 3164 decretis,
893 3093 928 3149 ita

126 3183 261 3254 decernit,
275 3199 338 3258 cap.
352 3190 370 3242 6
386 3203 394 3242 2
409 3208 422 3233 ι
444 3185 533 3242 Nemo

126 3278 307 3353 praesbyterii,
322 3286 414 3335 mmet
425 3279 600 3353 conjugium
610 3278 720 3351 quodsi
731 3278 792 3353 quis
805 3282 928 3355 neglecto

126 3373 190 3444 hoc,
204 3373 284 3432 aliter
303 3373 401 3448 egerit,
427 3388 477 3431 ιιιι
495 3373 574 3431 aunis
595 3389 658 3431 euru
680 3373 811 3447 jubemus
830 3375 929 3449 privari

129 3466 245 3526 honore.
271 3466 353 3539 Quod
375 3466 400 3524 si
422 3468 485 3541 quis
512 3475 607 3525 contra
635 3466 688 3526 boc
712 3467 929 3542 chirographum

127 3577 249 3637 praeseus
267 3569 296 3619 et
314 3560 424 3636 publice
443 3561 556 3647 ‚dictum
572 3561 670 3634 egerit,
700 3562 878 3622 damnabitur
900 3580 929 3623 ru

129 3664 301 3729 perpetuum.
315 3675 331 3707 n

164 3768 236 3824 item
247 3765 345 3824 beatus
357 3765 472 3824 siricius
482 3782 553 3842 papa
567 3767 595 3824 iu
604 3767 722 3826 decretis
733 3770 799 3839 suis,
812 3787 872 3843 cap.
889 3777 905 3828 ⁷
919 3787 928 3830 ι

130 3858 288 3931 «Quilibet
324 3860 478 3933 episcopus,
507 3862 649 3936 presbyter
673 3871 755 3935 atque
786 3863 928 3935 diaconus,

980 1079 1037 1120 non
1049 1064 1185 1131 habitent,
1199 1079 1234 1121 ue
1251 1062 1286 1120 ah
1304 1063 1409 1135 antiqui
1423 1060 1511 1120 bostis
1524 1059 1630 1119 frauda
1649 1060 1780 1132 decipian-

980 1167 1037 1217 tur.
1059 1182 1072 1209 a
1093 1159 1177 1217 ldam.
1203 1159 1231 1215 in
1253 1157 1358 1215 eisdem
1381 1162 1473 1230 capt
1496 1175 1536 1212 :a
1558 1159 1603 1214 Ut
1622 1153 1779 1228 presbytcri,

980 1255 1022 1310 vel
1035 1253 1145 1312 macchi
1164 1252 1389 1310 subintroductas
1400 1252 1533 1309 mulieres
1545 1250 1628 1307 nullo
1640 1248 1727 1307 ιιιοιιο
1743 1265 1780 1306 re·

980 1363 1045 1405 curu
1064 1349 1166 1405 babere
1187 1346 1315 1418 audeaut,
1338 1346 1392 1402 nisi
1410 1345 1481 1403 forte
1498 1351 1688 1402 commatrem
1708 1357 1779 1400 snam

981 1451 1030 1500 aut
1055 1442 1262 1514 proximitatem
1281 1439 1467 1515 generationis
1487 1438 1540 1495 sibi
1557 1437 1704 1505 babentes,
1725 1450 1779 1510 qam

981 1536 1151 1610 suspiciones
1171 1534 1318 1608 alfagium,
1330 1535 1401 1591 sicut
1413 1533 1440 1590 in
1458 1533 1575 1590 Nicaena
1589 1531 1699 1606 syuodo
1719 1545 1778 1588 con·

982 1632 1097 1689 linatur.
1121 1631 1151 1687 Si
1173 1629 1236 1703 quis
1260 1638 1359 1703 prater
1377 1629 1438 1684 haec
1455 1635 1563 1684 statuta
1579 1624 1777 1700 prarsumpamil

983 1741 1073 1799 agere,
1081 1723 1224 1782 sacerdotii
1234 1724 1276 1781 sui
1290 1722 1396 1781 bonore
1407 1722 1537 1794 privetur.
1551 1741 1568 1774 a

944 1788 970 1852 Β
1020 1823 1091 1876 ltam
1113 1818 1209 1875 beatus
1228 1818 1416 1891 Hieronymus
1434 1816 1560 1873 scribens
1578 1814 1616 1872 ad
1636 1816 1778 1881 Οοιιιιιιιι,

983 1912 1144 1970 authenticis
1156 1911 1309 1970 rationibus
1322 1911 1446 1985 probavit
1461 1926 1518 1967 uon
1532 1909 1618 1967 licere
1631 1909 1714 1967 cleris
1724 1924 1781 1966 acu

983 2009 1083 2066 versari
1089 2022 1155 2065 cum
1162 2006 1334 2065 leminiszllt
1341 2003 1675 2079 postmodosubintulit:
1690 2001 1780 2074 «Quot

983 2103 1018 2173 si,
1035 2110 1097 2176 post
1111 2110 1205 2159 nostra
1220 2100 1337 2169 monita,
1352 2099 1449 2173 aliquis
1463 2099 1595 2169 clericus,
1610 2113 1679 2156 suas
1692 2112 1781 2172 agape

983 2206 1026 2256 tas
1037 2201 1096 2268 [ma.
1111 2203 1262 2271 sagapetas,
1276 2197 1399 2253 mandese
1408 2195 1569 2264 admodum]
1580 2193 1704 2267 amplius
1715 2206 1782 2266 quc

983 2292 1061 2349 sierit
1077 2306 1171 2348 amare
1184 2306 1269 2363 quam
1281 2290 1433 2362 Christum,
1453 2288 1613 2347 secundum
1627 2286 1782 2361 synodalem

983 2387 1109 2460 regulam
1120 2385 1309 2456 conveniatur,
1323 2393 1352 2442 et
1362 2391 1502 2458 praecepta
1514 2386 1640 2441 Petrum
1653 2383 1683 2440 in
1695 2381 1781 2439 iliaca

983 2482 1092 2540 definita
1114 2482 1137 2541 ei
1159 2482 1296 2556 legantur.
1312 2485 1384 2540 Tum
1398 2497 1474 2550 vero,
1495 2479 1703 2548 siocmeutns,
1722 2491 1781 2552 prs»

960 2578 1069 2636 dictas
1091 2576 1191 2650 sugerit
1212 2585 1240 2633 et
1261 2576 1413 2650 reliquerit,
1432 2575 1575 2633 consecuti
1590 2590 1690 2633 sumus
1702 2572 1781 2630 mari·

982 2688 1061 2729 mum
1076 2670 1194 2729 lucrum.
1213 2671 1342 2744 Alioquin
1365 2670 1428 2728 talis
1441 2670 1476 2728 ab
1490 2670 1615 2728 Ecclesia
1634 2668 1781 2727 amtbcna

982 2767 1112 2825 tizandua
1132 2775 1185 2825 est.
1199 2765 1365 2824 Germinant
1379 2765 1454 2824 euim
1475 2765 1590 2823 feminac
1612 2763 1708 2838 spinas
1724 2774 1781 2819 can

982 2861 1046 2918 viris
1060 2860 1227 2932 habitantes,
1244 2869 1272 2918 et
1285 2876 1383 2918 amana
1396 2861 1533 2917 mentium
1548 2867 1637 2918 acuto
1658 2869 1780 2916 munem

983 2955 1175 3028 percutiunt.»

998 3049 1072 3107 ‘Sed
1085 3049 1151 3123 quid
1165 3049 1255 3107 dicam
1274 3048 1408 3106 ulterius?
1423 3047 1541 3106 Deficiet
1556 3049 1634 3106 enim
1649 3063 1696 3105 me
1714 3055 1782 3105 tem·

558 3184 699 3259 pmbyt„
719 3200 734 3241 a
754 3184 798 3243 die
814 3177 964 3245 honorisc
982 3144 1034 3216 pu's
1059 3150 1090 3200 ut
1110 3157 1236 3199 enarrem
1258 3142 1392 3199 virtutum
1413 3142 1454 3210 [G.
1470 3146 1504 3200 Β.
1521 3142 1639 3212 viritim}
1655 3143 1703 3200 m,
1728 3143 1781 3198 pfl.

982 3246 1036 3294 tres
1060 3235 1181 3309 praedicti
1197 3235 1283 3292 nestri
1307 3235 1445 3309 apostolici
1468 3237 1584 3294 statutis
1607 3233 1780 3293 subscriben-

922 3375 928 3387 .
982 3339 1031 3387 tes.
1057 3333 1129 3388 Nam
1152 3344 1248 3388 omnes
1267 3329 1401 3388 Catholici
1414 3329 1512 3387 eadem
1533 3327 1702 3387 observanda
1721 3341 1780 3385 asae

982 3429 1149 3482 censuerunt
1162 3423 1211 3497 qui
1225 3432 1286 3481 eto
1309 3423 1500 3482 saomtissimis
1522 3433 1644 3497 quatuor
1663 3420 1782 3481 courrliis

982 3517 1129 3576 dissentire
1149 3519 1309 3575 uoluerunt.
1327 3520 1365 3574 Er
1389 3517 1490 3590 quibus
1509 3527 1607 3575 noster
1621 3517 1781 3591 apostolicus

983 3611 1094 3686 praelata
1121 3610 1251 3685 produxit
1279 3611 1397 3669 decreta.
1420 3613 1596 3685 Quapropter
1611 3628 1670 3669 nec
1691 3610 1781 3669 idiotas

984 3706 1069 3764 latere
1090 3706 1196 3764 ωιιῦιιιο
1217 3720 1301 3779 quam
1330 3705 1496 3778 periculose,
1516 3706 1562 3762 vel
1585 3706 1683 3778 potius
1704 3718 1780 3779 quara

983 3799 1135 3873 perniciose
1156 3799 1210 3857 sibi
1232 3799 1345 3872 suisque
1369 3798 1551 3856 sectatoribus
1573 3798 1716 3874 desipiant
1726 3797 1780 3871 qai·

984 3909 1092 3967 cunque
1116 3909 1165 3968 per
1182 3893 1328 3951 sozomeni
1357 3902 1441 3966 caput
1453 3892 1652 3951 sacerdotibus
1675 3891 1780 3951 maenti

128 3953 202 4027 ‘1⁰⁰⁶
220 3968 278 4060 uon
296 3961 435 4060 ⁰Pffifl¹¹¹⁵v
450 3950 579 4026 demittis
594 3955 768 4061 ifl⁰⁰¹¹f³¹¹⁰¹¹⁸
792 3956 875 4015 fuerit
888 3958 930 4015 in·
982 3989 1105 4045 nentium
1123 3987 1257 4045 ascribere
1270 4002 1325 4044 uon
1341 3985 1501 4044 formidant.
1519 3987 1646 4060 Quibus,
1663 3988 1724 4045 licat
1738 4001 1778 4043 su·

129 4056 302 4154 tenendam
316 4047 371 4105 srbr
386 4064 434 4121 per
447 4063 498 4106 uas
510 4048 739 4155 amnemadrtum
751 4049 930 4124 indulgentia
982 4082 1074 4155 9050,
1087 4082 1266 4155 ,mamm
1284 4080 1400 4139 ,my-qo
1415 4079 1544 4138 suffloem
1565 4080 1682 4153 debeat,
1701 4094 1777 4138 unns

128 4143 265 4249 rutellrgat
283 4142 453 4201 obseratum.
477 4166 490 4193 ι
507 4146 587 4214 lum,
604 4159 633 4201 ru
651 4143 766 4214 eisdam,
782 4161 843 4218 cap.
867 4152 899 4204 ιι
921 4166 927 4204 :
982 4184 1077 4234 „men
1091 4176 1132 4246 [G.
1147 4179 1180 4234 Β,
1203 4176 1315 4248 perum]
1340 4190 1388 4233 ω,
1408 4189 1584 4248 pmmonm
1609 4174 1650 4236 «ιθ
1668 4171 1774 4233 flmdc

131 4239 305 4308 «Famruas,
322 4236 442 4295 sednon
455 4237 526 4295 alias
539 4253 599 4296 esse
611 4239 734 4312 patimur
755 4239 787 4297 in
800 4239 930 4300 domibus
983 4270 1158 4328 mathemate
1175 4284 1232 4326 110„
1245 4268 1354 4327 taeyfflt,
1429 4248 1432 4253 ’

129 4330 303 4401 clericorum,
324 4331 379 4389 nisi
398 4347 444 4391 eas
475 4339 594 4406 tautum,
616 4349 685 4408 quas
711 4341 823 4408 pmptcr
840 4336 930 4393 solam
1019 4365 1094 4421 cn·
1107 4329 1774 4438 xylovmmmenmpgffimymm

128 4424 361 4532 ”wmffinum
380 4441 493 4533 ‘ffufam
513 4425 637 4486 mim
656 4442 722 4525 Ψ
735 4425 832 4486 iim
845 4444 928 4504 ⁸5⁰⁰·
983 4456 1124 4530 partimin
1138 4456 1289 4514 moralibus
1301 4456 1629 4531 preceptiscontinmur.
1644 4456 1773 4518 sedada

64 4586 70 4597 .
128 4518 182 4576 ‘¹¹¹⁸
199 4523 311 4579 mm
323 4527 458 4594 pamma·
474 4543 488 4572 ⁸
940 4553 1077 4630 finiente
1101 4549 1211 4607 Christo
1229 4551 1341 4608 cessavit
1362 4551 1393 4608 iu
1417 4550 1560 4623 mysteriis
1581 4558 1611 4607 ct
1634 4549 1774 4610 mmahu

164 4638 246 4702 ltern,
267 4635 460 4693 tantillulum
482 4651 554 4710 palla
571 4635 724 4710 Gr⁰8⁰riu⁵
753 4636 877 4696 scribens
890 4638 926 4698 all
980 4643 1172 4714 observantiis,
1186 4644 1250 4718 quia
1271 4645 1330 4718 ipse
1352 4651 1395 4701 est
1416 4643 1490 4713 lluis,
1503 4642 1563 4702 siva
1582 4641 1775 4720 completiolt·

129 4730 290 4786 Romanum
303 4727 476 4787 defensorem
489 4730 549 4802 (lib.
562 4745 615 4800 arr,
628 4732 706 4804 epist.
723 4732 767 4804 aa)
782 4732 819 4789 ita
830 4732 944 4792 decar-.
982 4742 1033 4812 gis.
1052 4743 1085 4798 ln
1102 4737 1255 4798 moralibus
1277 4738 1317 4808 [c.
1342 4740 1375 4796 lt.
1402 4740 1507 4805 summ]
1536 4740 1687 4813 praeceptis
1699 4736 1773 4796 alm

126 4823 177 4893 nit,
194 4838 255 4894 cap.
273 4827 309 4879 ιο
329 4842 365 4879 2«
379 4823 408 4881 Si
422 4822 469 4896 qui
483 4825 688 4898 ephoeborum,
703 4841 773 4900 quas
785 4827 926 4886 commissi
981 4843 1084 4903 manet,
1108 4835 1173 4909 quia
1192 4847 1302 4906 semper
1322 4840 1363 4890 est
1387 4830 1593 4890 observandum
1616 4853 1659 4892 :a
1684 4832 1773 4904 Dffid!

127 4915 177 4973 libi
200 4915 360 4989 Ιιθῑῐῑωθῦἰί
380 4917 443 4974 flnss
462 4916 589 4987 includit
608 4935 673 4976 curu
698 4921 860 4979 mulieribus
880 4921 926 4980 de-
980 4929 1138 5004 proximum
1160 4935 1239 4985 tuum
1262 4926 1334 4983 sicut
1358 4927 1478 4999 teipsum
1501 4925 1542 4996 [G.
1558 4930 1593 4986 R.
1617 4935 1648 4985 at
1671 4925 1771 5000 reliqua]

128 5017 207 5085 gunt,
221 5010 273 5068 bos
285 5010 326 5080 [0.
338 5014 371 5069 rt
388 5010 453 5082 hoc]
466 5012 580 5070 omuino
594 5028 765 5087 compescas,
784 5023 811 5072 et
824 5014 859 5074 de
872 5031 926 5074 ca·
981 5019 1090 5094 (Mottb.
1107 5032 1142 5087 ις
1154 5022 1233 5076 Dant.
1248 5021 1300 5084 vr).
1312 5038 1326 5066 ι
1340 5015 1503 5090 Quicunque
1513 5015 1599 5090 igitur
1611 5032 1648 5074 ex
1661 5016 1720 5091 lega
1731 5013 1773 5074 all·

128 5113 188 5163 tero
199 5120 248 5163 eas
259 5104 315 5162 illic
328 5104 451 5163 habitare
467 5106 543 5164 nullo
565 5105 652 5166 modo
665 5108 785 5180 patiaris,
805 5109 927 5183 exceptis
980 5129 1064 5187 quam
1081 5110 1221 5170 carnalem
1234 5109 1439 5169 observantiam
1453 5112 1532 5167 Nova
1547 5110 1666 5183 quidem
1688 5113 1773 5170 tana

126 5201 169 5258 cis
185 5215 254 5274 quas
273 5215 415 5258 marorum
436 5216 576 5258 canonum
598 5216 712 5259 censura
735 5202 880 5275 permittit,
899 5203 926 5262 id
981 5215 1076 5265 meuto
1095 5205 1249 5274 adversam,
1264 5203 1357 5262 adhuc
1371 5203 1572 5262 observandam
1590 5218 1656 5263 asse
1674 5204 1774 5279 dogm

128 5302 179 5362 est,
196 5301 300 5366 matre,
313 5294 407 5363 amita,
422 5309 562 5367 germana,
582 5302 611 5352 et
627 5296 690 5353 aliis
704 5295 872 5370 hujusmodi,
892 5297 926 5355 da
981 5302 1055 5372 tinet,
1071 5300 1167 5372 procul
1179 5298 1263 5356 dubio
1286 5314 1352 5356 cum
1366 5297 1482 5368 Galatis,
1497 5297 1555 5356 ime
1566 5313 1636 5356 cum
1652 5295 1775 5359 Hebioni·

127 5387 227 5461 quibus
241 5402 325 5460 prava
337 5403 395 5445 non
407 5388 494 5461 possit
506 5403 566 5446 esse
579 5389 706 5462 suspicio.
719 5391 819 5450 Melius
831 5400 927 5450 tamen
979 5395 1015 5452 tis
1039 5392 1196 5464 [Ebionitis]
1212 5391 1342 5466 judaizat.
1367 5390 1514 5466 conjugale
1534 5400 1633 5450 autem
1654 5408 1724 5468 oprrs
1741 5405 1775 5448 sa

109 5480 242 5544 ·lacinnt.
262 5481 383 5539 siatiam
411 5481 508 5541 talium
529 5482 736 5543 cohabitatione
759 5488 924 5544 mutineant.
981 5486 1126 5546 cardetum
1138 5487 1210 5544 iuter
1221 5486 1346 5544 carnales
1358 5485 1424 5560 legis
1436 5483 1633 5545 observantias
1646 5492 1775 5562 compat*

43 5636 49 5645 ,
127 5579 200 5634 Nam
213 5573 313 5648 legitur
324 5574 398 5647 quod
411 5577 508 5636 beatus
517 5580 686 5653 Augustinus
695 5595 819 5639 naccum
831 5597 927 5640 sorore
981 5590 1036 5639 tur.
1055 5579 1160 5652 Quibus
1181 5595 1305 5655 uuquam
1326 5579 1368 5649 [G-
1393 5583 1427 5638 Β·
1447 5579 1573 5654 iulium]
1593 5579 1778 5641 ”mm

39 5650 71 5739 ἶν’,
125 5668 254 5729 habitare
265 5671 444 5742 consenserit,
455 5670 749 5746 diceusraQuaecum
761 5691 857 5734 sorore
866 5692 928 5735 men
982 5675 1036 5734 hoc
1068 5682 1179 5732 tantum
1211 5675 1239 5733 in
1268 5673 1327 5748 lege
1354 5671 1537 5732 succesionis
1571 5688 1660 5734 causa
1687 5673 1774 5749 lag'tat

124 5770 322 5834 stant,scrores
329 5779 398 5823 mae
409 5776 550 5827 nonsuut.
563 5792 577 5820 a
590 5769 747 5842 Doctiergo
761 5769 812 5826 viri
822 5771 928 5828 cautela
982 5783 1157 5838 concessum,
1179 5769 1244 5844 quia
1269 5786 1303 5827 er
1327 5769 1379 5826 alia
1400 5766 1476 5826 tribu
1495 5766 1591 5827 nullus
1608 5784 1645 5827 ec
1660 5776 1774 5843 tempore

115 5871 224 5932 magua
244 5858 330 5923 cohh
352 5858 437 5924 debet
454 5876 525 5924 asse
545 5860 703 5927 macedo.
720 5865 758 5923 llt
776 5871 839 5938 part
857 5878 929 5937 pau·
983 5863 1155 5939 pervenitad
1167 5862 1447 5924 centonomium
1460 5861 1775 5939 innumoramgerrar
