3870 6164
138 292 190 347 92l
597 294 741 352 trenno.
762 296 804 352 lll.
827 326 859 337 -
877 297 1087 357 bononense
1105 302 1335 360 sennonteus.
1739 317 1792 372 922

136 415 236 472 eadem
260 415 360 483 mitra,
380 415 427 472 ubi
448 416 535 489 major
557 417 697 490 ingruerat
717 419 807 486 dolor,
823 421 985 493 pristinaeq
1001 426 1120 483 occurrit
1134 426 1194 483 tilri.
1214 451 1227 476 s
1247 427 1328 502 Quod
1350 437 1380 485 nt
1406 429 1510 503 audiri,
1525 448 1590 489 mox
1602 435 1708 506 expavi,
1723 444 1751 493 et
1762 437 1797 493 ab

136 509 268 566 redditus
280 516 322 564 est
335 508 455 565 sanitati.
995 520 1072 575 omni
1101 520 1228 593 deinceps
1260 537 1341 594 prava
1370 525 1553 595 cogitatione,
1578 530 1730 599 praesertim
1754 530 1798 586 ille

176 615 356 672 gemimus
372 617 464 689 itaque
478 617 541 676 χειῇ,
557 627 696 696 Μῃως
713 621 845 694 magister
857 624 941 679 mira.
995 621 1140 684 prasente,
1163 613 1308 672 studebam
1331 632 1377 673 me
1402 633 1539 676 coercere.
1561 622 1796 680 intermissurum

138 712 200 767 enta
213 708 285 772 ‚fecit
305 710 392 767 multe
412 710 490 767 virus
508 719 535 767 er
555 721 690 770 mortuus,
714 714 788 771 Fecit
806 715 940 788 siquidem
995 705 1105 778 quidem
1129 715 1238 764 sanctas
1261 709 1477 781 celebrationes,
1504 713 1570 769 talia
1592 715 1712 771 maxime
1733 731 1798 772 con·
1889 714 1896 725 “

138 811 168 860 et
183 802 274 860 bonus
289 802 448 876 discipulus.
462 804 602 878 Magister,
618 805 748 880 inquam,
763 809 793 864 iu
804 810 883 878 ¹Ds03
899 808 941 866 di·
996 800 1084 855 suem
1097 800 1203 870 siderc;
1219 802 1265 873 qni
1283 802 1367 859 etiam
1382 803 1412 860 id
1426 820 1533 878 semper
1548 807 1630 864 studii
1650 807 1743 865 habuit
1768 818 1798 865 ut

138 895 262 969 seipulnr
279 897 306 952 in
320 900 397 966 Deo;
417 905 447 953 et
460 899 489 953 in
503 898 661 957 beatissimo
676 901 807 974 magistro
823 901 899 971 tacit,
913 911 943 959 ut
997 893 1119 964 quotidie
1139 895 1239 952 missas
1260 896 1419 954 celebraret.
1441 905 1486 968 m,
1511 900 1534 955 si
1558 899 1602 957 die
1622 901 1713 974 aliqua
1739 919 1796 960 non

138 989 250 1057 dicitur,
265 990 342 1062 plura
364 989 521 1064 discipulus.
545 994 603 1050 lieo
624 994 737 1050 mirum,
761 995 843 1051 Plura
867 995 944 1052 enim
995 986 1152 1056 celebravit,
1167 988 1241 1060 quod
1261 990 1400 1047 rarissime
1412 1000 1504 1048 mmen
1526 992 1617 1065 aliquo
1630 995 1729 1052 accidit
1741 995 1795 1052 im·

137 1086 239 1141 Petrus
252 1082 315 1140 feeit
328 1123 336 1153 ,
351 1099 434 1157 qnam
454 1084 595 1154 Christus;
611 1102 667 1143 non
681 1088 810 1161 equidem
833 1089 943 1161 propria
997 1079 1167 1153 pedimento,
1181 1089 1240 1139 tota
1258 1082 1303 1140 die
1321 1082 1366 1141 illa
1386 1084 1490 1142 tristior
1504 1092 1563 1142 erat
1577 1096 1604 1142 et
1615 1088 1692 1160 quasi
1706 1089 1796 1160 gravis

138 1179 253 1247 intuta,
268 1177 316 1234 sed
334 1179 399 1251 qnia
420 1179 560 1250 abnegans
581 1181 759 1253 semetipsum
781 1190 945 1239 securusque
997 1174 1180 1247 pernimium
1194 1177 1265 1233 sicut
1278 1185 1306 1232 et
1324 1176 1399 1235 illam
1414 1194 1525 1252 quoquo
1538 1189 1661 1247 noctem,
1674 1180 1795 1238 dumni-

138 1272 291 1338 Cbristum,
306 1270 377 1328 sicut
389 1280 417 1329 et
427 1271 472 1330 bic
484 1275 566 1329 Pater
578 1282 675 1331 noster
689 1275 869 1344 venerabilis3
882 1275 944 1348 quia
998 1267 1061 1323 miis
1075 1284 1109 1324 ex
1122 1268 1218 1342 vigiliis
1238 1279 1350 1328 coaetus
1366 1272 1497 1329 dormivit
1513 1273 1723 1346 aliquantulum,
1737 1290 1796 1347 gra-

138 1367 219 1439 ptum
242 1364 367 1422 intutus
385 1374 427 1421 est
447 1365 478 1422 in
499 1367 628 1423 omnibus
654 1369 828 1441 magistrum,
844 1370 946 1425 multas
998 1377 1059 1419 vem
1074 1370 1100 1418 et
1120 1362 1272 1434 inquietam
1286 1363 1448 1437 deploravit.

137 1466 269 1531 operatur
292 1458 418 1515 virtutes.
441 1459 521 1515 Multi
544 1460 618 1516 enim
642 1470 706 1517 sunt
719 1477 838 1535 quorum
860 1461 945 1520 viram
1034 1457 1094 1512 Vll.
1107 1457 1300 1515 Revelationes
1313 1459 1718 1533 quoqnedignememorandas
1732 1461 1798 1519 vidit

137 1552 269 1609 novimus
297 1551 513 1620 sanctissimam;
539 1554 584 1625 qui
606 1562 634 1610 et
655 1554 778 1628 requiem
796 1571 859 1613 vere
872 1556 945 1613 obri.
999 1548 1167 1621 saepissim03
1191 1566 1310 1623 quarum
1332 1552 1436 1624 aliquas
1449 1553 1513 1609 libet
1525 1554 1643 1610 breviter
1666 1556 1796 1626 perstriu-

137 1653 208 1703 nent
225 1645 432 1718 sempiternam,
448 1646 495 1702 sed
519 1648 717 1705 miraculorum
736 1664 794 1706 non
808 1649 938 1706 ostende·
995 1657 1067 1714 gere.
1106 1643 1233 1713 erodam
1262 1645 1335 1701 enim
1369 1654 1504 1718 tempore,
1530 1645 1596 1702 dnm
1625 1646 1653 1701 in
1684 1648 1796 1704 ecelesia

137 1747 207 1796 runt
220 1740 362 1795 virtutem.
377 1740 430 1796 llic
454 1748 547 1797 nutem
570 1750 756 1798 cantantum
779 1744 841 1815 quia
855 1744 941 1799 vitam
996 1737 1024 1792 S.
1038 1737 1114 1792 Pauli
1136 1737 1165 1792 in
1188 1737 1332 1794 territorio
1349 1742 1510 1807 Mantuano,
1526 1738 1609 1810 Juxta
1623 1741 1797 1810 episcopum,

137 1832 205 1890 fecit
217 1832 382 1905 relig'osam,
405 1832 461 1889 imo
473 1834 537 1906 qnia
557 1833 666 1891 fidelem
687 1837 792 1909 peregit
813 1836 942 1892 obedien.
957 1817 981 1879 B
997 1838 1171 1886 consecraret
1185 1830 1325 1903 quoddam
1338 1831 1421 1887 altare
1441 1832 1476 1888 ad
1490 1831 1625 1888 honorem
1648 1834 1677 1887 S.
1690 1834 1796 1901 illaria,
1824 1848 1827 1861 ¹

137 1929 218 1995 tiam,
232 1925 354 1999 perfecto
365 1928 548 2000 quoqueodio
561 1928 943 2001 partemodtensexcommu.
997 1921 1064 1979 vidit
1077 1923 1163 1995 ipsam
1186 1925 1324 1997 corporeis
1343 1924 1430 1982 oculis
1453 1925 1483 1980 in
1504 1924 1603 1981 eodem
1623 1925 1700 1981 altari
1725 1924 1798 1982 inter
1877 1940 1881 1945 ·

137 2021 294 2078 nicatorurn
317 2030 345 2077 et
377 2021 507 2078 unitatem
536 2021 651 2095 diligens
676 2032 771 2095 atque·
790 2022 943 2080 defendens
996 2016 1053 2087 ipse
1067 2017 1203 2073 solemnia
1214 2017 1437 2075 consecrationis.

137 2114 352 2182 Catholieorum,
384 2115 525 2171 miraculis
551 2117 690 2189 approbat
708 2116 783 2190 quod
814 2131 942 2173 sermone
1031 2111 1183 2166 Vlll.rtlio
1197 2127 1306 2184 quoqne
1322 2119 1448 2183 ternpore
1463 2110 1492 2168 in
1510 2111 1703 2168 euriticattoue
1723 2112 1797 2184 ejus·

136 2207 264 2265 docebat.
279 2211 384 2266 Omnes
398 2223 464 2281 ergo
484 2209 531 2281 qui
552 2209 582 2265 ln
597 2211 700 2266 unitate
719 2211 854 2268 catholica
871 2228 940 2284 prae.
996 2202 1060 2259 dem
1072 2203 1199 2276 gloriosse
1211 2204 1332 2277 Virginis
1345 2204 1452 2276 lilarioe,
1466 2203 1534 2260 dnm
1548 2205 1653 2261 tardior
1666 2207 1701 2261 ed
1714 2205 1797 2262 eccle-

137 2303 224 2375 ceptis
238 2301 332 2358 domni
346 2318 422 2375 papae
434 2303 559 2375 Gregorii
575 2304 708 2360 hactenus
722 2303 863 2374 obedistis,
874 2322 941 2378 gau.
995 2296 1064 2353 siam
1085 2298 1200 2366 veniret,
1214 2298 1389 2355 cantantibus
1408 2299 1463 2370 jam
1479 2298 1584 2354 clericis
1602 2298 1797 2368 invitatorium,

136 2395 201 2454 dete
214 2404 243 2452 et
254 2396 497 2468 exsultateeetque
509 2396 564 2465 lxis,
584 2397 630 2468 qni
644 2404 796 2454 retrorsum
816 2399 942 2455 abierunt
995 2390 1042 2446 ubi
1064 2390 1114 2460 tii,
1133 2408 1271 2449 occultent
1284 2396 1336 2449 1)θο
1350 2408 1408 2461 ⁸⁹⁰2
1426 2392 1494 2450 lidii
1514 2392 1626 2449 imiimi}
1648 2391 1700 2449 tibi
1718 2392 1798 2449 Chri·

138 2498 166 2546 er
189 2489 301 2560 vestigia
324 2489 447 2545 veritatis
464 2489 681 2562 dereliquerunt,
704 2498 736 2546 ut
759 2490 837 2549 tactis
857 2491 941 2549 modo
994 2493 1068 2540 stum
1080 2485 1172 2541 ventre
1186 2485 1215 2540 iu
1227 2501 1384 2542 occursum.

137 2580 355 2651 credantdicite,
372 2582 446 2654 qnod
460 2583 551 2639 verbis
563 2584 631 2640 olim
641 2583 763 2641 noluere.
1031 2579 1084 2632 lx.
1098 2579 1192 2633 Altera
1205 2593 1269 2634 vero
1282 2579 1339 2634 vice
1350 2577 1482 2650 quadam,
1493 2577 1560 2634 dum
1574 2579 1601 2634 in
1615 2594 1799 2653 magnacum

175 2694 199 2747 l.
218 2691 345 2748 Vidimus
358 2698 509 2764 presentes
522 2693 552 2748 in
566 2691 620 2748 vita
644 2692 729 2765 ipsius
743 2692 942 2750 subdiaconum

137 2785 207 2857 ejus,
223 2785 336 2841 nomino
350 2788 518 2852 Teutonem,
533 2786 580 2857 qni
600 2784 723 2842 infirmos
737 2801 846 2858 semper
860 2785 943 2843 babe-

138 2878 186 2935 bat
204 2879 316 2946 oculos3
339 2878 396 2950 qui,
413 2887 441 2934 et
459 2878 480 2934 si
493 2888 595 2951 praeter
613 2879 724 2935 solitum
738 2878 804 2951 quid
822 2879 943 2951 vigilavit

140 2971 292 3039 interdum,
312 2979 359 3027 aut
380 2969 451 3027 bibit
464 2971 534 3028 forte
554 2973 662 3040 vinum,
682 2971 729 3028 diu
752 2971 883 3044 postridie
897 2973 941 3028 vix

137 3065 291 3137 quidquam
301 3064 392 3136 potuit
406 3063 504 3133 ridere,
518 3065 607 3137 legere
618 3080 682 3122 vero
697 3081 811 3139 prorsus
820 3065 944 3137 aliqnan-

137 3159 185 3215 diu
207 3173 265 3215 non
293 3159 389 3230 poturit.
410 3162 519 3230 Aquam
544 3159 648 3231 itaque,
680 3175 734 3231 qna
760 3175 860 3216 manus
881 3175 943 3216 suas

136 3251 259 3308 domnus
279 3251 424 3324 episcopus
440 3259 501 3322 post
515 3252 678 3309 sacrificium
700 3253 797 3320 abluit,
819 3254 940 3325 accepit,

137 3345 236 3402 ocrrlos
249 3344 312 3401 lavit
327 3352 354 3400 et
377 3360 459 3401 sanos
483 3345 612 3416 abinceps
633 3346 737 3403 habult.
767 3346 886 3418 Vigilare
909 3363 942 3404 ac

138 3439 232 3512 legere
241 3452 298 3493 non
306 3437 398 3493 minus
407 3438 488 3494 nobis
500 3439 561 3494 aliis
573 3439 673 3511 potuit.

172 3551 211 3605 il.
226 3545 353 3604 Similiter
363 3554 391 3602 et
403 3543 545 3619 presbyter
554 3546 613 3619 ejus
623 3545 717 3613 Wido,
725 3543 816 3602 febres
824 3545 940 3617 patiens,

136 3651 244 3716 aquarn
271 3638 417 3696 ablutionis
443 3641 657 3712 manuumque
680 3638 794 3712 accepit,
819 3638 889 3695 bibit
914 3646 942 3695 et

135 3735 239 3793 erasit.

174 3844 226 3899 ΙΙΙ.
245 3841 316 3898 ltem
334 3842 455 3898 ioannes
468 3840 601 3899 diaconus
613 3856 689 3908 suus,
706 3839 775 3896 dnm
789 3840 861 3913 apud
877 3844 940 3896 lle-

135 3936 283 3995 diolaunm
297 3935 493 4002 infirmaretur,
506 3934 645 3990 festinarit
662 3933 712 3989 sibi
726 3934 867 4003 mandare,
887 3933 940 3991 hoc

135 4027 245 4086 addens
270 4027 298 4082 in
332 4027 468 4099 logatione
494 4025 568 4099 quod
586 4042 652 4081 mox
672 4027 765 4082 andita
783 4027 865 4097 ipsius
884 4042 944 4099 pas-

135 4122 229 4190 sione,
244 4119 324 4175 rellet
337 4120 366 4175 in
382 4135 411 4176 sc
432 4119 562 4175 virtutem
584 4118 784 4175 benedictionis
797 4134 855 4175 snae
876 4135 942 4175 sen-

136 4214 212 4285 tire,
225 4212 381 4286 factumque
396 4220 448 4282 est,
461 4221 492 4268 ut
503 4210 630 4280 credidit,
645 4212 738 4267 statim
752 4211 827 4267 enim
841 4221 941 4281 seus1t3

136 4307 277 4380 pauloque
287 4315 349 4378 post
372 4306 488 4379 pleniter
499 4306 595 4374 evasit,
610 4320 690 4378 quem
706 4313 732 4361 et
751 4305 943 4379 presbyterum

135 4408 239 4475 postea
253 4399 325 4457 idem
336 4399 464 4457 dominns
479 4400 622 4472 episcopus
638 4399 781 4456 ordinavit.

175 4510 222 4565 tv.
237 4509 324 4601 qura
346 4506 450 4563 dictam
466 4521 575 4579 quoque
589 4507 640 4563 sibi
654 4506 832 4563 commissam
849 4506 944 4575 liliam,
999 4551 1063 4593 nem
1084 4545 1111 4593 et
1132 4535 1330 4608 manentiam,

133 4602 243 4659 scilicet
265 4600 464 4658 nobilissimam
486 4600 626 4658 dominam
647 4599 819 4669 blathildam,
835 4588 987 4656 diversisD

134 4710 213 4767 saepe
228 4693 264 4751 ab
286 4693 490 4750 infirmitatibus
504 4692 609 4749 sanavit
622 4694 679 4749 sola
693 4692 893 4762 benedictione,
907 4702 944 4762 et,

136 4797 172 4845 nt
184 4789 245 4860 ipsa
258 4786 338 4844 nobis
358 4794 536 4843 consueverat
549 4784 662 4852 referre,
676 4785 806 4841 virtutem
818 4784 944 4859 frequen·

136 4890 184 4938 ter
193 4879 229 4938 ab
245 4878 292 4937 illo
304 4880 390 4937 sensit
403 4880 490 4948 crire,
504 4880 541 4936 ita
554 4888 585 4936 nt
597 4878 632 4935 ad
648 4886 753 4935 tactum
775 4878 849 4937 illins
863 4879 944 4954 fuge-

138 4984 186 5032 ret
202 4974 295 5031 omnis
307 4982 374 5030 tunc
387 4973 549 5030 incumbens
567 4972 692 5030 morbus.

996 2669 1143 2742 punctione
1166 2669 1259 2727 cordis
1289 2679 1317 2727 et
1337 2671 1522 2744 laerymarum
1550 2671 1706 2728 decantaret
1728 2674 1799 2744 psal-

996 2779 1076 2819 mum
1092 2778 1198 2832 nxxxr,
1214 2771 1322 2835 utpote,
1337 2765 1455 2827 illelmo,
1472 2768 1589 2829 banaiae,
1604 2782 1697 2820 aurun
1713 2770 1797 2829 luem,

997 2855 1081 2912 sensit
1098 2855 1250 2912 Dominum
1265 2856 1299 2912 ad
1314 2872 1344 2912 se
1362 2857 1533 2927 inclinatum,
1555 2867 1583 2913 et
1601 2866 1732 2930 tanquam
1751 2875 1799 2914 ou-

997 2965 1056 3006 rem
1068 2948 1196 3005 adbibere
1208 2949 1242 3005 ad
1257 2948 1478 3006 auscultandum.
1494 2950 1580 3006 blnlta
1595 2952 1694 3023 quippe
1707 2959 1734 3006 et
1745 2951 1797 3007 alia

997 3041 1062 3099 feeit
1082 3051 1163 3116 atque
1177 3042 1262 3113 vidit,
1277 3043 1377 3116 quibus
1392 3042 1554 3101 festinantes
1571 3043 1655 3100 modo
1674 3059 1799 3116 superse·

996 3136 1106 3193 demus.

1035 3233 1193 3298 Postremo,
1209 3247 1293 3302 quam
1305 3229 1410 3286 inlicem
1424 3231 1519 3289 feccrit
1532 3232 1628 3300 linem,
1650 3232 1730 3288 mulli
1745 3233 1799 3304 epi·

995 3324 1082 3394 scopi,
1103 3331 1131 3379 et
1154 3324 1247 3379 clerici
1270 3324 1470 3396 nobilioresque
1491 3326 1553 3382 laici
1568 3336 1713 3397 prementes
1726 3325 1798 3382 ride-

995 3425 1068 3473 runt.
1090 3419 1300 3473 Testamentum
1323 3433 1380 3472 uon
1395 3417 1468 3486 feeit,
1492 3419 1564 3490 quia,
1587 3418 1660 3474 unde
1686 3417 1797 3487 faceret,

994 3524 1050 3565 non
1072 3510 1180 3577 babuit,
1191 3511 1316 3566 imitatus
1331 3511 1413 3567 etiam
1424 3513 1452 3567 in
1464 3511 1516 3568 hoc
1525 3514 1699 3584 magistrum,
1714 3528 1797 3585 quem

996 3618 1146 3674 pauperem
1168 3611 1195 3659 et
1215 3604 1243 3660 in
1271 3605 1366 3660 exsilio
1394 3605 1523 3661 novimus
1547 3604 1717 3663 defunctum.
1745 3605 1798 3675 Qui

996 3696 1078 3752 etiam
1108 3696 1137 3752 in
1159 3698 1291 3754 extremis
1311 3698 1379 3765 suis,
1398 3699 1471 3754 sieut
1491 3698 1526 3755 ab
1545 3699 1630 3770 ipsius
1654 3699 1800 3771 capellanis

993 3789 1152 3859 didicimus,
1172 3791 1310 3863 religionis
1330 3791 1485 3868 [religiosis]
1509 3795 1684 3864 Postumum,
1699 3794 1798 3864 inquit,

993 3884 1082 3939 dilexi
1097 3886 1238 3955 justitiam
1253 3890 1278 3940 et
1302 3886 1363 3940 odio
1384 3887 1469 3941 bubni
1491 3889 1675 3956 iniquitatem,
1699 3886 1800 3949 ideirco

996 3981 1095 4033 morior
1109 3981 1139 4033 in
1153 3980 1258 4034 cnsilio.
1274 3978 1422 4049 Equidem,
1436 3979 1510 4051 quod
1524 3980 1554 4035 in
1573 3979 1628 4035 vita
1644 3995 1693 4035 sna
1707 3980 1798 4051 magi·

996 4078 1051 4126 ster
1065 4087 1098 4127 ac
1118 4071 1265 4144 discipulus
1279 4071 1451 4141 docuerunt,
1466 4073 1521 4129 lroc
1543 4074 1613 4128 etin
1627 4088 1705 4129 more
1722 4073 1799 4143 quasi

907 4211 912 4224 .
997 4171 1162 4222 testamento
1193 4164 1438 4221 confirmaverunt.
1465 4165 1523 4234 lile,
1546 4181 1615 4237 quos
1640 4164 1800 4221 obedientes

996 4256 1050 4312 sibi
1061 4257 1152 4312 vivens
1163 4256 1253 4312 adlrnc
1262 4256 1411 4326 benedixit,
1423 4259 1546 4314 moriens
1560 4274 1669 4332 quoqne
1677 4258 1799 4314 Domino

998 4349 1123 4421 precibus
1137 4349 1362 4418 commendarim
1387 4350 1579 4407 Heinrlcianos
1603 4367 1667 4408 vero
1690 4352 1800 4422 penitus
1866 4394 1873 4417 ,

1000 4443 1171 4516 penitusque,
1194 4442 1246 4497 nisi
1268 4450 1329 4514 post
1352 4458 1482 4516 magnam
1504 4442 1619 4499 demum
1639 4444 1798 4498 conversio·

1354 4535 1522 4607 reprobavit.
1545 4537 1599 4591 llic
1622 4535 1800 4607 praesentibus

1000 4630 1080 4687 nobis
1103 4631 1131 4685 in
1153 4630 1235 4686 verbo
1250 4631 1365 4687 Domini
1388 4630 1515 4701 pracepit
1537 4629 1611 4684 utin
1634 4629 1687 4686 lide
1700 4644 1732 4685 ao
1749 4627 1799 4685 do·

999 4724 1085 4779 ctrina
1095 4723 1242 4779 beatissimi
1255 4739 1332 4795 papae
1343 4723 1471 4795 Gregorii
1484 4738 1703 4795 permaneamus.
1715 4721 1798 4792 Quod

999 4825 1026 4873 et
1039 4833 1104 4872 cum
1117 4816 1307 4873 benedictione
1318 4815 1400 4872 nobis
1415 4815 1514 4872 indidit
1525 4825 1552 4873 et
1567 4816 1799 4873 inremissionem

999 4917 1172 4982 peccatorum
1186 4919 1346 4967 nostrorum
1358 4909 1572 4966 commendavit.

1034 5005 1072 5059 X.
1087 5002 1182 5059 Adfuit
1191 5004 1255 5059 huic
1269 5003 1451 5059 benedictioni
1471 5003 1598 5075 qnaedam
1614 5012 1740 5060 matrona
1752 5018 1801 5057 no·

178 5083 214 5137 V·
230 5080 416 5154 C⁰ssil⁸fi⁰¹¹⁰⁸
429 5078 575 5137 h⁰mi¹¹l¹¹¹¹
592 5080 735 5139 eiidffllitr
754 5083 883 5155 ⁰⁰81¹⁰Vil
899 5082 945 5137 in·
999 5098 1075 5154 minc
1089 5101 1181 5165 Berta,
1200 5097 1300 5154 nobilis
1313 5113 1424 5170 genere,
1445 5097 1563 5154 nobilior
1585 5098 1685 5153 mentis
1698 5094 1799 5164 indole,
1900 5122 1904 5133 ·

138 5173 264 5244 “iduma
280 5173 400 5246 ipsisque
409 5172 724 5246 ⁰⁰85¹³¹¹fib⁰⁸²t5i⁰²¹
732 5174 781 5245 ⁸502
793 5174 945 5248 inquietin
999 5191 1137 5262 animique
1166 5191 1320 5263 devotione,
1343 5207 1415 5246 uxor
1434 5189 1579 5247 clarissimi
1607 5189 1716 5246 comitis
1736 5191 1801 5244 Ber·

138 5268 223 5336 ΜΝ,
236 5266 639 5340 ΜΙῙΨΘῙΠῙθθθΰΟΒῘῖὸΒῑῙΒ··
998 5282 1089 5351 nardi,
1112 5299 1173 5356 quae
1198 5283 1335 5341 insolitam
1355 5283 1383 5339 iu
1406 5284 1494 5356 capite
1517 5276 1668 5355 patiebatur
1689 5280 1801 5337 infirmi-

177 5375 228 5432 Vl.
247 5372 336 5429 Testis
350 5372 418 5430 mibi
433 5375 508 5430 Deus
520 5382 562 5430 est
575 5373 649 5446 quod
659 5390 715 5432 non
726 5374 857 5443 mentior,
869 5374 944 5448 quia,
999 5383 1095 5433 tatem.
1105 5378 1177 5433 Nam
1191 5384 1267 5433 tanta
1281 5377 1311 5432 in
1326 5377 1426 5434 vertice
1440 5376 1537 5447 capitis
1548 5374 1716 5445 fatigabatur
1727 5373 1800 5446 frigi·

137 5466 212 5525 dum
235 5466 399 5523 semelcum
420 5466 467 5522 illo
489 5466 522 5524 de
546 5465 615 5522 meis
635 5468 762 5538 peccatis,
789 5468 946 5541 sicutsaepe
1000 5469 1093 5536 ditate,
1110 5478 1140 5525 ut
1157 5471 1230 5541 quasi
1251 5471 1362 5543 glaciem
1385 5467 1584 5542 superpositam
1599 5468 1738 5524 aestimare
1757 5467 1800 5521 in·

138 5560 243 5619 solitus
265 5574 360 5629 eram,
380 5558 553 5631 conferrem,
572 5560 945 5631 quamdanutentationem,
999 5562 1108 5619 terdum
1123 5572 1233 5636 posset;
1257 5580 1342 5637 quam
1363 5562 1500 5620 calefactis
1517 5562 1552 5618 ad
1575 5562 1667 5632 ignem
1687 5561 1800 5632 pellibus

138 5662 277 5729 quanam
288 5652 440 5712 ferventius
463 5669 508 5710 me
532 5652 645 5727 spiritus
658 5668 782 5728 nequam,
796 5656 948 5713 conabatur
1000 5665 1048 5711 aut
1071 5656 1255 5727 pulvinaribus
1268 5672 1339 5727 saepe
1362 5656 1513 5712 conabatur
1535 5653 1689 5727 depellere3
1709 5652 1801 5708 sedet

138 5749 316 5821 impugnare,
326 5746 468 5805 molestus
477 5745 548 5816 dixi3
561 5755 589 5803 et
599 5746 657 5818 ipse
672 5768 679 5803 ι
695 5750 835 5817 «verum,
848 5749 945 5821 inquit,
1000 5747 1113 5806 medicis
1137 5748 1279 5821 exquisitis
1301 5747 1438 5820 plurimis,
1457 5746 1563 5803 nnllam
1586 5736 1735 5803 consecuta
1758 5754 1803 5803 est

137 5840 227 5910 dicis,
239 5839 305 5914 quia
316 5839 348 5898 iu
367 5840 430 5914 ipso
443 5838 530 5897 etiam
542 5839 692 5898 ministerio
703 5841 797 5900 altaris
809 5842 946 5901 interdum
999 5842 1159 5902 sanitatem.
1179 5842 1259 5914 Quod
1280 5841 1304 5896 si
1318 5838 1405 5912 frigus
1423 5853 1484 5895 eam
1506 5846 1555 5892 aut
1572 5845 1673 5895 ventus
1690 5833 1808 5897 ibidem
