3884 6158
186 288 192 299 .
213 247 262 301 iiii
824 240 852 295 S.
872 238 1064 295 anteobitus
1083 238 1126 292 (ΙΙ
1146 239 1246 294 ΡΑΡΑ.
1808 241 1858 294 tta

211 386 244 428 ac
273 372 416 445 pterosque
446 371 515 428 aiios
540 368 692 441 episcopos,
725 363 943 436 archiepiscopos
979 368 1007 419 et
1020 365 1047 430 Α
1061 364 1235 430 mediatum
1256 346 1490 433 necromanticum,
1503 366 1647 435 pptitonico
1669 365 1767 433 spiritu
1782 363 1859 418 iabo-

209 465 332 534 abbetcs‚
346 464 392 538 qui
407 463 517 520 Hermai
533 475 644 516 causam
657 457 817 526 tuebantur,
830 457 933 530 passim
958 471 1005 512 ex·
1060 462 1177 526 rentem,
1193 461 1219 513 et
1230 458 1328 513 murco
1347 475 1366 512 a
1378 474 1442 513 uera
1458 459 1512 527 fide
1530 459 1735 519 camuranae,
1749 456 1860 525 indica-

213 557 433 616 communicavit.
456 555 525 624 Quae
552 552 653 619 omnia,
682 566 748 609 cum
775 551 809 608 ad
831 550 1006 623 imperatorie
1059 565 1119 606 mus
1132 553 1255 606 benonim
1269 551 1454 622 deponendum
1468 557 1494 606 et
1504 553 1704 622 sepetiendum,
1720 555 1746 606 et
1758 552 1815 605 nisi
1822 551 1857 604 ab

209 668 304 710 aurem
319 646 601 723 pervenissent‚reide
608 645 712 713 timuit,
721 645 911 718 pontificisque
918 641 1006 700 auda·
1060 646 1120 714 ipsu
1138 646 1208 708 sede,
1224 645 1387 709 inauditis,
1399 646 1573 710 auscurderit,
1587 647 1788 716 inperpetuum
1798 658 1859 699 con·

209 745 280 802 ciam
291 745 361 815 (770)
373 739 589 809 veritusstatuit
599 738 743 796 hominem
750 737 910 811 praevenire,
921 752 1006 810 quem
1060 738 1250 794 deomedum.
1263 741 1364 795 Actum
1375 753 1423 796 ru
1438 737 1558 795 Kalend.
1572 739 1648 805 iulii,
1664 736 1729 794 ieria
1740 752 1771 805 v,
1784 735 1857 793 indi·

210 836 320 892 ridebat
331 842 403 901 totas
428 833 498 890 vires
511 849 575 891 suas
601 848 635 889 eo
647 831 775 905 dirigere,
798 840 831 890 ut
847 846 877 888 se
891 830 1006 902 imperio
1061 831 1152 887 ctione
1163 847 1197 889 11.

202 928 362 1001 privatum,
386 926 414 983 in
439 926 565 984 ordinem
595 934 705 1000 cogeret
727 930 815 995 (777),
843 924 1006 997 imperiique
1097 925 1168 996 (27⁵)
1182 927 1272 983 Cesar
1297 940 1407 998 quoque
1426 926 1561 983 ilenricus
1574 926 1645 983 hana
1659 924 1696 982 iiii
1712 925 1857 997 epistolam

209 1021 392 1094 majestatem,
413 1028 443 1078 et
462 1021 525 1094 jura
550 1020 667 1077 omnino
695 1027 840 1076 evomeret.
862 1019 917 1075 Pro
930 1026 1006 1075 certo
1061 1018 1192 1091 scripsit:
1209 1022 1343 1076 Henrr'cus
1354 1021 1403 1075 Dei
1415 1023 1508 1089 qratia
1519 1035 1579 1089 rea,
1593 1027 1645 1076 etc.
1662 1019 1856 1084 iiiidebrando,

208 1114 294 1172 etiam
307 1113 412 1172 sciebat
425 1128 523 1186 papam
539 1112 628 1185 ipsum
643 1112 716 1170 hasti
735 1128 786 1169 suo
804 1111 926 1168 Roduiio
939 1127 1005 1167 oon·
1061 1119 1114 1168 otc.
1127 1112 1192 1169 Gum
1202 1112 1372 1170 baetenusee
1384 1119 1409 1168 tc
1422 1130 1453 1169 eo
1467 1130 1528 1184 que
1541 1118 1605 1169 sunt
1616 1115 1705 1170 Patris
1719 1117 1857 1184 respecta·

207 1209 374 1266 stantissime
398 1208 553 1273 adhaererm
583 1223 613 1264 se
636 1221 745 1281 quoque
768 1205 804 1262 ob
822 1203 947 1274 iriroias,
976 1213 1008 1262 ut
1060 1221 1125 1269 reru,
1140 1207 1242 1276 tibique
1252 1209 1282 1262 in
1291 1207 1413 1263 omnbus
1426 1223 1527 1278 maqrra
1541 1223 1600 1263 cum
1617 1207 1737 1277 fidetium
1756 1209 1859 1262 nostro·

209 1301 266 1374 ipse
285 1300 404 1370 dicebat,
426 1315 521 1358 causas
543 1298 814 1357 excommunicatum
830 1298 1005 1371 querebatur.
1060 1316 1121 1354 rum
1135 1300 1321 1369 indignatione
1330 1301 1475 1369 obedirem,
1490 1303 1578 1372 recepi
1591 1301 1640 1356 abs
1653 1306 1678 1355 te
1694 1299 1855 1355 amusiudi

210 1398 306 1467 lpsum
328 1394 421 1467 itaque
446 1394 622 1467 pontideatu,
649 1392 702 1450 aiio
736 1391 872 1460 suiiecto,
903 1392 1007 1463 privare
1062 1408 1132 1460 nen,
1147 1395 1254 1464 quatem
1262 1395 1402 1464 oportebat
1429 1396 1467 1451 ab
1482 1386 1509 1451 a'o
1523 1397 1573 1465 qui
1588 1395 1794 1464 vdoereqnique
1808 1408 1855 1448 no·

210 1489 324 1546 omnino
338 1487 492 1545 constitnit.
1059 1489 1113 1542 stri
1122 1489 1362 1557 perniciosissimos
1381 1489 1463 1544 bamb
1481 1493 1558 1544 esset.
1574 1491 1644 1546 Nam
1663 1503 1723 1542 anm
1735 1489 1856 1559 pmmnm

244 1582 331 1655 igitru
344 1581 444 1639 eodem
458 1595 547 1650 auno,
577 1581 623 1653 qui
651 1577 1005 1649 arcesseremusne
1059 1597 1162 1636 omnem
1175 1581 1380 1637 bereditarium
1393 1583 1566 1652 dignitatem,
1581 1598 1642 1652 qaue
1665 1581 1734 1637 mibi
1757 1580 1792 1635 ab
1805 1581 1856 1634 itia

210 1683 306 1732 eontra
317 1674 483 1748 Gregorium
510 1689 609 1748 papam
624 1674 740 1731 conciiia
758 1674 786 1729 in
800 1673 946 1730 Germania
959 1688 1005 1728 oe-
1061 1675 1207 1744 apostolica
1225 1674 1285 1730 sede
1302 1675 1456 1743 debebatur,
1480 1676 1593 1746 superbo
1608 1690 1678 1730 ausu
1707 1675 1857 1746 rapuisses,

212 1767 334 1826 iebrarir.
348 1768 474 1825 Primum
481 1768 632 1841 Mogontia
644 1769 672 1823 in
685 1771 845 1825 Pentecoste
858 1781 928 1834 xrs,
943 1724 1043 1822 aite-B
1061 1768 1166 1837 turpius
1185 1769 1250 1823 inda
1267 1783 1436 1839 proqrmsus,
1448 1784 1560 1838 requam
1576 1769 1663 1824 italiae
1675 1769 1799 1838 pessimis
1815 1783 1857 1820 ar·

209 1876 273 1919 rum
289 1877 352 1919 vero
368 1861 397 1918 in
411 1861 518 1919 ltaliam
530 1861 640 1918 sentens
660 1860 780 1918 Brixinae
790 1865 862 1926 (777)
879 1859 908 1915 in
922 1859 1005 1916 Nori·
1061 1863 1134 1916 tibus
1145 1863 1264 1918 adunare
1278 1865 1401 1930 tmtasti,
1416 1878 1500 1933 neque
1526 1863 1772 1932 incommutatum
1789 1874 1861 1916 reue·

209 1955 260 2022 ais,
272 1971 337 2013 xxx
349 1955 550 2028 episcoporum.
564 1955 659 2026 ln'quo
678 1958 760 2011 etiam
772 1952 915 2011 adfuerant
928 1953 1006 2026 prin·
1060 1955 1232 2010 rerdissimos
1260 1956 1402 2026 erumpas,
1420 1958 1469 2027 qui
1492 1957 1568 2011 nobis
1588 1956 1673 2010 ueluti
1700 1955 1858 2010 dulcissima

210 2048 283 2120 cipes
301 2048 361 2106 iaici
372 2063 477 2112 omnes,
492 2048 538 2121 qui
559 2047 736 2120 imperatoris
754 2062 868 2105 eausam
888 2046 1006 2104 tueban-

210 2149 266 2209 tur,
280 2156 338 2199 non
361 2141 452 2199 soinm
473 2141 642 2210 Germania,
667 2142 714 2197 sed
735 2141 819 2198 etiam
837 2140 931 2197 ltalia.
948 2139 1004 2197 Ubi

36 2220 39 2227 ’
94 2227 99 2248 “
210 2234 437 2306 eximperatoris
458 2233 621 2291 auctoritate
633 2233 720 2291 iactus
737 2233 915 2291 estomnium
937 2249 1006 2290 con·

210 2342 308 2384 sensus
321 2326 451 2385 adversus
465 2343 563 2401 papam
584 2326 802 2386 Hiidebrandnm
814 2347 823 2396 ς
836 2341 918 2399 quem
932 2342 1007 2397 pseu·

210 2422 671 2491 domonaabumtotiusqueoesaaire
677 2422 838 2492 pestiferum
844 2422 1005 2491 principem

212 2519 238 2571 et
252 2518 387 2586 precipue
398 2520 496 2572 sanata
505 2516 576 2571 sedis
585 2518 735 2572 invasorem
749 2529 804 2570 esse
820 2512 1005 2583 affirmantes,

211 2608 246 2667 ab
257 2609 406 2682 apostatica
420 2606 486 2666 sede
497 2607 702 2681 depellendum,
721 2623 880 2682 quanquam
898 2607 1005 2665 inaudi-

210 2711 311 2761 mmet
333 2701 484 2771 absentem,
500 2701 706 2775 judicaverunt;
726 2711 754 2759 et
776 2718 809 2759 ex
833 2701 1006 2775 imperatoria

210 2797 350 2855 voluntate
365 2795 532 2854 Guibertum
553 2796 790 2872 archiepiscopum
816 2799 1006 2854 Ravennatem

112 2910 116 2915 ·
208 2889 258 2962 ipsi
271 2889 477 2963 subrogandum
489 2891 642 2963 elegerunt.

245 2982 400 3042 Maximum
430 2983 494 3041 hine
513 2982 716 3041 discordiarum
732 2984 839 3042 initium
867 2992 1005 3050 eranum,

209 3093 293 3150 quam
306 3077 425 3134 eiectum
443 3084 500 3133 mm
513 3091 562 3132 rex
573 3076 721 3141 Henrieus,
732 3091 815 3148 quam
825 3092 922 3133 omnes
931 3077 1007 3149 prin·

208 3170 295 3242 cipes,
305 3178 334 3227 et
348 3169 468 3241 episcopi
483 3169 561 3239 proni
572 3168 601 3224 in
612 3167 906 3225 terramadoraserunt
919 3170 1004 3240 (770).

94 3312 97 3317 .
210 3262 279 3334 Ejus
303 3277 387 3334 porro
420 3259 614 3334 decretique
646 3260 675 3317 in
706 3262 823 3319 concilio
859 3262 1004 3319 Bririnen·

208 3354 232 3412 si
257 3353 378 3427 episcopi
393 3353 519 3412 factionis
534 3355 711 3412 lienricianae
730 3356 917 3428 pontificatum
934 3360 1003 3416 Gra·

207 3448 286 3521 gorio
296 3450 346 3506 Vil
354 3447 531 3521 abrogarunt,
541 3448 747 3506 coneiusiohaea
756 3448 808 3507 init
820 3450 912 3522 ;(774)
924 3453 1004 3521 Quia,

210 3541 349 3615 inquiunt,
369 3543 447 3598 iilum
463 3546 566 3598 corutat
583 3558 637 3598 narr
657 3560 675 3597 a
695 3547 748 3600 Deo
760 3545 879 3608 eiectum,
894 3546 967 3601 seda
978 3561 1006 3600 se

209 3638 266 3706 ipsa
276 3637 306 3691 iu
315 3636 426 3704 fraude,
437 3641 462 3691 et
474 3639 590 3705 pecunia
605 3637 851 3706 imprudentissime
865 3637 1004 3708 obiectum,

210 3731 260 3798 qui
274 3729 477 3784 ecclesiasticum
498 3730 629 3785 subuertit
646 3730 781 3794 ordinem,
799 3733 848 3801 qui
861 3732 1008 3788 Christiani

209 3822 319 3891 imperii
328 3822 505 3892 perturbavit
513 3837 635 3892 reguum,
651 3826 700 3894 qui
708 3825 769 3893 regi
777 3826 904 3881 catholieo
914 3842 1006 3896 aepa-

209 3916 282 3983 cidoo
291 3915 409 3985 memorie
418 3920 444 3970 ct
458 3918 670 3972 animiinteutat
679 3919 1006 3988 mortemquiperjurum

209 4006 335 4074 defendit
348 4023 448 4078 regern,
463 4011 512 4079 qui
522 4010 595 4064 inter
604 4011 891 4066 oonmrdesaerninuvit
902 4012 1005 4066 dessar-

209 4101 294 4165 diom,
313 4103 385 4157 inter
391 4104 515 4172 mutuos
529 4103 598 4170 lites,
613 4106 682 4158 inter
695 4104 796 4170 (ratres
809 4105 949 4173 scandata,
965 4107 1007 4160 in·

210 4198 253 4251 ter
264 4194 387 4265 mrqjuqes
401 4194 575 4259 discordiam,
588 4201 614 4251 et
625 4197 763 4267 quidquid
773 4200 861 4268 quiete
872 4199 945 4254 inter
960 4201 1006 4271 pie

209 4289 326 4344 uivnues
346 4293 419 4345 stare
432 4288 586 4358 uidebatur,
599 4293 730 4346 cenassit
738 4310 746 4346 ε
754 4307 812 4355 nos,
824 4296 930 4348 anetam
941 4296 1005 4356 Deo,

209 4384 361 4452 amqreqati
374 4385 404 4436 in
421 4398 516 4445 uarum,
539 4383 636 4453 tegatis
648 4387 675 4439 et
693 4384 793 4440 titteris
806 4387 874 4453 freti
881 4400 938 4442 xlx
951 4388 1008 4456 cpi-

1059 2050 1179 2104 membra
1195 2051 1269 2103 ueriti
1292 2055 1365 2112 mant,
1393 2064 1505 2104 moretm
1520 2051 1626 2105 mittere
1651 2064 1704 2104 non
1727 2049 1855 2114 timuisti,

1059 2134 1153 2212 eosque
1165 2143 1362 2212 superbissimas
1384 2144 1504 2214 injuriis,
1517 2144 1746 2212 acerbissimisque
1769 2146 1858 2196 contu

1059 2236 1146 2291 meliis
1157 2240 1250 2291 eontra
1270 2237 1401 2290 divinari
1422 2237 1542 2291 bumana
1562 2236 1640 2306 iura,
1655 2241 1686 2291 ut
1696 2236 1750 2306 ipsi
1766 2237 1857 2298 amnt,

1060 2331 1217 2399 exagitasti.
1230 2314 1303 2397 ‘Qua
1326 2331 1427 2393 omnia,
1439 2345 1498 2384 eum
1519 2345 1567 2398 eqo
1585 2330 1704 2400 quadam
1723 2330 1869 2399 patientta

1060 2423 1268 2489 dissimularem,
1285 2426 1326 2492 tu,
1341 2424 1455 2477 boumn
1470 2425 1645 2493 patientiam,
1658 2423 1705 2478 sed
1715 2423 1857 2492 ignauiam

1060 2519 1232 2585 cambiatores,
1249 2519 1278 2570 ia
1292 2518 1382 2586 ipsum
1393 2520 1475 2587 caput
1485 2517 1628 2585 inserpere
1641 2531 1724 2571 ausus
1733 2531 1770 2578 es,
1785 2531 1858 2570 umn-

1060 2611 1139 2674 dans,
1154 2626 1215 2681 qua
1234 2613 1314 2677 nosti,
1329 2609 1460 2672 0771077007,
1475 2615 1506 2664 ut
1521 2612 1574 2665 tuis
1588 2611 1677 2665 uerbis
1696 2613 1770 2675 utar,
1785 2608 1858 2680 quod

1060 2709 1110 2760 aut
1128 2709 1157 2759 tu
1174 2705 1326 2770 morereris,
1352 2708 1401 2776 out
1424 2709 1454 2759 tn
1472 2704 1543 2758 mibi
1557 2706 1676 2758 animam
1693 2718 1857 2773 aequumque

1060 2799 1172 2861 tolleres,
1191 2796 1245 2855 ete.¹

1095 2894 1157 2948 Hoc
1170 2890 1283 2949 decreto
1294 2899 1322 2949 et
1335 2891 1450 2965 epistota
1463 2891 1498 2949 ad
1514 2906 1545 2948 se
1562 2891 1681 2965 perietis,
1708 2889 1857 2963 Gregorius

1060 2985 1129 3042 nihii
1143 2985 1253 3056 timens,
1269 2992 1300 3041 ut
1312 2986 1420 3042 animos
1434 2999 1550 3041 suorum
1571 2984 1748 3041 confirmaret
1769 2982 1857 3056 prori-

1060 3077 1118 3147 dit,
1147 3078 1354 3151 saxonibusque
1374 3077 1548 3150 imperatoris
1575 3075 1710 3145 hostibus,
1727 3085 1757 3132 ut
1781 3077 1857 3132 bono

1060 3172 1152 3229 animo
1166 3180 1268 3238 essent,
1292 3171 1436 3244 persuasit.
1455 3170 1525 3240 (776)
1542 3169 1652 3226 Faisum
1667 3168 1741 3224 enim
1759 3182 1856 3238 regem

1059 3281 1092 3322 eo
1102 3282 1174 3323 anuo
1185 3265 1361 3333 moriturum,
1375 3261 1606 3330 constantissime,
1617 3258 1855 3334 quemadmodum

1059 3359 1109 3416 sibi
1124 3359 1258 3416 divinitus
1278 3357 1428 3416 revelatum
1451 3356 1548 3424 iuerat,
1575 3353 1739 3412 affirmabat.
1766 3356 1857 3410 Erue·

1059 3469 1120 3511 rum
1141 3453 1252 3526 quidem
1276 3452 1426 3525 praedixit:
1445 3449 1505 3516 sed,
1528 3449 1625 3506 ieieiiit
1644 3463 1708 3504 eum
1727 3446 1761 3504 de
1788 3446 1856 3504 iaiso

1059 3562 1122 3619 rege
1142 3545 1313 3618 coniectura,
1335 3543 1488 3602 secundum
1517 3558 1598 3600 suum
1626 3540 1793 3598 desiderium
1821 3540 1856 3597 de

1061 3640 1181 3697 ilenrico
1192 3654 1255 3711 rege
1264 3639 1452 3712 interpretata.
1464 3639 1546 3706 Nam,
1558 3651 1621 3692 cum
1632 3644 1696 3708 post
1706 3633 1857 3691 concilium

1058 3732 1216 3789 Bririnense
1228 3731 1355 3804 antipapa
1365 3730 1515 3788 Guibertus
1527 3745 1591 3786 cum
1617 3727 1772 3801 insignibus
1787 3742 1857 3799 pon·

1059 3825 1205 3883 titiaaiibus
1231 3826 1260 3881 in
1286 3823 1394 3881 italiam
1419 3822 1537 3880 venisset
1560 3821 1732 3895 imperatoris
1754 3819 1857 3877 adren-

1059 3927 1120 3977 tum
1133 3926 1305 3992 exapeatans,
1320 3933 1401 3990 aquo
1413 3924 1518 3973 armata
1528 3931 1613 3972 manu
1628 3918 1751 3972 Romam
1767 3911 1856 3970 dedu·

1059 4021 1181 4082 cerotum
1194 4012 1347 4085 imperator
1360 4027 1426 4068 vero
1449 4011 1478 4066 in
1490 4008 1669 4067 Germaniam
1685 4015 1781 4064 contra
1795 4010 1855 4064 lto·

1058 4105 1168 4164 dotium
1183 4104 1321 4179 proiectus
1334 4113 1416 4171 esset,
1443 4103 1536 4177 praeiio
1552 4103 1623 4159 inter
1634 4110 1765 4173 utrosque
1778 4113 1856 4172 reges

1059 4199 1095 4257 ad
1108 4216 1138 4258 tv
1149 4199 1211 4257 idus
1224 4196 1559 4266 Octob.inito,ltoduiius
1570 4211 1620 4253 rex
1646 4195 1719 4268 gravi
1743 4193 1856 4251 ruinere

1060 4293 1180 4360 saucius,
1188 4308 1244 4348 non
1255 4292 1335 4364 longe
1343 4298 1541 4364 postmortuus
1554 4299 1606 4346 est.
1620 4286 1744 4348 Roduiio
1753 4286 1855 4354 occisa

1061 4386 1183 4443 strabus
1203 4385 1362 4443 Germania
1394 4383 1567 4464 compositis,
1595 4384 1730 4440 Henricus
1751 4378 1857 4453 ingenti

96 4546 105 4557 .
209 4491 358 4546 imponam,
380 4476 425 4533 die
442 4481 539 4533 saneto
555 4480 702 4548 praetenta
716 4483 882 4534 parenetes
896 4482 1006 4549 bioqun·
1020 4516 1046 4579 D
1060 4479 1180 4537 exercitu
1205 4485 1376 4551 comparato,
1403 4478 1431 4533 in
1450 4477 1559 4534 ltaliam
1572 4477 1645 4533 venit
1658 4485 1688 4533 ut
1700 4475 1857 4548 antipapam

210 4571 255 4624 tice
272 4575 499 4640 conpreqatorum,
530 4575 623 4626 contra
643 4571 765 4626 summm
791 4573 1007 4629 Hildebrandum
1061 4573 1225 4632 Gnibertum
1248 4571 1405 4644 apostoticae
1433 4571 1502 4641 sedi,
1523 4571 1619 4643 iugato
1635 4567 1781 4642 Gregorio,
1806 4581 1856 4657 per

207 4665 436 4732 momcuumum,
452 4666 593 4734 sacrilegia
607 4669 634 4720 et
658 4665 784 4721 incendia
800 4667 1006 4736 praedicantem,

206 4755 334 4826 periuria
353 4759 380 4811 et
399 4757 546 4815 homicidia
574 4758 770 4826 defensitantem,
798 4760 956 4815 ratboiicam
982 4765 1008 4815 et

209 4849 381 4924 apostoticam
399 4849 480 4918 {idem
500 4850 533 4906 de
547 4866 654 4922 corpore
665 4855 691 4907 et
708 4855 841 4923 sanquine
857 4856 966 4910 mmini
979 4856 1008 4908 in

208 4943 381 5011 questionem
396 4947 547 5012 ponentem
567 4943 685 5000 baeretici
694 4947 853 5015 duamani
864 4950 1007 5017 autunum

210 5034 385 5105 disputem,
411 5036 607 5092 divinationum
629 5053 660 5092 oc
684 5042 849 5094 smnnimum
864 5041 1006 5107 cultorem

246 5173 319 5236 (770)
337 5172 399 5226 imo
411 5168 675 5242 magnanimitatem.

245 5239 392 5311 (brittios
411 5256 466 5297 non
494 5239 547 5298 tuit
570 5242 739 5314 propositum
768 5244 903 5315 Gregorio
931 5243 1006 5301 :sed

207 5310 331 5368 emlesiae
352 5311 400 5383 jus
420 5327 503 5369 suum
518 5327 696 5384 recuperare,
717 5313 870 5371 simoniam
894 5315 1003 5383 rodere,

207 5387 237 5462 et
257 5396 366 5439 mansas
391 5382 644 5440 nummulariorum
667 5392 789 5442 evertere
814 5383 929 5443 studuit.
949 5388 1007 5443 Neo

206 5452 355 5534 imperium
369 5454 534 5512 eromtursi
548 5454 676 5512 Ecclesiae
685 5455 815 5528 jussuum
831 5456 1006 5530 relinquatur

207 5531 357 5596 integrum.

242 5597 315 5669 (777)
327 5595 475 5654 Tirotensis
489 5595 614 5654 ditionis.
641 5631 644 5636 -

243 5671 316 5736 (777)
324 5669 431 5727 Notene
441 5668 501 5726 hmo
510 5669 627 5727 menni.
641 5669 778 5728 Hanricus
791 5686 856 5729 aum
872 5671 932 5728 suis
945 5689 1021 5730 non-

119 5746 122 5751 ’
205 5739 317 5823 negarit
335 5738 525 5823 auctoritatem
550 5739 853 5826 sedisapostolicaesed
865 5759 1003 5826 quages-

205 5819 251 5880 srt,
264 5811 328 5870 odio
348 5812 487 5886 Gregorii,
501 5826 558 5869 non
571 5812 703 5872 00010007
719 5811 811 5872 tbrom
822 5822 916 5887 gessit.

1063 4667 1116 4723 vim
1130 4667 1297 4739 imponeret.

1096 4763 1268 4833 Quapropter
1278 4776 1352 4817 anno
1365 4759 1477 4816 Domini
1489 4762 1552 4815 1071
1568 4757 1652 4829 (777),
1661 4757 1736 4815 turn
1746 4753 1855 4828 paseha·

1061 4852 1134 4910 tibus
1145 4853 1300 4921 celebratis,
1310 4853 1461 4924 imperator
1474 4850 1612 4908 Henricus
1626 4851 1654 4908 in
1668 4851 1777 4908 ltaiiam
1790 4861 1856 4904 cum

1060 4946 1182 5004 exercitu
1208 4945 1328 5013 veniere,
1347 4952 1489 5016 assumpto
1512 4959 1607 5000 smum
1635 4944 1762 5017 antipapa
1785 4939 1854 4999 Gui-

1060 5040 1149 5108 bsrto,
1175 5037 1211 5096 ad
1235 5039 1333 5096 urbem
1360 5038 1390 5094 in
1404 5037 1493 5110 vigiiia
1516 5040 1692 5096 pentecostes
1714 5035 1854 5107 persenit,

1096 5170 1169 5244 (774)
1198 5173 1266 5228 Haeo
1288 5168 1424 5227 sententia
1444 5184 1476 5226 ex
1506 5166 1687 5241 Urspcrgemi
1710 5164 1856 5237 desumpta

1059 5251 1118 5300 est:
1134 5243 1168 5301 de
1178 5258 1231 5315 qua
1245 5241 1272 5298 ie
1291 5257 1306 5298 s
1320 5244 1383 5298 Bar.
1400 5245 1478 5308 7080,
1490 5256 1568 5298 num.
1582 5247 1614 5297 18
1627 5247 1655 5295 07
1668 5253 1744 5311 seqq.

1096 5316 1170 5386 (770)
1184 5311 1254 5370 Vide
1269 5258 1333 5370 fier.
1341 5318 1429 5396 1080.
1443 5327 1522 5395 num.
1536 5317 1580 5369 70.
1795 5377 1802 5390 .

1094 5390 1166 5452 (770)
1181 5389 1248 5442 Huc
1261 5400 1276 5441 a
1290 5382 1470 5441 soinsmaticrs
1483 5380 1602 5441 condeta
1615 5387 1697 5447 sunt,
1711 5393 1857 5437 occasione

1058 5456 1201 5528 cuiusdam
1211 5454 1336 5529 epistolae
1356 5471 1370 5511 a
1394 5454 1528 5528 Gregorio
1549 5453 1602 5509 sari
1623 5459 1670 5520 tae,
1684 5451 1719 5510 de
1732 5466 1787 5524 qua
1800 5451 1854 5507 Ba-

1056 5543 1120 5584 ron.
1151 5534 1230 5598 1000,
1254 5541 1332 5584 num.
1358 5531 1395 5582 40
1417 5534 1447 5583 st
1459 5540 1516 5598 seq.
1537 5469 1690 5607 interires,
1711 5531 1744 5581 ut
1764 5519 1855 5595 piera-

1057 5615 1111 5672 que
1127 5600 1182 5656 atie
1197 5599 1279 5672 hujus
1290 5596 1388 5656 farine
1407 5595 1567 5671 Sigebertus
1583 5610 1613 5651 m
1636 5611 1717 5653 suam
1733 5592 1856 5652 Cinnano

1057 5671 1066 5727 Ι
1105 5673 1169 5728 am.
1190 5670 1273 5729 Unde
1294 5668 1441 5743 descripsit
1450 5665 1621 5739 onuphrius.

1097 5743 1164 5816 777)
1180 5745 1282 5800 Baron.
1296 5746 1467 5806 1007117117.
1485 5744 1517 5796 77
1535 5746 1630 5812 etseq.
