3870 6164
462 302 604 363 ΑΡΡΕΝΙ).
624 303 669 363 ΙΙΙ.
689 334 724 351 -
741 301 952 367 ΜΟΝῑῙΙίΕΝΤΑ
967 304 1198 365 tantoniam.
1602 312 1655 369 uta

116 424 229 484 mlelici
247 442 316 486 autu
328 426 439 486 soliciti
453 430 575 503 cadtoris,
591 432 723 490 innovata
736 441 805 490 sunt
817 436 844 500 Α
858 434 916 492 otia
938 432 1094 491 multorum
1117 431 1249 505 prolicere
1279 429 1360 489 saluti
1388 441 1418 490 ct
1442 434 1652 492 contemtioni.

133 520 336 593 cicnobiorum,
358 530 388 580 et
409 538 489 596 seges
511 523 654 583 fecundior
673 514 803 596 surrexit,
859 527 949 585 Struit
961 540 1026 603 crgo
1039 526 1195 585 incidisset
1206 525 1321 600 opponit
1332 524 1540 600 impedimenta,
1554 526 1655 601 paribus

116 630 139 672 n
158 613 363 675 inlmcmotum
381 615 482 676 suimet
494 634 587 678 serere
601 635 687 693 super
699 621 803 693 spinas.
858 620 996 679 irretitum
1014 621 1051 678 ab
1067 620 1128 678 istis
1142 627 1266 694 oporteat
1279 616 1411 679 desittere
1428 634 1493 695 pute
1512 628 1654 680 mutorum

118 725 148 767 na
160 709 262 768 domus
281 712 372 770 sancti
390 712 512 770 Floriani
532 714 664 787 martyris
684 712 805 771 lmctili-
858 714 994 786 profectui
1020 714 1096 773 dolet
1120 714 1260 788 prodesse.
1287 714 1431 772 consuetu
1453 714 1547 787 itaque
1568 715 1656 772 utitru

116 804 260 862 ueritatem
282 805 385 874 odoris,
409 814 437 865 ct
451 806 535 866 liores
547 808 606 882 ejus
629 807 737 867 iruetm
750 808 804 866 bo-
858 810 1058 873 instrumentis,
1084 816 1174 882 etper
1196 808 1321 866 membra
1335 823 1386 866 tua
1399 806 1575 867 efficiendum
1596 824 1654 867 non

116 905 132 954 it
157 897 311 957 honestatis
334 902 425 967 (ticeli.
453 904 552 971 xxti).
578 902 621 961 sic
647 901 805 961 caenobium
858 903 964 961 dubitat
977 902 1055 977 quod
1063 918 1113 977 per
1130 917 1160 960 se
1174 901 1281 961 edicere
1294 902 1387 960 miuus
1399 910 1498 976 sperat.
1513 902 1576 974 Quo
1591 918 1655 961 sero

130 992 271 1065 Hippolyti
302 992 460 1053 scholarum
487 994 587 1054 studiis
618 1012 705 1070 usque
729 1013 804 1055 nunc
857 996 963 1067 ordine,
977 995 1170 1071 mplicandum
1183 1004 1316 1071 superest.

119 1104 127 1153 t
153 1086 194 1143 sie
214 1088 415 1146 monasterium
435 1089 527 1147 Sancti
546 1090 656 1164 agapiti
675 1092 805 1166 martyris
893 1092 957 1149 Fuit
970 1107 1003 1149 eo
1017 1099 1142 1165 ternpore
1155 1106 1204 1164 per
1216 1091 1375 1149 universum
1389 1090 1447 1148 lere
1457 1104 1575 1165 regnum
1585 1091 1656 1151 Teu·

116 1179 317 1251 inrumunsten
338 1182 404 1255 quia
423 1182 561 1241 Dominus
581 1182 659 1241 dedit
681 1184 805 1257 benigni·
857 1185 983 1243 tunicum
996 1200 1079 1260 graus
1099 1184 1262 1244 scandalum
1277 1194 1305 1242 ct
1322 1184 1482 1242 communis
1498 1184 1606 1258 quercla
1619 1187 1655 1246 de

116 1271 339 1347 lederuntetipsa
349 1274 472 1334 iructum
483 1279 655 1347 suumiisoi.
663 1280 801 1352 cxxxiv).
856 1278 1057 1337 incontinentia
1067 1279 1251 1337 sacudotum.
1269 1280 1365 1352 Neque
1376 1277 1450 1335 enim
1463 1278 1570 1335 occulta
1584 1278 1655 1337 late·

116 1366 288 1425 cadmodum
310 1384 374 1426 reru
389 1369 425 1427 de
442 1370 585 1428 Abrabam
605 1372 739 1445 scriptum
762 1381 804 1430 cst
857 1372 918 1441 bat,
931 1373 978 1431 sed
992 1375 1071 1442 trous
1084 1375 1233 1429 meretricis
1246 1374 1324 1441 suctu
1336 1377 1396 1429 erat
1410 1374 1460 1442 cit,
1472 1373 1656 1431 cteubmctrc

116 1466 156 1517 rut
167 1462 280 1527 comus,
295 1465 409 1520 etuitrc
421 1467 598 1535 progrediens
610 1468 648 1523 ud
662 1468 804 1524 meridiem
857 1466 987 1524 nolebant
1012 1471 1076 1534 (ier.
1101 1466 1159 1539 rit).
1186 1467 1286 1524 Delata
1300 1474 1343 1523 est
1362 1480 1409 1523 res
1425 1465 1463 1523 ad
1487 1481 1569 1525 eures
1592 1468 1654 1525 llo-

116 1556 154 1627 st)
171 1571 179 1609 t
196 1556 236 1613 sic
253 1564 282 1613 ct
296 1557 324 1613 in
335 1566 432 1616 sanem
445 1558 499 1616 hoc
512 1560 569 1617 siro
587 1561 680 1619 ridere
694 1560 756 1632 luit,
771 1577 804 1618 eo
858 1561 933 1619 mani
951 1560 1103 1635 pontillum
1120 1560 1275 1633 virumque,
1290 1568 1322 1616 ut
1333 1556 1518 1617 decretalibus
1530 1560 1656 1632 epistolis

116 1649 186 1723 :ipse
197 1650 268 1708 lilius
277 1660 349 1709 esset
358 1651 488 1711 Abrabre.
499 1656 562 1711 Non
576 1653 689 1713 suffecit
701 1671 804 1713 novum
859 1660 965 1711 mutarn
971 1655 1167 1713 enormitatem
1174 1662 1302 1728 argueret
1308 1650 1510 1725 etprobiberet.
1519 1655 1656 1711 innuunt

116 1758 166 1801 unt
185 1744 344 1811 instituisse,
375 1747 499 1804 instituta
524 1749 685 1819 correxisse,
714 1748 805 1807 adbuc
859 1757 887 1805 et
897 1749 1124 1823 congratulantur
1138 1747 1256 1819 episcopi
1266 1755 1305 1816 et,
1319 1762 1370 1819 pro
1383 1761 1476 1819 pctte,
1491 1745 1656 1805 tolutaribus

116 1837 181 1894 litur
202 1838 237 1895 ad
260 1854 331 1912 opus
353 1841 501 1909 excelsum,
527 1842 555 1898 in
579 1852 676 1900 monte
697 1844 805 1901 excelso
818 1815 843 1878 Β
859 1841 999 1900 mundatis
1011 1850 1206 1915 cooperantur.
1222 1839 1412 1912 Quamobrem
1427 1841 1460 1897 B.
1478 1839 1655 1910 altmannus,

116 1946 175 2000 ers,
196 1933 322 1990 videlicet
343 1933 485 1991 basilicam
505 1936 682 2009 magnificam
700 1944 804 1995 sanctae
859 1936 974 1994 collecto
987 1934 1108 1993 matrum
1125 1933 1447 1993 concilioinPatarieusi
1459 1930 1535 2000 tede,
1551 1933 1656 1992 litteras

116 2026 210 2082 uitrici
229 2042 262 2083 ac
276 2042 387 2100 semper
408 2028 514 2102 Virgini
528 2031 635 2088 illariae.
648 2034 720 2088 Nam
738 2046 804 2088 cum
859 2047 941 2105 super
952 2032 1005 2090 hac
1018 2029 1131 2089 readse
1145 2030 1263 2088 directas
1274 2028 1384 2087 recitari
1393 2026 1491 2102 jubet,
1505 2028 1656 2087 obsecrant

116 2119 187 2178 ldie
200 2120 230 2176 in
242 2120 303 2177 vilia
317 2136 379 2194 quse
394 2124 523 2179 Moutarn
538 2123 647 2193 dicitur,
663 2125 804 2194 resideret,
860 2134 888 2182 et
904 2124 1054 2184 exhortans
1066 2140 1102 2181 ne
1118 2124 1211 2199 gravis
1221 2122 1360 2197 iudicetur
1374 2121 1502 2195 pudicitia
1515 2136 1577 2196 qum
1590 2138 1654 2195 spe·

116 2214 247 2272 teminns
258 2223 384 2273 montem
401 2215 496 2273 ricinia
509 2219 650 2276 montibus
664 2233 721 2276 non
738 2235 806 2276 con·
860 2220 922 2277 ciali
945 2218 1018 2293 apud
1038 2222 1130 2276 Deum
1154 2226 1347 2275 remuneratur
1371 2230 1483 2274 corona.
1498 2217 1577 2287 Qua,
1590 2232 1657 2275 cum

118 2348 127 2373 ,
141 2322 223 2381 quem
236 2310 337 2382 vulgus
348 2311 480 2367 Kotwich
490 2312 656 2384 appellabat.
673 2314 756 2371 Visus
765 2322 807 2371 est
860 2315 950 2372 omnis
963 2311 1051 2372 lidelis
1068 2313 1169 2372 anime
1180 2313 1294 2387 insignis
1306 2312 1344 2370 slt
1356 2320 1482 2382 ornatus,
1502 2326 1550 2371 eot
1563 2320 1657 2371 temen

119 2402 144 2458 le
157 2416 285 2459 amoenus
298 2412 326 2459 et
343 2403 379 2461 ad
393 2404 574 2463 habitandum
589 2407 655 2464 satis
675 2406 804 2464 idoneus.
861 2410 1029 2482 permaxime
1039 2407 1123 2466 debet
1135 2408 1270 2466 adornare
1283 2407 1329 2480 qul
1342 2412 1469 2465 sanctam
1482 2414 1512 2464 at
1523 2407 1657 2465 minam·

116 2494 272 2567 unalitatem
290 2512 354 2554 cum
368 2498 403 2555 ab
422 2497 522 2555 incolis
534 2498 684 2570 didicisset,
700 2502 805 2558 mulam
860 2503 945 2560 latam
957 2502 1078 2559 auriam
1092 2502 1219 2576 corporis
1227 2509 1256 2559 et
1269 2500 1412 2575 sanguinis
1421 2500 1522 2559 causti
1537 2518 1588 2575 pro
1597 2501 1656 2559 nni·

116 2596 208 2660 epente
219 2589 302 2646 sterni
312 2590 400 2663 jubet,
413 2600 442 2648 et
456 2593 544 2650 multa
555 2592 637 2651 turba
647 2594 806 2664 comitatus,
861 2597 948 2654 versit
959 2596 1040 2654 nobis
1058 2594 1161 2653 divinae
1173 2594 1276 2653 offerre
1294 2594 1397 2653 debent
1418 2594 1567 2668 maiestati.
1586 2594 1657 2669 Quid

116 2680 238 2755 quodam
251 2691 277 2741 et
291 2693 430 2759 praerupto
447 2685 515 2743 calle
528 2695 654 2744 montem
674 2687 805 2758 escendit,
861 2691 959 2765 plura?
970 2689 1097 2746 Pluribus
1108 2688 1199 2747 serbis
1208 2688 1297 2746 bonus
1307 2689 1425 2745 Pateret
1434 2687 1659 2760 prudtasdoctot

116 2782 221 2834 struens
241 2793 365 2847 ascensu,
382 2779 456 2852 quod
470 2789 580 2838 tantum
595 2796 643 2854 per
664 2780 765 2840 arduas
779 2790 808 2838 et
861 2792 944 2841 tantae
962 2782 1073 2840 virtutis
1086 2790 1115 2840 et
1131 2790 1190 2839 tarn
1207 2780 1410 2854 amplectende
1424 2778 1550 2854 puritatis
1562 2780 1659 2839 madet

116 2882 140 2927 ts
152 2872 266 2929 semitas
284 2871 481 2931 mandatorum
496 2875 545 2931 Dei
557 2873 591 2932 de
603 2875 684 2934 terris
702 2877 759 2934 itur
772 2875 808 2935 ad
861 2892 1005 2946 amorem,
1019 2876 1067 2934 sed
1088 2890 1147 2933 nen
1169 2874 1324 2948 perrttadet.
1347 2875 1474 2931 Tuenmr
1485 2888 1516 2932 se
1534 2874 1574 2933 illi
1587 2872 1658 2933 auti·

118 2965 248 3023 Lustrato
270 2966 363 3040 itaque
378 2974 473 3025 monte
498 2977 570 3038 toto,
591 2969 657 3027 dum
684 2978 808 3028 cerneret
861 2972 966 3045 quitata
977 2978 1135 3043 temporum
1153 2976 1183 3027 et
1199 2969 1363 3027 auctoritate
1376 2976 1583 3026 antecessorum
1591 2984 1659 3026 suc·

116 3074 162 3116 nan
176 3068 204 3115 ct
216 3059 252 3117 ad
263 3062 482 3120 construendum
503 3063 705 3121 monasterinm
723 3064 807 3138 aptis·
862 3080 937 3133 rum,
949 3080 1070 3138 quorum
1082 3063 1224 3121 neminem
1241 3062 1270 3119 in
1280 3060 1438 3136 huiusmodi
1448 3076 1574 3119 severum
1589 3063 1660 3120 tule-

116 3192 125 3221 ,
144 3152 305 3210 hostetin
323 3155 455 3225 tentorio,
470 3156 568 3214 silvam
589 3173 651 3231 quae
670 3157 845 3247 condensae
861 3167 926 3217 runt
952 3166 982 3216 et
1004 3158 1177 3216 violentum·
1192 3156 1352 3231 Respondet
1378 3168 1477 3215 ssrrus
1504 3154 1605 3214 lltrisd
1629 3152 1659 3214 s'e

116 3245 250 3305 curaverat
269 3249 384 3317 mucidi,
399 3260 427 3307 et
441 3252 594 3309 oratorium
613 3254 744 3326 praecepit
764 3252 807 3308 in·
862 3269 972 3326 quoque
981 3251 1017 3310 ab
1032 3252 1075 3309 bis
1089 3251 1157 3308 velle
1170 3252 1320 3325 quiescere,
1341 3249 1538 3308 timendorum
1551 3250 1659 3309 domini

134 3340 259 3415 Cumque
276 3341 367 3400 adhue
384 3344 663 3419 ambiguuspendere
684 3347 728 3404 cui
746 3362 809 3405 san·
864 3345 1104 3420 papctndulgum
1120 3360 1193 3402 nunc
1210 3350 1303 3403 autem
1317 3344 1419 3403 timere
1439 3358 1471 3401 te
1483 3343 1547 3413 tibi,
1561 3344 1660 3402 timere

116 3453 123 3491 t
141 3435 315 3507 potissimum
328 3438 521 3509 attitularetur,
539 3456 589 3513 pro
608 3440 723 3499 dirersis
736 3440 809 3499 rotis
861 3440 916 3498 illis
929 3452 981 3513 pru
990 3454 1025 3498 co
1036 3438 1111 3513 quod
1120 3437 1255 3512 scriptrun
1261 3438 1299 3495 sit
1310 3454 1365 3494 riou
1374 3436 1460 3495 solum
1472 3452 1525 3505 cos,
1541 3441 1591 3510 put
1610 3441 1658 3508 su·

116 3535 167 3586 tctu
185 3529 299 3588 dirersis
320 3531 427 3589 diversa
444 3534 662 3602 consulentibus,
694 3534 808 3609 contigit
862 3536 948 3603 murt,
966 3534 1295 3604 etdslpuicortserttium
1308 3533 1482 3600 summitur,
1495 3532 1658 3603 dimicem

116 3623 189 3681 snite
209 3625 339 3682 nuntium
359 3627 506 3686 aducibus
521 3630 697 3685 boemiorum
718 3638 809 3687 trans·
863 3633 947 3685 morie
971 3626 1059 3700 (ilcm.
1084 3628 1117 3699 t).
1136 3624 1209 3683 illbll
1228 3642 1295 3699 ergo
1313 3625 1469 3698 proficiens,
1489 3626 1572 3684 solu't
1590 3641 1657 3684 con·

116 3732 138 3774 t.
161 3718 279 3777 Petebat
291 3720 342 3777 iste
355 3720 479 3778 tabulam
493 3720 642 3794 quamdam
668 3722 808 3796 episcopo,
862 3736 982 3779 emtum.

116 3826 138 3868 c
152 3826 268 3869 munere
281 3812 363 3886 digne
374 3813 524 3873 ollerretur
537 3823 615 3873 tauto
624 3816 698 3885 viro,
713 3817 743 3873 in
754 3834 807 3890 qua
899 3814 1113 3889 sapientioribus
1132 3820 1227 3871 autem
1239 3812 1451 3871 communicans
1470 3811 1618 3871 consilium
1630 3823 1660 3873 st

116 3912 174 3962 rtur
180 3906 364 3980 imagobeatae
371 3909 493 3982 Virginis
502 3910 608 3979 Marias,
618 3913 717 3969 Graeco
726 3926 808 3984 opere
863 3916 1001 3967 secretnm
1015 3907 1226 3977 commendans,
1238 3905 1400 3965 adveniente
1412 3903 1486 3964 testo
1498 3907 1584 3965 teneti
1603 3909 1662 3965 Ste-

116 3998 177 4057 liter
186 4016 323 4074 expressa,
336 4003 436 4060 merito
446 4004 473 4059 in
484 4004 580 4061 eadem
595 4004 809 4063 ecclesinadlruc
863 4004 947 4076 plrani
960 4002 1171 4077 protomartyris
1193 4000 1342 4076 quentilla
1368 3998 1490 4058 ltmletie
1512 4009 1662 4075 patronum

116 4101 174 4151 reta
187 4103 214 4152 et
223 4104 356 4169 perpetuo
366 4098 564 4157 conservanda.
575 4099 656 4156 lianc
666 4102 724 4157 Deo
734 4114 810 4157 ama·
864 4106 1020 4167 veneratur,
1032 4114 1097 4156 eum
1110 4096 1222 4171 plurimi
1235 4095 1273 4153 de
1285 4094 1461 4168 magnatibus
1474 4093 1512 4151 ad
1522 4094 1600 4153 diem
1613 4110 1661 4155 to·

116 4187 215 4245 rutilet
234 4189 277 4261 pia
291 4192 468 4249 veneratione
482 4191 657 4264 deosculans,
671 4193 748 4264 quasi
769 4192 810 4250 di·
864 4193 985 4249 lemnem
1005 4191 1215 4259 convenissent,
1239 4190 1301 4262 quia
1322 4190 1417 4261 iustus
1440 4194 1474 4245 ut
1492 4186 1533 4245 lec
1551 4189 1662 4260 etutdu

116 4283 274 4341 mmcnitus
282 4285 395 4343 oraculo
404 4330 412 4355 ,
421 4286 515 4344 locum
525 4287 652 4358 protinus
664 4286 810 4360 assignarit
866 4287 951 4357 (Pron.
964 4290 1076 4351 tarni)
1085 4325 1092 4350 ,
1102 4298 1197 4341 coram
1207 4282 1284 4340 omni
1293 4281 1561 4356 irequendacleriet
1569 4282 1662 4357 poprdl

125 4376 331 4450 modotusimm
344 4379 395 4436 Dei
413 4380 538 4452 genitrici
561 4382 667 4439 Mariae.
683 4382 811 4455 Cumque
865 4379 1012 4436 ambonem
1032 4375 1203 4447 conscendit,
1217 4384 1246 4433 st
1268 4374 1344 4449 quod
1363 4375 1521 4448 apostolicus
1539 4376 1663 4435 indicant

116 4470 224 4528 esiiicae
246 4486 377 4546 prospere
397 4484 616 4533 consummasset
635 4484 717 4550 atque
739 4477 811 4533 cels·
867 4474 966 4531 litterar
976 4470 1179 4544 imperterritus
1194 4476 1313 4528 enarrat.
1334 4468 1439 4526 Deinde
1451 4466 1661 4527 additintcrml-

116 4564 275 4634 dedicasset,
288 4567 407 4641 providit
417 4570 493 4644 larga
505 4570 694 4630 benevolentia
706 4588 812 4647 posses·
825 4562 851 4627 it
863 4567 1003 4625 nationem
1011 4563 1194 4634 auctoritatis,
1209 4571 1250 4633 ut,
1261 4560 1309 4637 pul
1321 4559 1555 4621 obsecratoribus
1568 4562 1662 4621 salue

118 4658 185 4719 inibi
203 4660 376 4721 habitaturis.
390 4664 515 4722 Providit
524 4680 634 4738 quoque
650 4674 811 4724 ornamenta
866 4669 931 4720 nant
944 4661 1028 4732 ilecti,
1044 4660 1207 4733 frangantur
1221 4656 1402 4715 districtione.
1417 4655 1495 4715 lliico
1512 4657 1619 4717 clamor
1634 4664 1663 4716 at

138 4769 259 4829 congrua
290 4756 457 4814 ministeriis.
481 4759 587 4828 Quibus
611 4759 662 4816 rite
684 4761 805 4832 peractis
865 4755 943 4814 furor
957 4756 992 4813 eb
1005 4754 1082 4813 ononi
1097 4762 1175 4827 parte
1188 4750 1353 4826 perstrepit.
1368 4753 1403 4809 iit
1415 4750 1486 4809 lorte
1497 4750 1527 4809 in
1539 4744 1663 4826 precem

116 4846 139 4906 ls
152 4848 181 4905 in
199 4866 285 4907 unum
308 4851 374 4907 viris
393 4852 538 4924 religiosis,
554 4861 583 4910 et
602 4855 750 4926 praeposito
771 4855 810 4911 eis
865 4851 967 4908 riarum
978 4848 1113 4907 lemulum
1127 4846 1179 4905 Dei
1190 4844 1346 4905 furibundis
1358 4845 1490 4904 manibus
1502 4844 1662 4920 discerptis*

116 4940 218 5000 udente
227 4944 349 5013 outone,
360 4945 413 5001 sub
421 4946 514 5019 regula
526 4949 556 5001 Β.
567 4947 713 5018 Augustini
725 4948 809 5006 vitam
865 4954 935 5012 sent,
947 4943 970 5000 si
978 4958 1035 5001 non
1043 4941 1133 5000 dirim
1145 4940 1246 5011 virtus,
1258 4948 1287 5000 et
1300 4940 1469 5014 optimatum
1483 4942 1662 5017 ptmssntium

116 5048 179 5094 cere
193 5036 277 5110 jmsit
293 5038 455 5111 spiritaiem.
866 5037 986 5112 probitas
1002 5036 1159 5095 mundone
1178 5034 1340 5093 obstitisset.

116 5136 134 5185 ‚t
150 5144 226 5187 nune
249 5130 372 5188 animum
394 5132 468 5205 quod
487 5142 614 5191 cantatur
627 5133 655 5189 in
672 5134 779 5207 psalmo
804 5153 810 5190 :
902 5131 1048 5207 Regnabat
1066 5130 1222 5190 hisdiebus
1243 5128 1390 5187 fleinrlcm
1405 5131 1443 5188 iv
1455 5128 1662 5204 lliiutlmpsra·

116 5238 143 5279 rr
155 5224 258 5281 radebit
271 5230 297 5282 et
314 5229 456 5292 irascetur,
471 5228 597 5285 dentibus
609 5231 775 5298 mutemur
787 5232 813 5285 el
866 5226 934 5284 toris
947 5223 1138 5297 Heinrici,†qui
1147 5222 1362 5297 cognominatus
1367 5226 1419 5293 :est
1425 5223 1501 5294 eius,
1511 5222 1664 5283 admodum

116 5321 132 5373 rt
152 5318 236 5389 (Ptcl.
251 5326 327 5387 cni).
344 5318 416 5392 Quid
437 5321 541 5379 rideret
560 5331 685 5396 peccator
708 5323 765 5393 hic,
783 5330 814 5380 ut
869 5336 946 5392 puer,
968 5328 996 5378 et
1019 5320 1123 5392 absum
1139 5316 1227 5376 irenis
1250 5316 1404 5390 disciplina
1426 5315 1456 5373 ln
1480 5316 1665 5391 voluptatibus

116 5419 192 5482 etur,
216 5410 350 5471 fremeret
369 5422 398 5471 et
411 5414 581 5473 tabesceret?
595 5416 678 5474 Haud
698 5416 813 5475 dubium
869 5414 1013 5473 enutritus.
1037 5413 1213 5487 completum
1237 5419 1280 5470 est
1294 5410 1324 5467 in
1343 5426 1378 5470 ec
1400 5410 1505 5469 &tum
1522 5411 1666 5484 sapitum,

116 5503 289 5581 dispergentis
299 5522 346 5565 res
359 5522 424 5566 tuas
437 5508 468 5565 in
483 5522 627 5583 pauperet,
639 5510 815 5584 justitiarius
869 5524 926 5582 quo
936 5506 1102 5566 vaticinatur
1114 5506 1209 5564 dicens
1227 5524 1234 5563 ι
1250 5509 1300 5563 Vc
1314 5511 1395 5562 terro
1408 5504 1472 5574 [ubi
1481 5504 1574 5583 tsrrtl,
1587 5506 1666 5578 cidus

123 5598 154 5657 in
164 5602 297 5659 taculum
311 5601 415 5674 saeculi3
430 5608 458 5659 et
477 5600 553 5677 quod
566 5616 653 5662 cornu
668 5604 727 5678 ejus
740 5604 816 5662 exal·
871 5618 922 5659 rec
932 5616 1006 5674 puer
1015 5600 1160 5670 mtlssceli.
1176 5604 1230 5667 rr).
1239 5597 1314 5685 Quid
1326 5597 1384 5672 ejus
1395 5604 1521 5671 tempore
1534 5612 1614 5673 pasta
1631 5600 1668 5655 alt

116 5706 122 5749 r
146 5692 177 5751 ln
200 5694 285 5769 glon'a
299 5696 404 5769 (ibid).
431 5694 476 5754 liic
489 5694 625 5755 nlminam
646 5698 674 5754 iu
693 5697 746 5756 boc
759 5698 813 5756 Dei
871 5694 1003 5769 lmclesia,
1023 5693 1090 5770 quid
1109 5696 1238 5769 regnum',
1252 5693 1349 5767 quanti
1369 5700 1494 5765 pastores
1513 5692 1550 5751 ab
1570 5690 1668 5751 cubus

116 5786 269 5863 »malignus
282 5787 370 5849 bottis
386 5788 453 5848 vidit
466 5789 539 5862 quod
550 5790 656 5850 inridit.
669 5791 744 5850 Vidit
758 5793 817 5866 ejus
872 5789 930 5849 ruis
941 5789 1113 5859 tlnttbacti,
1126 5788 1266 5847 bummut
1279 5782 1524 5860 metuitquantm
1543 5785 1580 5845 tit
1591 5784 1669 5847 eau-
1764 5758 1778 5814 ¹¹

116 5882 206 5941 Deum
225 5881 362 5943 cumulari
384 5880 493 5953 modu,
515 5881 582 5945 ridlt
603 5884 663 5960 elus
681 5889 816 5959 occupata
871 5898 930 5957 siu,
943 5896 1007 5959 suet
1020 5878 1272 5959 praeminuerit),
1284 5874 1424 5948 lumbi
1435 5874 1683 5951 uptun,an
