3884 6158
699 259 799 317 uisse
818 261 998 317 SECUNDUS.
1019 290 1054 302 —
1073 260 1176 317 suist.
1197 258 1242 315 vt.

1742 266 1793 321 366

137 393 176 453 et,
191 384 301 459 abjecto
312 384 413 441 dmore
423 384 491 452 Dei,
504 392 602 441 contra
617 364 720 457 regium
733 383 828 456 decus,
846 395 941 442 contra
956 390 983 453 A
995 384 1795 460 epist.tulnllut.aomeadeest,]Pragensiepisoopo,quod

138 494 218 537 mam
244 486 273 534 et
287 477 535 551 populisalutem,
549 476 578 533 in
601 476 699 534 duritia
717 478 808 535 cordis
823 478 867 535 sni
879 494 940 551 per-

138 573 252 641 stiterit,
273 571 431 644 apostolice
445 570 685 628 animadversionis
698 571 817 645 gladium
837 587 939 644 nequa-

140 682 225 739 quam
239 682 305 723 eum
318 664 422 723 diutins
435 663 559 737 effugere
582 680 661 737 posse
676 666 752 738 quasi
775 682 809 723 ex
834 681 882 723 ore
896 682 941 721 no

137 768 197 817 stro
217 760 268 816 sibi
289 758 437 816 notificate.
453 762 571 831 Propter
583 759 659 832 quod
677 768 704 815 et
718 775 775 827 vos,
792 760 941 831 apostolica

137 855 303 911 auctoritate
315 851 474 910 commoniti
494 862 576 924 atque
595 854 745 919 constricti,
759 860 879 909 matrem
894 869 940 908 vc-

139 956 229 1005 stram
249 955 374 1003 sanctam
389 950 546 1003 Romanam
561 955 589 1001 et
599 946 776 1019 apostolicam
792 947 941 1003 Ecclesiam

138 1041 232 1099 debita
263 1039 318 1096 tide
339 1048 367 1096 et
392 1039 545 1096 obedientia
573 1040 736 1105 imitemini,
758 1050 800 1109 et,
824 1041 858 1097 ab
885 1040 944 1113 ejus

139 1150 190 1191 vos
213 1134 344 1207 obsequio
367 1142 447 1206 atque
469 1135 664 1191 communione
688 1133 794 1206 penitus
815 1149 942 1206 separan-

139 1236 191 1297 tes,
208 1245 256 1300 per
266 1228 422 1284 universam
435 1229 577 1285 Franciam
587 1244 668 1284 onuve
683 1227 811 1284 divinum
821 1226 944 1283 officium

141 1322 251 1395 publice
277 1306 406 1377 celebrari
430 1320 590 1379 interdicite.
616 1320 697 1390 Quod
722 1321 744 1377 si
775 1337 828 1378 nec
851 1320 945 1393 hujus·

141 1415 218 1472 modi
241 1414 413 1471 districtione
439 1415 558 1472 voluerit
584 1415 754 1488 resipiscere,
784 1414 851 1471 nulli
874 1414 943 1469 clam

141 1517 190 1565 aut
214 1506 329 1565 dubium
345 1524 405 1566 esse
428 1508 556 1566 volumus
569 1509 636 1582 quin
652 1508 743 1566 modis
757 1508 887 1565 omuibus
899 1525 944 1565 re-

141 1618 231 1675 guum
244 1603 367 1658 Franciae
383 1601 415 1658 de
430 1602 489 1675 ejus
502 1602 694 1675 occupatione,
714 1602 860 1675 adjuvante
872 1605 943 1669 Deo,

142 1702 283 1752 tentemus
293 1694 409 1768 eripere.
425 1698 496 1752 Sane
511 1697 533 1752 si
551 1696 579 1752 in
592 1695 646 1753 boc
668 1704 745 1752 tanto
760 1704 873 1768 tamque
896 1711 944 1750 ne-

995 495 1050 536 non
1058 488 1188 544 meretur,
1197 480 1315 534 salutem
1329 487 1357 534 et
1369 479 1550 551 apostolicam
1564 480 1793 538 benedictionem.

1029 574 1191 629 Venientem
1211 581 1239 629 te
1251 572 1304 629 boc
1327 588 1399 628 anno
1417 572 1472 646 [ad]
1497 573 1676 646 apostolicam
1688 575 1794 643 sedem,

995 667 1144 739 apostolica
1169 674 1276 723 utentes
1298 666 1514 735 mansuetudine,
1540 667 1629 724 multo
1650 668 1795 742 benignius

997 760 1138 832 multoque
1165 759 1257 815 mitius
1281 757 1457 832 quemfacta
1482 768 1531 817 tua
1558 772 1744 831 mererentur,
1767 770 1796 819 te
1898 800 1901 805 ι

997 853 1167 924 suscepimus
1193 860 1273 925 atque
1300 853 1502 910 tractavimus:
1523 855 1571 912 sed
1596 864 1627 913 tu
1652 873 1732 913 more
1746 866 1796 914 tuo

998 947 1100 1004 malum
1114 963 1162 1018 pro
1181 946 1254 1003 bono
1269 945 1395 1014 reddens,
1415 956 1573 1020 contempta
1596 958 1689 1006 nemra
1706 951 1795 1007 chari·

998 1044 1053 1097 late
1074 1048 1103 1097 et
1121 1040 1270 1112 apostolica
1298 1039 1474 1108 auctoritato,
1497 1049 1592 1098 contra
1615 1044 1797 1101 interdictum

998 1143 1134 1201 nostrum,
1152 1133 1281 1191 debonis
1297 1134 1420 1190 strebus
1436 1132 1508 1190 unde
1529 1134 1601 1191 inter
1619 1144 1647 1191 tc
1668 1145 1695 1192 et
1717 1139 1798 1193 loan-

999 1244 1063 1284 nem
1089 1228 1248 1299 episcopum
1270 1229 1462 1284 llloravensem
1481 1227 1516 1283 lis
1534 1237 1587 1295 est,
1614 1236 1641 1284 te
1662 1229 1801 1286 intromit-

998 1330 1056 1377 tere
1073 1337 1155 1378 ausus
1166 1337 1217 1377 es:
1235 1328 1262 1376 et
1277 1320 1368 1392 (quod
1387 1321 1463 1379 valde
1479 1321 1560 1377 nobis
1580 1322 1728 1378 molestum
1743 1324 1801 1395 estl

999 1424 1091 1472 nostra
1106 1414 1283 1472 concessione
1305 1423 1332 1470 te
1358 1413 1385 1470 id
1414 1413 1510 1471 fecisse
1530 1415 1663 1472 mentitus
1678 1432 1717 1472 es.
1744 1418 1802 1473 Nos

998 1508 1125 1581 equidem
1151 1508 1325 1565 meminimus
1351 1509 1391 1565 sic
1417 1507 1578 1576 decrevisse,
1600 1518 1632 1565 ut
1657 1509 1801 1583 episcopus

999 1602 1165 1660 bleranensis
1177 1610 1289 1669 terram,
1307 1609 1335 1658 et
1357 1602 1408 1657 alia
1423 1602 1457 1658 de
1476 1601 1575 1673 quibus
1590 1602 1661 1659 inter
1680 1619 1730 1660 vos
1748 1604 1803 1660 dis·
1903 1606 1906 1611 “

999 1696 1092 1753 cordia
1112 1704 1180 1766 erat,
1192 1711 1278 1769 usque
1299 1694 1333 1752 ad
1347 1694 1467 1752 futurum
1479 1697 1617 1768 synodum
1640 1712 1703 1753 curn
1724 1699 1801 1754 omni

145 1790 265 1845 cessario
278 1789 390 1861 negotio
404 1789 511 1862 tepidos
527 1806 576 1846 vos
590 1790 811 1863 cognoverimus,
824 1805 880 1846 non
888 1789 945 1860 jam
1001 1805 1066 1862 pace
1080 1797 1109 1846 et
1122 1790 1213 1861 quiete
1233 1799 1325 1846 tenere
1339 1789 1460 1847 deberet.
1478 1790 1539 1845 Hoc
1551 1790 1580 1845 in
1591 1789 1687 1847 litteris
1701 1791 1803 1848 nostris

145 1882 263 1955 amplius
282 1880 440 1939 dubitantes
456 1884 522 1955 quin
538 1892 626 1940 vestra
640 1884 739 1940 fiducia
753 1884 837 1939 fultus
854 1882 945 1938 incor-
962 1861 986 1922 Β
1000 1881 1077 1939 fratri
1092 1890 1140 1939 tuo
1159 1882 1221 1939 duci
1235 1898 1366 1954 expresse
1390 1881 1609 1954 significavimus.
1633 1886 1694 1941 Hoc
1717 1894 1747 1940 tu
1771 1892 1803 1941 ut
1904 1938 1910 1959 ,Ι

146 1975 242 2051 rigibili
260 1974 403 2049 perduret,
417 1992 467 2032 ros
480 1977 554 2048 ipsos
568 1964 743 2034 sicut'socios
758 1986 786 2033 et
799 1977 947 2049 complices
1001 1977 1154 2032 nullatenus
1176 1974 1335 2048 impedires,
1361 1977 1387 2031 in
1414 1992 1525 2032 manum
1547 1986 1671 2033 nostram
1691 1978 1803 2049 promit-

145 2069 281 2126 scelerum
294 2070 364 2142 ejus,
381 2070 526 2142 episcopali
541 2072 661 2142 privatos
671 2069 762 2127 officio
784 2071 840 2142 pari
857 2069 946 2126 vindi·
1002 2069 1084 2127 tendo
1109 2070 1243 2126 firmasti:
1264 2069 1314 2126 sed
1334 2078 1365 2125 ut
1392 2069 1506 2125 verbum
1529 2070 1593 2126 inde
1623 2079 1803 2136 mutaremus,

147 2173 199 2220 ctae
217 2163 313 2237 jaculo
334 2161 474 2219 feriemus.
499 2164 589 2219 Testis
606 2164 678 2221 enirn
699 2163 779 2220 nobis
800 2172 841 2221 est
861 2166 948 2229 Deus,
1002 2165 1065 2233 boe,
1080 2179 1143 2219 oum
1170 2164 1288 2219 multum
1311 2162 1436 2231 instares,
1461 2178 1550 2236 neque
1564 2163 1691 2234 precibus
1714 2180 1804 2236 neque

147 2264 173 2313 et
194 2257 306 2329 propria
331 2256 515 2326 conscientia,
529 2257 605 2329 quod
627 2256 687 2314 haec
710 2273 799 2330 neque
824 2257 950 2331 precibus
1005 2258 1090 2331 pretio
1128 2257 1271 2328 impetrare
1309 2256 1429 2328 potuisti.
1459 2259 1545 2313 Porro
1581 2258 1610 2312 in
1635 2257 1805 2326 novissimis,

147 2366 239 2425 neque
255 2349 344 2422 pretio
358 2349 695 2423 alicujusductidicimus,
712 2366 762 2407 nec
778 2351 806 2406 in
825 2351 949 2407 animum
1003 2350 1079 2422 quasi
1107 2349 1239 2422 quasdam
1269 2364 1353 2405 novas
1385 2349 1508 2422 querelas
1533 2365 1615 2422 supet
1644 2348 1728 2408 fratre
1756 2360 1805 2410 tuo

148 2443 325 2512 induximus3
345 2442 396 2499 sed
411 2443 579 2500 solodolore
600 2444 663 2499 tacti
679 2444 858 2512 intrinsecus,
876 2442 951 2517 quod
1005 2443 1152 2501 Wratislao
1180 2443 1251 2500 duce
1273 2443 1350 2515 quod
1376 2440 1565 2500 fraudulenter
1596 2442 1806 2511 concludantur,

146 2546 204 2593 tam
219 2534 313 2593 nobile
328 2552 456 2609 regnum,
473 2545 500 2592 et
513 2546 569 2593 tam
582 2536 703 2594 inlinitus
723 2538 888 2611 populorum
903 2554 953 2592 nu·
1006 2537 1057 2594 sed
1068 2539 1163 2593 orbem
1182 2546 1318 2593 terrarum
1334 2534 1369 2591 ad
1384 2536 1548 2592 discordiam
1567 2538 1718 2595 multarum
1739 2554 1805 2611 gen-

149 2646 242 2687 merus
265 2630 347 2687 unius
372 2629 548 2702 perditissimi
571 2631 691 2687 hominis
712 2631 791 2704 culpa
811 2631 952 2703 depereat,
1007 2632 1075 2686 tium
1091 2636 1118 2686 et
1139 2638 1167 2686 te
1189 2628 1287 2685 fecisse
1300 2630 1579 2702 nunccognovimus3
1595 2646 1719 2688 asserens
1733 2631 1807 2687 vido·

148 2722 264 2781 tacendo
290 2722 463 2780 dissimulare
487 2740 537 2780 nec
559 2740 705 2796 possumus
736 2741 786 2781 nec
811 2723 952 2780 debemus.
1009 2722 1124 2781 licet'de
1144 2722 1263 2794 quodam
1278 2731 1369 2778 castro
1383 2722 1468 2777 sancti
1483 2725 1591 2779 venzlai
1612 2724 1685 2780 etde
1699 2741 1808 2797 prepo-

147 2820 291 2875 blemores
312 2818 395 2891 igitur
416 2816 488 2873 illins
509 2816 607 2894 divinae
627 2818 691 2874 dicti
717 2817 866 2890 Sapientiae
882 2836 888 2871 :
904 2819 957 2885 Qui
1009 2819 1092 2874 situra
1110 2816 1243 2889 justitiam
1257 2825 1333 2871 tuam
1350 2814 1398 2871 tibi
1418 2815 1614 2873 contradicere.
1627 2821 1688 2874 lloc
1702 2824 1807 2876 tantum

151 2912 381 2979 timetboruinem,
398 2913 449 2965 cito
461 2916 577 2980 cenet,
588 2916 613 2966 et
625 2915 674 2981 qui
686 2916 777 2982 sperat
787 2913 818 2966 io
833 2912 955 2977 Dotatae,
1008 2909 1132 2978 effecisti,
1156 2918 1187 2966 ut
1223 2925 1287 2966 eum
1313 2909 1340 2965 in
1372 2910 1484 2980 epistola
1506 2917 1600 2965 nostra
1630 2926 1808 2968 tuoneremus

151 3006 342 3061 sublevabitur
361 3006 448 3075 [Pron.
464 3008 574 3072 xxm:
595 3008 631 3059 ita
648 3005 733 3075 agite,
752 3004 789 3059 ita
808 3019 856 3059 vos
873 3003 955 3059 lrabe·
1009 3013 1160 3076 quatenus,
1184 3003 1247 3059 sise
1274 3001 1403 3073 iniuriam
1427 3002 1474 3059 tibi
1490 3002 1585 3058 iecisse
1616 3013 1808 3081 cognosceret,

149 3106 219 3167 tote,
243 3106 371 3171 utquam
387 3098 421 3154 sit
434 3097 511 3154 vobis
525 3097 609 3153 libera
623 3113 702 3153 mens
715 3106 743 3153 et
755 3097 847 3170 lingua
863 3104 955 3153 osten·
1010 3114 1060 3170 pro
1087 3105 1199 3165 nostro,
1226 3097 1282 3153 imo
1307 3112 1401 3152 amore
1421 3096 1485 3163 Dei,
1499 3096 1573 3169 quod
1590 3112 1701 3168 aequnm
1726 3108 1808 3168 essct,

150 3191 249 3249 datis:
271 3206 323 3248 nec
349 3191 478 3247 timentes
498 3190 640 3246 bominem
667 3190 834 3247 infirmitatis
858 3198 956 3246 vestrae
1010 3192 1073 3248 inde
1093 3191 1204 3247 faceret.
1217 3193 1277 3247 Hac
1292 3191 1375 3263 igitur
1395 3190 1537 3247 occasione
1551 3191 1624 3246 etde
1636 3190 1716 3248 nobis
1733 3208 1810 3248 men·

152 3286 266 3341 ruinam
288 3284 439 3358 patiamini,
455 3283 504 3341 sed
523 3282 671 3340 confortati
687 3284 715 3339 in
736 3283 858 3341 Domino
880 3292 908 3340 et
929 3283 957 3338 in
1010 3286 1118 3341 dacium
1133 3284 1253 3349 finxisti,
1270 3294 1298 3339 et
1323 3293 1416 3339 nostra
1430 3284 1537 3341 decreta
1556 3284 1719 3341 subvertisti.
1741 3285 1808 3352 Sed,

152 3378 274 3453 potentia
295 3378 403 3435 virtutis
423 3377 492 3452 ejus,
508 3377 577 3435 sicut
601 3378 705 3434 strenui
720 3378 821 3434 milites
841 3376 958 3445 Christi,
1012 3393 1116 3450 quaeso,
1141 3393 1198 3434 non
1226 3376 1374 3443 erubescis,
1400 3385 1516 3433 autnon
1542 3377 1636 3445 times,
1659 3378 1734 3450 quod
1761 3396 1810 3452 pro

151 3472 185 3529 ad
200 3470 389 3529 celsitudinem
409 3472 551 3552 presentis
564 3479 592 3527 et
606 3470 705 3529 futurae
720 3470 815 3544 gloriae
836 3469 958 3527 subleve-
1011 3470 1113 3527 talibus
1127 3470 1215 3526 causis
1228 3486 1285 3525 non
1306 3469 1398 3526 solum
1412 3469 1515 3526 ordinis
1529 3470 1569 3526 tui
1584 3471 1735 3541 pericnlum
1760 3472 1810 3527 tibi
1887 3518 1890 3524 .

151 3565 231 3623 mini.
268 3568 403 3622 Praeterea
430 3566 553 3622 multum
578 3581 707 3641 rogamus
726 3573 754 3621 et
776 3564 959 3620 admonemus
1012 3565 1154 3631 imminet,
1170 3564 1218 3620 sed
1241 3580 1274 3618 ex
1297 3564 1420 3619 fraterno
1445 3562 1509 3620 odio
1530 3579 1581 3619 nec
1602 3564 1811 3621 Christianitatis

151 3657 326 3716 dilectionem
344 3665 465 3715 vestram
490 3665 639 3731 quatenus,
663 3658 842 3714 Lanzeliuum
862 3656 956 3713 Belva-
1011 3658 1121 3732 quidem
1145 3658 1173 3713 in
1196 3665 1223 3713 te
1244 3664 1368 3728 suscepte
1393 3657 1478 3729 gratia
1492 3660 1612 3714 manet?
1633 3658 1811 3731 Praecipimus

153 3767 264 3809 oensem
282 3750 399 3808 militem
414 3750 618 3819 convenientes,
634 3759 664 3808 ut
686 3750 841 3808 Folcerium
855 3750 958 3807 Carno-
1012 3768 1077 3825 ergo
1091 3751 1140 3808 tibi
1154 3766 1186 3807 ex
1201 3759 1278 3823 parte
1292 3750 1362 3806 beati
1385 3750 1467 3818 Petri,
1491 3757 1521 3807 et
1547 3759 1640 3807 nostra
1665 3752 1811 3823 apostolica
1837 3760 1843 3767 '

156 3853 263 3902 tentem
286 3842 397 3901 fidelem
420 3854 566 3913 nostrum,
587 3860 669 3918 quem
696 3844 730 3901 ab
767 3843 957 3916 apostolorum
1013 3844 1190 3913 auctoritate,
1206 3853 1236 3900 ut
1250 3851 1371 3900 castrum
1386 3842 1460 3914 qnod
1479 3851 1537 3899 tam
1559 3842 1749 3901 fraudulenter
1766 3861 1812 3901 ce·

157 3936 299 3995 liminibus
314 3944 496 3995 revertentem
512 3938 593 4011 cepit,
609 3937 675 3994 nihil
690 3938 724 3995 de
742 3937 822 3994 bonis
840 3938 899 4009 ejus
912 3953 958 3993 re·
1012 3939 1085 4011 pisti,
1100 3946 1128 3994 et
1146 3938 1198 3994 alia
1212 3936 1304 3993 omnia
1318 3951 1380 4008 quae
1400 3934 1487 3992 inlito
1506 3942 1580 4003 sunt,
1593 3936 1707 4009 praeiato
1722 3940 1813 3995 illora-

158 4032 257 4097 tinens,
280 4030 397 4087 illaesum
416 4030 550 4102 dimittat,
574 4047 607 4087 ex
632 4036 709 4103 parto
732 4031 802 4087 beati
826 4030 911 4097 Petri,
933 4038 960 4085 et
1012 4032 1089 4088 vensi
1101 4032 1229 4104 episcopo
1240 4030 1347 4097 reddas,
1360 4037 1387 4085 et
1400 4037 1432 4086 tu
1446 4027 1482 4084 ad
1497 4027 1688 4086 diffiniendam
1700 4046 1811 4087 oausam

159 4133 251 4183 torua
266 4123 416 4197 apostolica
433 4123 595 4180 auctoritate
610 4123 821 4180 commoneatis.
839 4122 918 4195 Quod
936 4122 958 4177 si
1014 4126 1095 4195 (sicut
1121 4132 1256 4181 statutum
1275 4127 1328 4187 est)
1345 4130 1393 4179 aut
1418 4122 1475 4193 ipse
1488 4124 1610 4179 Romam
1633 4123 1740 4192 venias,
1764 4130 1813 4180 aut

161 4216 247 4275 faeere
270 4217 476 4289 contempserit,
513 4217 699 4290 spiritualibus
726 4225 754 4273 et
785 4216 960 4273 sacularibus
1014 4218 1128 4275 idoneos
1148 4217 1251 4290 legatos
1273 4216 1382 4273 mittas:
1404 4224 1485 4287 atque
1514 4215 1567 4272 boc
1590 4217 1625 4272 ita
1650 4217 1812 4289 tempestive

165 4312 245 4369 armis
266 4326 333 4368 eum
353 4310 459 4383 insequi
482 4317 509 4367 ct
524 4326 619 4384 urgere
637 4327 696 4367 non
715 4310 792 4383 prius
805 4309 958 4373 desistatis,
1016 4311 1167 4367 lloravensi
1183 4311 1310 4382 episcopo
1326 4308 1458 4376 notifices,
1472 4317 1607 4380 quotenus
1619 4318 1647 4366 et
1670 4311 1728 4381 ipse
1739 4311 1812 4382 pari·

164 4417 258 4475 mom,
282 4404 380 4461 relicto
393 4403 480 4460 sancti
501 4405 572 4461 Petri
591 4404 746 4478 peregrino,
760 4403 844 4460 etiam
858 4402 880 4458 si
894 4401 960 4474 quid
1014 4413 1056 4460 ter
1076 4419 1107 4460 se
1131 4405 1172 4460 vel
1196 4405 1298 4477 legatos
1320 4418 1386 4459 suos
1410 4400 1447 4457 ad
1471 4402 1522 4459 iter
1536 4416 1689 4475 praeparare
1713 4402 1811 4459 valeat.

166 4510 210 4569 pto
227 4496 421 4571 redemptione
443 4497 515 4555 illius
531 4498 650 4570 accepit,
673 4508 721 4555 ant
743 4497 858 4572 pepigit,
878 4496 959 4553 simul
1017 4501 1159 4565 Praeterea,
1170 4499 1242 4554 sicut
1260 4496 1338 4553 nobis
1357 4496 1473 4552 relatum
1484 4504 1536 4564 est,
1558 4510 1653 4568 pacem
1667 4511 1731 4568 quae
1743 4495 1814 4553 inter

169 4589 271 4649 reddere
288 4599 335 4647 aut
346 4589 468 4648 refutare
489 4590 603 4665 cogatis.
975 4599 1043 4670 pte
1055 4600 1083 4648 et
1105 4591 1218 4648 fratrem
1240 4599 1321 4646 tuum
1342 4589 1441 4645 ducem
1450 4589 1589 4655 convenit,
1613 4588 1710 4645 multis
1722 4588 1814 4647 modis

202 4686 268 4741 llata
286 4684 381 4742 Tiburi
402 4693 501 4759 quarto
522 4684 588 4742 ldus
608 4684 788 4756 Septembris,
811 4683 962 4741 indictione
1016 4685 1174 4757 perturbare
1189 4698 1245 4739 nou
1257 4681 1369 4746 desinis,
1383 4682 1521 4753 praecipue
1544 4696 1610 4737 cum
1623 4696 1688 4739 suos
1711 4683 1814 4756 absque

176 4772 265 4835 beina
284 4778 373 4835 tertia

448 4880 624 4937 EPISTOLA
647 4882 693 4934 Vl.

227 5002 267 5043 an
291 4999 488 5043 asnosunuta
508 4998 697 5042 ensesustat
712 4999 895 5044 setscoenn.

1016 4870 1129 4944 quidem
1158 4868 1209 4925 tibi
1232 4868 1353 4924 maxime
1375 4868 1561 4940 periculosum
1585 4876 1646 4926 est:
1670 4870 1813 4942 quoniam,

1015 4964 1087 5022 sicut
1110 4964 1208 5020 beatus
1228 4962 1378 5034 Gregorius
1404 4962 1487 5027 dicit,
1512 4962 1559 5035 qui
1586 4962 1710 5020 insontes
1734 4963 1811 5037 ligat,

465 5087 556 5149 (Anno
572 5088 661 5148 loti.)
1015 5059 1066 5115 sibi
1084 5059 1135 5130 ipsi
1156 5064 1322 5130 potestatem
1336 5054 1436 5129 ligandi
1449 5064 1530 5127 atque
1546 5056 1670 5114 solvendi
1691 5046 1814 5113 corrum-

188 5180 261 5251 ΑΜ
278 5186 429 5242 montem
449 5184 907 5257 ,aaucgfflmmpostohcoesedis'
929 5186 962 5240 de
1017 5152 1062 5225 pit
1076 5152 1158 5211 Unde
1177 5160 1205 5207 te
1240 5150 1422 5207 admonemus
1439 5158 1469 5206 ut
1491 5149 1673 5207 anatliematis
1694 5151 1814 5223 gladium

210 5260 310 5312 metita
330 5258 395 5327 pale,
476 5256 654 5325 fraudulenta
679 5260 848 5328 occupatione
870 5272 961 5311 rerum
1015 5260 1159 5318 nunquam
1181 5243 1272 5301 subito
1297 5259 1387 5316 neque
1405 5252 1508 5300 temere
1521 5242 1549 5299 in
1576 5243 1694 5316 aliquem
1708 5243 1815 5301 vibrare

212 5330 313 5399 ‘iiiiii‘
329 5330 507 5412 Miissvtlliii
528 5344 597 5411 ‘liii
614 5330 723 5383 lithini
736 5328 832 5417 illiti,
853 5332 879 5383 ⁶²
902 5344 961 5382 eum
1017 5354 1177 5411 praesumas,
1192 5336 1358 5409 sedculpam
1373 5337 1588 5410 uniuscujusque
1599 5336 1721 5409 diligenti
1741 5338 1816 5409 prius

212 5394 309 5455 mm
325 5416 388 5455 ⁶⁰⁰²
413 5400 485 5455 ΜΟ
502 5414 621 5469 mm
642 5400 679 5453 “d
696 5400 875 5470 demendam
896 5416 961 5453 Μ’
1017 5431 1217 5489 examinatione
1236 5429 1366 5487 discutias
1389 5447 1397 5487 :
1421 5430 1495 5499 et,si
1509 5429 1576 5503 quid
1594 5438 1636 5486 est
1653 5429 1727 5500 quod
1744 5429 1816 5486 inter
1869 5452 1872 5457 ·

211 5480 256 5523 soa
268 5475 372 5537 sertim
390 5471 425 5525 de
440 5470 591 5527 mendaciis
609 5478 702 5525 coartio
718 5472 812 5527 ducem
829 5471 963 5527 Bolsemioe
1166 5525 1172 5537 ,
1351 5523 1357 5535 ,
1441 5523 1447 5535 ,
1517 5523 1523 5534 ,
1660 5522 1667 5533 ,

211 5540 253 5595 sibe
264 5544 396 5613 ,swam
410 5560 418 5594 ,·
431 5543 539 5598 amum
549 5542 583 5597 de
592 5546 861 5598 eaewmmumfflppm
875 5544 905 5597 ,·„
913 5543 963 5596 pq.
1017 5536 1044 5582 te
1056 5533 1084 5582 et
1097 5524 1224 5581 hommes
1236 5522 1357 5596 saepeiatr
1371 5522 1463 5581 fratris
1484 5531 1523 5579 tur
1539 5530 1689 5590 emerserat,
1704 5538 1767 5579 cum
1781 5538 1815 5578 eo

211 5615 284 5670 mita
296 5614 418 5687 quadem
430 5614 507 5671 doce
520 5614 622 5685 absque
635 5614 719 5683 leqcli
729 5614 837 5684 iudicio
852 5616 919 5669 loto.

210 5710 381 5775 Gnsonsus
392 5714 550 5789 episeopus,
565 5730 660 5773 servus
677 5731 817 5772 servorum
830 5716 895 5785 Dei,
910 5716 964 5771 Gn·
1019 5720 1046 5768 et
1060 5710 1239 5768 amicabiliter
1252 5726 1317 5784 agas
1323 5729 1332 5781 ;
1356 5719 1384 5767 ct
1395 5711 1418 5766 si
1444 5710 1602 5780 aequitatem
1624 5708 1672 5764 tibi
1696 5705 1816 5777 denega·

184 5808 285 5867 ”ubo
302 5810 351 5878 [1..
364 5809 533 5877 insolito,
550 5814 680 5881 utsupra
695 5810 742 5867 lib.
759 5813 860 5880 rapiet.
879 5813 924 5874 44,
940 5811 966 5862 et
1020 5806 1100 5869 verit,
1114 5813 1163 5860 aut
1175 5805 1359 5859 temeritatem
1371 5816 1485 5858 suorum
1499 5800 1590 5870 aliqua
1597 5797 1826 5855 dissimulatinne

1016 4778 1145 4833 canonica
1163 4776 1241 4847 culpe
1249 4784 1277 4831 ct
1286 4774 1366 4848 legali
1369 4773 1475 4846 iudicio
1489 4775 1721 4832 excommunicas.
1731 4775 1814 4846 Quod
1910 4776 1915 4781 '

1018 5619 1157 5691 inprimis
1175 5627 1207 5674 ut
1226 5633 1292 5675 suos
1312 5617 1347 5675 ad
1368 5617 1505 5690 iustitiam
1527 5615 1676 5688 compellat
1699 5615 1817 5671 fraterne
1904 5612 1915 5627 “
