3870 6164
353 240 356 245 ’
427 218 433 231 ⁸
472 260 502 318 S.
521 259 683 318 GREGORH
702 260 747 316 vll
766 261 865 318 PAPAE
883 262 1021 318 orantur
1040 261 1127 319 PARS
1146 258 1442 317 t.-1tcarstttutt.

390 384 563 442 EPlS'l'OLA
592 384 669 441 LIX.

320 550 361 592 an
373 548 539 592 nouacuos
554 546 766 591 souuuansss.

396 716 399 721 -
436 686 529 749 (Anno
545 680 637 751 101⁵.)

134 832 235 886 mmm
259 829 396 884 abbatiam
414 830 462 883 sab
475 832 602 885 Romana
623 830 747 883 Ecclesia
767 831 932 899 protectione

171 901 276 971 recepit.
297 901 390 970 illique
405 901 472 955 bona
486 915 605 956 concessa
623 903 649 954 et
663 900 828 955 mncedenda
841 903 933 970 cortfir-

171 976 238 1026 mot.
264 973 346 1027 Vetat
363 973 393 1025 in
412 987 443 1026 ea
467 973 621 1026 cononicam
640 970 773 1035 ordinari,
798 974 855 1025 nisi
881 973 933 1042 qui

170 1041 337 1110 r'epuluriter
353 1045 489 1097 emturum
506 1043 643 1112 protessus
658 1043 755 1108 tuerit,
779 1058 826 1097 nec
847 1042 931 1097 abba·

171 1118 224 1168 tem
242 1115 299 1167 nui
321 1114 483 1183 regularem,
508 1118 534 1168 et
555 1129 573 1167 a
594 1113 732 1181 fratribus
762 1113 932 1183 regularibus

170 1184 455 1313 obsaturatmbccleriom
472 1186 566 1245 Diertsi
585 1187 704 1257 episcopo
727 1184 932 1242 consecrandam

173 1270 269 1312 emme
320 1294 327 1315 .

171 1410 357 1469 Ganoomus
370 1412 525 1482 spiscopus,
541 1426 636 1466 seruas
645 1425 787 1466 servorum
803 1410 864 1478 Dei,
878 1409 933 1467 ira·

135 1502 224 1559 tribus
235 1502 450 1560 consistentibus
465 1504 495 1559 in
506 1503 617 1560 abbatia
639 1503 768 1559 Romana
781 1519 864 1575 super
877 1503 932 1561 llu-

135 1596 212 1652 vium
227 1598 331 1654 Isaram
358 1598 552 1667 constitutam,
567 1598 727 1654 salutemet
749 1597 931 1669 apostolicam

140 1688 375 1747 benedictionem.

170 1782 319 1841 Fidelitatis
331 1800 363 1840 ac
383 1783 538 1842 devotionis
557 1792 656 1842 vestrae
671 1785 781 1852 studia,
795 1801 858 1858 quta
881 1800 931 1858 per

135 1876 238 1951 legatos
261 1888 365 1935 vestros
385 1879 489 1936 nostris
510 1879 623 1935 attubus
645 1878 814 1946 intimitatis,
829 1879 932 1951 accepi·

135 1987 207 2028 mus.
220 1972 329 2029 Potistis
337 1981 367 2029 ut
374 1975 502 2029 Romana
514 1973 933 2041 Ecclesialliomanaeilcciesiae]

135 2060 272 2130 libertate,
295 2078 381 2135 quam
405 2072 496 2120 vestra
519 2064 632 2121 ecclesia
655 2066 690 2121 ab
713 2065 932 2123 antecessoribus

135 2156 239 2212 nostris
251 2155 382 2213 hactenus
395 2156 502 2225 habuit,
518 2173 567 2214 vos
582 2157 759 2214 donaremus.
780 2159 933 2231 scripsistis

41 2330 44 2335 ,
136 2248 219 2304 etiam
233 2248 326 2321 laced
346 2266 398 2306 nos
415 2250 493 2308 valde
513 2251 646 2320 laetificat)
672 2250 809 2324 quosdam
829 2252 933 2308 scilieet

135 2349 258 2397 restrum
283 2342 439 2415 regularem
457 2345 677 2417 canonicamque
693 2345 779 2400 vitam
798 2345 933 2416 incepisse

136 2436 228 2503 [toric
241 2436 405 2508 suscepisse,
419 2439 540 2506 Hunnl,
555 2437 656 2509 quibus
671 2436 800 2510 quaedam
812 2437 933 2495 ecclesiae

136 2536 234 2585 vestrm
246 2527 320 2586 bona
335 2545 383 2586 vos
402 2531 571 2588 concessisse
589 2530 784 2600 denuntiastis,
799 2540 932 2605 rogantes

136 2629 169 2678 ut
182 2620 344 2679 haecnostre
352 2622 526 2681 firmaremus
536 2626 708 2681 auctoritate.
721 2628 826 2682 Vestra
838 2626 932 2698 itaque

137 2714 218 2771 bonta
242 2716 394 2772 intentioni
414 2717 631 2790 congaudemus,
652 2726 690 2786 et,
715 2725 746 2773 ut
767 2733 875 2789 semper
903 2717 932 2774 in

136 2807 233 2865 melius
257 2810 405 2880 proficiatis
441 2820 581 2883 optamus,
623 2811 801 2882 petitionibus
836 2810 934 2868 vestris

135 2900 250 2957 obtentu
264 2903 312 2959 tilii
324 2905 412 2960 nostri
425 2905 549 2978 Hugonis
562 2904 669 2961 Diensis
684 2905 804 2978 episcopi
813 2914 842 2962 et
852 2904 933 2961 vestri

138 2994 287 3052 dilectione
297 2998 457 3066 annuimus,
467 3007 495 3055 et
506 3002 664 3055 itomanam
683 2999 838 3054 libertatem
851 2999 933 3065 (sicut

136 3090 307 3160 postulastis)
335 3091 523 3148 concedimus.
549 3091 598 3147 llla
626 3107 690 3148 vero
712 3107 773 3164 qum
798 3089 931 3149 iratribus

136 3181 232 3239 vestris
255 3184 426 3257 regularibus
456 3185 618 3257 praepositus
649 3193 738 3241 vestm
751 3185 972 3256 Herimannusc

136 3284 165 3333 et
178 3293 227 3334 vos
250 3276 374 3334 donastis
392 3286 420 3335 et
434 3278 577 3348 statuistis,
602 3294 663 3352 quae
675 3287 702 3335 ct
715 3279 812 3342 literis
830 3278 866 3336 ad
881 3295 932 3336 nos

136 3368 399 3438 missisinseruistis,
420 3370 549 3428 videlicet
573 3372 706 3445 quidquid
729 3373 781 3445 ipsi
802 3373 932 3430 debonis

135 3463 258 3535 ejusdem
280 3466 403 3522 ecclesiae
428 3466 504 3536 prius
517 3464 617 3522 habere
636 3465 808 3534 videbantur,
831 3474 860 3523 et
872 3466 931 3539 qui·

135 3573 254 3630 utrmque
269 3575 301 3615 cx
314 3559 390 3615 vobis
404 3558 429 3614 ci
441 3575 470 3616 se
486 3561 592 3615 sociare
609 3561 774 3632 regulariter
784 3561 932 3629 voluerint,

137 3650 178 3703 vel
203 3650 276 3721 quod
300 3652 353 3708 illis
374 3652 408 3707 de
429 3653 487 3707 stris
502 3652 604 3723 aliquid
629 3652 743 3721 dederit,
759 3669 812 3710 nos
825 3668 934 3727 ottoque

136 3740 286 3797 donamus.
316 3743 508 3799 possessiones
539 3752 632 3799 autem
658 3753 685 3801 ct
711 3745 933 3817 dispensationes

136 3833 256 3891 ecclesiae
271 3835 325 3890 illis
350 3835 398 3907 qui
418 3853 492 3892 nunc
519 3837 627 3905 babent,
651 3848 701 3895 out
721 3839 756 3894 ad
779 3840 932 3911 regularem

137 3925 226 3982 vitam
248 3929 399 3995 correersis,
434 3937 482 3985 aut
508 3929 542 3986 dc
563 3930 662 3986 saecttlo
691 3932 886 4003 migrantibus,
908 3941 936 3987 et

137 4029 225 4077 terras
235 4021 434 4093 qttaedeinceps
450 4021 589 4093 praedictae
600 4022 722 4079 ecclesia
736 4024 807 4079 datm
821 4022 933 4081 luerint

1731 259 1785 315 ii!

1250 384 1429 440 EPlSTOLA
1448 384 1514 441 LX.

1039 495 1080 536 ιιι
1090 493 1231 536 arroasia
1250 492 1532 535 cousraorrausmt
1544 491 1730 535 nameus.

1280 575 1375 641 (Anno
1403 575 1495 637 1075.)

985 669 1101 726 Martdat
1123 672 1156 724 nt
1178 667 1253 723 litero
1277 669 1347 722 iuter
1375 682 1436 721 eum
1472 670 1499 722 ct
1520 669 1674 737 dueentem
1698 667 1788 723 abba-

1020 746 1072 796 tem
1094 740 1219 795 dirimet.
1243 739 1319 807 Quod
1341 741 1367 793 si
1388 740 1448 808 fieri
1472 744 1607 810 nequeat,
1636 738 1717 794 ambo
1746 737 1787 793 ad

1020 828 1047 867 se
1055 813 1176 866 venunt.
1191 812 1302 865 interim
1314 812 1407 865 neuim
1416 810 1498 865 alteri
1510 811 1659 865 molestiam
1667 812 1783 878 irtlmat.

1020 905 1197 961 Gnsconrus
1212 901 1365 976 episcopus,
1382 918 1479 960 servus
1493 918 1635 960 servorum
1649 903 1714 974 Dei,
1726 904 1784 960 Οτ-

985 996 1424 1070 rou1Constantiensiepisaopo,
1438 995 1557 1055 salutem
1565 1004 1594 1054 et
1602 996 1787 1072 apostolicam

986 1090 1215 1149 benedictionem.

1023 1187 1101 1244 Sicut
1120 1193 1167 1241 tua
1190 1200 1272 1257 super
1286 1185 1393 1243 Ecardo
1407 1185 1505 1243 abbate
1525 1186 1788 1261 tugensis[1iugioe

986 1280 1087 1347 divitis]
1111 1277 1283 1348 monasterii,
1311 1279 1349 1336 ita
1369 1288 1398 1336 et
1415 1279 1488 1337 illius
1508 1294 1591 1353 super
1603 1280 1728 1337 tenebis
1745 1288 1790 1337 est

986 1373 1060 1430 illata
1084 1372 1269 1446 querimonia.
1295 1375 1398 1429 Verum
1420 1373 1486 1445 quia
1501 1389 1555 1430 nos
1580 1373 1788 1447 fatigationibus

985 1466 1082 1524 vestris
1106 1481 1218 1538 parcere
1244 1466 1380 1538 cupimus,
1414 1467 1585 1524 consulendo
1615 1467 1788 1525 mandamus

986 1560 1062 1617 vobis
1083 1567 1115 1616 ut
1136 1558 1267 1631 utrinque
1284 1574 1448 1617 communes
1466 1559 1573 1616 amicos
1593 1568 1621 1616 et
1643 1546 1794 1632 sapientes

986 1655 1060 1711 viros
1077 1652 1201 1710 ventatm
1214 1661 1363 1720 amatores,
1375 1652 1490 1725 justitia
1511 1655 1598 1727 magu
1620 1670 1706 1727 quam
1718 1654 1788 1710 ami·

984 1749 1056 1805 citiae
1073 1745 1206 1814 latentes,
1231 1746 1402 1813 convocetis;
1434 1762 1554 1819 quorum
1583 1747 1709 1815 consilio,
1733 1763 1786 1820 op-

948 1832 972 1894 B
986 1849 1105 1914 portuno
1117 1848 1242 1912 tempore
1252 1847 1280 1895 et
1290 1838 1352 1895 loco
1363 1840 1566 1911 couvenientes,
1577 1841 1653 1897 litem
1663 1850 1788 1899 vestram

985 1936 1072 2008 aequis
1086 1932 1241 1990 rationibus
1259 1941 1287 1989 et
1300 1932 1392 2005 aliqua
1408 1948 1529 2006 congrua
1543 1935 1671 2007 pactione
1692 1934 1787 1992 dirimi

986 2030 1014 2084 in
1047 2042 1197 2084 commune
1232 2041 1375 2083 assensum
1400 2026 1480 2084 detis.
1505 2027 1586 2101 Quod
1618 2028 1641 2084 si
1664 2028 1788 2100 peccatis

985 2121 1149 2179 facientibus
1167 2119 1226 2176 beri
1246 2128 1374 2192 nequeat,
1390 2121 1576 2177 commonitos
1596 2137 1644 2177 vos
1659 2137 1695 2178 ex
1717 2137 1788 2195 prte-

984 2214 1056 2273 senti
1074 2213 1239 2270 auctoritate
1251 2228 1311 2269 esse
1332 2213 1457 2270 volumus
1470 2221 1501 2270 ut
1519 2214 1592 2271 circa
1606 2212 1787 2273 festivitatem

986 2309 1119 2367 Omnium
1137 2308 1302 2364 Sanctorum
1325 2307 1411 2365 ambo
1427 2308 1462 2365 ad
1484 2307 1674 2381 apostolorum
1687 2308 1788 2367 limina

985 2402 1110 2470 veniatis,
1126 2409 1270 2473 quatenus,
1286 2410 1426 2458 annuente
1439 2404 1515 2470 Deo,
1538 2417 1650 2459 causam
1662 2412 1787 2460 vestram

984 2495 1107 2567 diligenti
1128 2493 1330 2551 examinatione
1354 2493 1542 2562 discutiamus,
1567 2505 1595 2552 et
1623 2494 1787 2553 diuturnam

985 2588 1150 2646 discordiam
1160 2587 1235 2661 justo
1246 2587 1301 2643 fine
1314 2587 1483 2645 decidamus.
1499 2589 1614 2646 Interim
1628 2605 1695 2646 vcro
1713 2605 1788 2662 prse-

984 2683 1101 2756 cipimus
1124 2691 1164 2751 ut,
1184 2681 1262 2738 omni
1286 2681 1335 2737 lite
1363 2681 1499 2739 intervos
1520 2683 1619 2755 sopita,
1640 2683 1720 2755 attasi
1739 2700 1789 2756 per

986 2792 1100 2833 manum
1118 2775 1191 2832 beati
1218 2775 1301 2838 Petri,
1328 2783 1355 2830 et
1377 2784 1514 2843 nostram,
1537 2775 1617 2832 firma
1632 2793 1685 2848 pax
1698 2778 1788 2849 posita

914 2878 928 2887 “
986 2879 1070 2943 atque
1095 2868 1229 2926 conducta
1253 2876 1390 2936 teneatur,
1420 2876 1560 2925 utueutra
1580 2886 1644 2942 pars
1666 2869 1787 2928 alteram

986 2963 1119 3020 molestiis
1132 2962 1173 3019 vel
1187 2963 1383 3019 contrarietate
1398 2978 1546 3034 provocare
1560 2971 1608 3019 aut
1631 2964 1788 3036 iumtietare

985 3057 1095 3113 audeat.
1123 3058 1179 3112 Nec
1203 3055 1262 3111 leve
1278 3055 1357 3112 vobis
1371 3055 1504 3123 videatur,
1527 3065 1608 3112 tanto
1629 3056 1786 3115 mediatore

985 3150 1158 3222 interposito,
1186 3148 1261 3221 pacis
1283 3150 1346 3221 jura
1382 3148 1541 3217 dissolvere,
1569 3150 1704 3222 quioniam
1737 3152 1785 3225 qui

986 3245 1015 3300 in
1029 3243 1082 3300 hac
1096 3241 1291 3299 constitutione
1306 3243 1462 3314 apostolicas
1477 3243 1632 3299 auctoritati
1659 3259 1788 3302 reseren-

984 3339 1052 3394 tiam
1064 3346 1091 3393 et
1102 3336 1187 3393 fldem
1199 3351 1256 3392 non
1264 3335 1424 3403 exhibuerit,
1443 3352 1475 3392 ex
1495 3337 1553 3408 ipsa
1576 3353 1626 3393 sua
1640 3338 1789 3397 temerita-

984 3431 1021 3487 tis
1036 3429 1176 3502 impietate
1189 3431 1321 3486 adversus
1341 3445 1370 3485 se
1384 3439 1412 3486 et
1430 3446 1542 3487 causam
1556 3446 1636 3487 suam
1658 3431 1743 3488 iidem
1758 3440 1789 3490 et

985 3524 1117 3597 judicium
1138 3521 1308 3594 provocabit.

1021 3621 1093 3675 Data
1106 3620 1215 3686 Romae,
1230 3615 1312 3672 tertio
1329 3615 1394 3672 ldus
1419 3617 1521 3687 Martii,
1537 3617 1684 3674 indictione
1707 3619 1784 3676 deci·

988 3730 1033 3769 rua
1047 3713 1137 3769 tertia.

1236 3784 1413 3839 EPISTOLA
1437 3785 1515 3839 LXl.

1052 3892 1092 3933 tn
1110 3891 1293 3934 nrsrwtunu
1312 3891 1488 3934 tusscorum
1505 3891 1708 3933 naontttusau.

1277 3974 1368 4037 (Anno
1399 3976 1488 4035 1075.)

37 5552 40 5557 -
137 5516 274 5573 misimus.

575 4115 580 4126 .
809 4117 815 4130 .
926 4067 934 4094 ’
989 4066 1166 4136 deprehendit
1187 4081 1247 4119 eam
1269 4067 1399 4134 tartonam
1422 4067 1618 4129 simoniacum,-
1643 4070 1787 4136 ruortetque

138 4112 174 4170 ad
189 4129 315 4170 mensam
332 4112 448 4170 iratrum
462 4115 625 4186 regulariter
637 4117 864 4173 rntbtuventrum
877 4134 937 4190 per-
1025 4141 1057 4192 „p
1069 4138 1218 4206 resipiscat,
1237 4137 1464 4203 (ommotmneme
1480 4137 1546 4190 ,pm
1561 4138 1706 4205 eng-,Peg
1727 4144 1753 4192 εἰ
1769 4155 1788 4192 a

137 4208 245 4279 tinere,
261 4217 288 4264 et
307 4207 412 4263 nullum
426 4208 541 4265 ulterius
552 4208 656 4266 ibidem
676 4209 736 4267 fieri
754 4219 801 4267 atu
813 4211 937 4270 ordinari
1025 4208 1192 4262 contumetiis
1213 4208 1306 4261 ‹tooort
1328 4206 1361 4260 de
1379 4214 1471 4262 cartoro
1492 4207 1611 4262 auberto
1633 4208 1786 4274 infamare

136 4300 301 4357 canonicum
325 4300 379 4357 nisi
406 4302 454 4374 qui
477 4303 640 4375 regulariter
660 4320 690 4360 se
711 4304 846 4361 victurum
869 4321 935 4377 pro·
1026 4280 1195 4404 39⁸²inia⁸³
1224 4282 1307 4346 “tque
1338 4279 1471 4333 emmam
1500 4278 1648 4347 quamdam
1667 4281 1703 4362 fn
1733 4295 1786 4334 Μ

1046 4350 1194 4403 cacenval
1214 4363 1263 4419 per
1281 4364 1309 4404 se
1332 4350 1373 4403 vel
1395 4366 1446 4420 per
1470 4352 1611 4405 Melonem
1630 4364 1784 4419 episcopum

136 4393 224 4451 sessus
238 4393 323 4452 fuerit
335 4404 429 4452 nostra
442 4397 608 4454 auctoritate
621 4398 781 4455 statuimus.
798 4400 934 4471 Praeposi-
1023 4425 1168 4487 comme).
1184 4422 1259 4489 ,ique
1277 4435 1388 4475 ,uorum
1398 4427 1570 4492 peccam„
1587 4420 1784 4477 absopmomm

137 4497 208 4558 tum,
245 4490 286 4545 vel
314 4488 453 4558 abbatem,
478 4506 526 4547 seu
551 4491 700 4563 cujuslibet
722 4491 973 4587 dispensationisD
1022 4493 1191 4562 impartitur.

136 4582 326 4639 ecclesiasticae
340 4584 511 4652 ministrum,
530 4584 583 4639 nisi
597 4599 678 4656 quem
694 4586 851 4641 communis
865 4586 934 4642 elec·
1022 4580 1204 4642 Gundomus'
1238 4585 1390 4657 episcopus,
1426 4600 1520 4641 servus
1553 4600 1697 4640 servorum
1721 4586 1783 4654 Dei,

139 4675 177 4730 tio
202 4674 320 4731 fratrum
334 4677 496 4750 regulariter
517 4677 668 4734 viventium
686 4694 743 4735 suta
755 4677 933 4751 professionis
987 4677 1147 4735 laodicensi
1157 4678 1372 4752 (57³)episcopo,
1385 4679 1537 4735 salutemet
1547 4677 1785 4749 apostolicambe·

138 4769 292 4825 secundum
307 4773 399 4827 Deum
413 4771 533 4844 elegerit,
550 4771 631 4828 vobis
648 4771 770 4843 praeferri
783 4772 934 4844 apostolica
988 4771 1182 4829 nedictionem.

138 4863 301 4918 nttctoritate
315 4862 502 4933 probibemus.
517 4865 630 4937 Neqnis
646 4864 808 4923 autemhaec
826 4867 935 4924 anobis
1023 4866 1085 4922 lam
1114 4866 1203 4921 multo
1231 4874 1355 4937 tempore
1384 4864 1544 4922 audirimus
1570 4874 1598 4921 et
1628 4864 1784 4922 multorum

137 4953 286 5013 salubriter
307 4964 409 5012 statuta
428 4957 530 5013 violare
545 4967 702 5029 praesumat,
728 4959 826 5016 viuute
844 4961 935 5016 sancti
988 4960 1118 5016 relatione
1141 4959 1327 5030 comperimus
1358 4967 1386 5015 tc
1420 4975 1469 5032 per
1499 4960 1580 5033 plura
1615 4958 1645 5015 in
1674 4959 1786 5031 episco-

137 5049 261 5121 Spiritus,
281 5058 310 5105 et
322 5058 456 5121 potestate
472 5049 553 5107 uobis
575 5068 592 5107 a
615 5054 670 5108 Deo
686 5052 795 5122 collata,
816 5053 934 5111 interdi-
988 5063 1053 5126 patu
1065 5053 1196 5111 adversus
1210 5053 1335 5109 instituta
1359 5063 1519 5109 sanctorum
1545 5057 1657 5109 Patrum
1672 5052 1785 5120 iecisse,

138 5143 236 5200 cimus.
261 5142 412 5199 Ecclesiam
446 5152 578 5213 vestram,
616 5161 700 5218 quarn
734 5162 782 5218 per
813 5147 933 5220 legatum
988 5148 1114 5213 uidelicet
1131 5148 1159 5202 in
1181 5144 1387 5202 venditionibus
1401 5147 1647 5203 ecclesiasticarum
1667 5146 1787 5220 dignita·

138 5236 296 5308 apostolica·
331 5236 402 5293 sedis
430 5237 602 5294 reconciliari
634 5239 787 5311 qttaesistis,
819 5240 934 5313 pretato
988 5237 1048 5298 tum
1082 5249 1110 5297 et
1134 5239 1331 5296 canonicarum
1366 5239 1587 5311 praebendarum.
1615 5240 1698 5296 Unda
1736 5239 1787 5297 tibi

111 5329 196 5385 ¹utio
215 5338 310 5386 nostro
333 5329 427 5385 Diensi
455 5330 601 5402 episcopo,
625 5332 672 5405 qui
695 5341 722 5389 et
736 5337 881 5390 Romanus
907 5341 936 5392 et
987 5335 1107 5391 multum
1127 5330 1306 5389 condolemus
1321 5340 1348 5389 et
1380 5334 1445 5390 satis
1468 5332 1697 5405 obstupescimus,
1720 5349 1786 5389 cum

137 5423 300 5479 Viennensis
324 5422 453 5481 Ecclesiae
465 5423 540 5481 lilius
555 5434 606 5493 est,
628 5427 845 5483 consecrandam
858 5443 934 5485 com·
987 5436 1097 5484 tantum
1126 5425 1263 5482 honorem
1290 5427 1376 5500 gratis
1399 5428 1561 5498 susceperis,
1587 5435 1701 5483 etcum
1722 5443 1788 5500 pru·

988 5520 1083 5578 dentes
1104 5528 1132 5576 et
1152 5518 1295 5592 religiosos
1324 5520 1397 5576 viros
1424 5520 1571 5591 inveneris,
1598 5519 1721 5577 honores
1746 5534 1788 5577 ec

173 5614 244 5667 Data
256 5613 366 5680 Romae,
381 5628 430 5668 ιιι
442 5611 520 5686 [ιιιιι]
531 5613 596 5671 idus
610 5614 716 5682 Martii,
731 5615 779 5673 iud
791 5632 860 5673 ιιιιι.
987 5614 1154 5672 clesiasticos
1165 5613 1251 5686 gratis
1264 5630 1321 5669 non
1344 5614 1508 5689 erogaveris,
1522 5613 1570 5670 sed
1585 5614 1730 5671 declinasti
1751 5612 1788 5670 ab

169 5810 250 5875 (375)
271 5807 420 5865 Leodiensi
444 5809 599 5866 Dietwinus
614 5809 769 5881 dicebatur,
783 5819 815 5869 ut
840 5810 915 5884 apud
935 5811 1129 5880 lambertum,
1152 5825 1226 5867 anno
1243 5816 1311 5868 toto
