3870 6164
59 287 91 343 11
559 278 824 341 oecumenem.
843 311 878 324 -
896 281 985 342 1811
1003 281 1030 341 s.
1051 279 1223 340 ennoean
1365 284 1368 289 ·
1685 285 1720 340 ar
1816 251 1819 257 ’
1906 230 1916 247 ”

59 408 208 467 conventu
237 403 312 479 apud
338 403 470 472 11181818,
500 404 651 478 generalius
698 405 872 480 Colloquium
884 412 911 476 Α
924 409 1060 466 Romanae
1081 406 1210 466 Ecclesia
1231 405 1551 475 Cardinalisliiaconus3
1565 404 1631 462 item
1654 405 1722 463 alter
1822 464 1826 475 ,

60 500 96 561 ad
113 499 170 573 (78)
184 498 346 559 Porecbeim
363 497 575 571 transitaret,
589 499 625 558 ad
637 500 701 557 novi
717 500 801 575 Regis
814 501 867 558 ele·
921 500 1096 560 Bembardus
1111 503 1177 572 (88),
1192 500 1284 558 Abbas
1302 500 1495 574 religiosusde
1509 499 1648 568 Massilia,
1664 496 1722 556 fere
1760 522 1762 527 ·

62 594 184 653 ctionem
196 592 379 650 condiremnt
393 609 402 650 r
416 592 451 650 ad
471 593 546 667 quod
564 593 645 650 etiam
660 594 771 651 Domini
794 596 868 667 hpo·
923 603 1111 655 sexcentomm
1131 595 1332 652 monacbomm
1352 596 1441 666 Pater,
1463 595 1508 668 qui
1530 594 1614 651 etiam
1627 608 1721 649 seeum

62 687 153 746 stolici
169 686 314 745 mutilium
328 692 357 744 et
368 685 499 744 auxilium
513 687 564 744 sibi
577 687 686 756 venire,
700 687 782 745 missa
796 688 869 761 lega·
924 688 1003 747 duxit
1021 689 1158 762 egregium
1181 688 1332 745 Ductorem
1352 688 1508 761 quemdam,
1535 688 1645 745 nomine
1666 686 1721 757 (81)

64 781 153 848 118118,
165 781 378 855 postularemnt.
394 782 456 852 Quo
471 780 584 852 audito,
601 783 672 854 Papa
686 781 721 839 ad
736 781 763 839 id
780 781 868 840 collo·
923 781 1118 853 Christianum,
1129 782 1306 856 postmodum
1321 786 1466 838 aversana
1479 782 1594 838 civitatis
1607 781 1721 852 Episco-

65 876 166 951 quium
182 877 299 948 Legatos
321 873 438 940 direxit,
458 874 504 947 qui
519 875 659 948 Principes
679 885 825 948 rogarent,
838 885 870 933 ut
924 893 1002 950 pum.
1016 877 1099 950 Cujus
1112 892 1183 950 opus
1197 884 1270 933 811181
1283 875 1412 933 eximium
1426 882 1520 931 contra
1533 877 1721 932 Turoneusem
1779 910 1783 915 -

63 969 270 1043 dispositionem
287 968 375 1041 ltegui
395 969 522 1040 usquein
541 970 687 1026 adrentum
700 969 759 1042 ejus
777 969 871 1026 differ·
923 971 1129 1044 Berengarium.

63 1062 189 1132 rent,si
218 1061 271 1119 hoc
293 1061 352 1118 siue
376 1061 495 1135 periculo
526 1061 584 1118 freri
607 1077 687 1135 posse
717 1072 868 1136 sperarent.
960 1071 1004 1121 81.
1028 1067 1092 1123 Nou
1106 1065 1247 1139 indignum
1268 1065 1375 1122 videtur
1392 1065 1445 1122 hoc
1463 1065 1491 1122 in
1505 1065 1565 1122 loco
1588 1065 1722 1139 paulisper
1833 1134 1836 1139 ¹

61 1157 163 1217 Noluit
183 1171 249 1213 sane
270 1155 308 1213 eis
322 1155 376 1212 hoc
396 1171 429 1212 ex
449 1154 564 1212 definito
583 1156 745 1229 praecipere,
765 1173 799 1213 ne
819 1157 869 1214 sibi
924 1159 1057 1217 orationis
1076 1175 1187 1217 cursum
1207 1167 1356 1228 retentare,
1377 1167 1404 1216 et
1417 1174 1500 1231 quam
1521 1159 1628 1215 fidelem
1644 1165 1722 1231 ilpu-

58 1252 121 1327 jure
135 1250 266 1324 imputari
278 1258 381 1323 posset,
396 1249 418 1305 si
432 1248 507 1322 quod
521 1249 671 1321 periculum
685 1257 773 1307 status
782 1250 869 1324 Regni
922 1253 1026 1311 stolicae
1045 1252 1223 1310 institutionis
1245 1261 1406 1310 sectatorem
1426 1262 1455 1310 et
1468 1260 1673 1325 propagatorem
1694 1252 1722 1309 iu

63 1360 97 1403 81
117 1344 165 1401 illa
186 1343 316 1401 dilatione
332 1342 498 1401 incurrisset.
521 1342 615 1399 Altera
633 1351 725 1401 autem
745 1343 788 1400 die
808 1351 869 1417 post
923 1347 1030 1405 comite
1051 1346 1216 1420 blanegoldo
1232 1363 1288 1403 non
1311 1347 1395 1403 semel
1415 1355 1632 1403 commemorato
1648 1346 1721 1403 Gre-

61 1436 251 1497 dimissionem
266 1437 428 1510 legatomm,
443 1436 620 1509 blanegoldus
632 1438 743 1505 Comes,
753 1453 869 1513 maguus
923 1441 1016 1515 gorius
1030 1449 1123 1499 noster
1137 1440 1274 1510 habuerit,
1286 1440 1431 1497 declarare.
1449 1441 1501 1499 Hic
1520 1441 1593 1497 euim
1616 1456 1648 1497 er
1672 1455 1721 1512 ge-

60 1540 172 1589 amator
191 1530 327 1598 veritatis,
347 1529 470 1600 advenit3
485 1530 564 1603 cujus
587 1530 718 1587 relatione
739 1533 811 1603 Papa
833 1531 867 1588 de
921 1550 1017 1592 nerosa
1030 1543 1056 1591 et
1069 1534 1193 1607 religiosa
1208 1538 1264 1603 (82)
1278 1536 1310 1590 B.
1323 1533 1446 1591 Udalrici
1459 1534 1641 1608 Augustensis
1655 1533 1721 1605 Epi·

59 1641 134 1685 storo
152 1627 231 1698 Rege
243 1623 433 1681 constituendo
446 1623 545 1683 certior
558 1623 661 1693 factus,
684 1624 766 1681 alium
781 1628 867 1698 Lega-
920 1630 994 1701 scopi
1004 1628 1158 1703 genealogia
1174 1636 1344 1701 procreatus,
1356 1636 1384 1684 et
1397 1644 1411 1683 a
1428 1627 1625 1700 sapientissimo
1639 1626 1722 1683 fratre

59 1728 134 1789 bum,
158 1719 326 1792 Gregorium
344 1718 444 1776 scilicet
467 1722 603 1775 Romanor
621 1718 749 1778 Pselesiae
770 1719 867 1776 111888-
920 1739 981 1789 suo,
997 1722 1166 1779 lierimanno
1181 1722 1306 1779 videlicet
1319 1724 1477 1789 contracto,
1492 1722 1519 1777 iu
1535 1721 1609 1777 omni
1624 1719 1719 1777 obser·

58 1829 140 1880 num,
157 1812 193 1869 ad
208 1813 348 1884 Principes
368 1813 457 1886 Regni
476 1811 618 1869 destinavit
634 1833 641 1870 :
657 1802 781 1886 qui,e'os
794 1818 870 1886 Apo·
884 1784 908 1846 B
920 1816 1011 1874 vantia
1023 1816 1184 1874 Christianae
1196 1815 1337 1888 religionis
1358 1815 1393 1872 ad
1408 1829 1530 1888 unguem
1544 1814 1719 1881 informatus,

60 1906 161 1965 ttolien
188 1906 351 1963 auctoritate
370 1906 517 1964 adventum
537 1906 596 1977 eius
619 1907 772 1979 praestolari
792 1924 868 1964 com·
922 1911 999 1984 virgo
1018 1910 1149 1984 virginem
1169 1909 1281 1967 sortitus
1302 1918 1343 1966 est
1361 1924 1494 1979 uxorem,
1513 1907 1637 1981 duosque
1652 1906 1721 1963 filios

60 2000 200 2074 pelleret:
216 2015 251 2057 eo
264 2008 358 2057 18111811
371 1999 497 2073 primitus
511 2001 673 2072 explorato,
689 2001 712 2058 si
729 2004 806 2070 1181,
822 2004 871 2073 qui
921 2021 952 2063 ex
967 2020 998 2061 ea
1011 2012 1153 2078 generatos
1167 2005 1194 2060 111
1211 2010 1285 2060 111111
1300 2003 1437 2076 disciplina
1457 2001 1593 2076 usquead
1612 2001 1719 2075 juveni-

60 2093 153 2153 edhuc
166 2092 194 2149 in
212 2093 405 2165 Longohardia
419 2093 589 2164 morabatur,
607 2093 752 2151 abeodem
766 2095 867 2168 Legato
922 2099 974 2156 lem
990 2107 1100 2155 aetatem
1113 2098 1251 2166 educarit,
1261 2105 1293 2154 ut
1306 2098 1422 2154 altemm
1439 2113 1535 2154 eorum
1549 2096 1583 2153 ad
1602 2094 1720 2152 similem

60 2196 236 2256 censemus,
261 2186 435 2244 securitatem
457 2185 547 2244 facere
560 2187 672 2263 vellet,
701 2197 733 2245 ut
755 2188 867 2247 domiuo
920 2191 1128 2266 monogamiam
1153 2191 1302 2265 perducens
1324 2190 1454 2248 heredem
1474 2191 1516 2247 sui
1537 2189 1720 2261 relinqueret;
1791 2232 1794 2237 .

60 2286 144 2355 Papae
161 2281 308 2338 transitum
330 2279 365 2339 ad
389 2281 552 2338 Teutonicas
579 2291 686 2353 partes,
708 2298 757 2355 pro
783 2282 867 2356 ipsius
919 2287 1049 2355 alterum,
1063 2286 1091 2341 iu
1104 2286 1233 2344 coelibatu
1249 2285 1386 2353 occisum,
1402 2285 1460 2341 imo
1473 2284 1556 2356 ipsius
1574 2283 1719 2339 occisionis

62 2393 145 2435 musa
161 2374 377 2440 determinanda,
393 2374 564 2432 concederet.
580 2374 660 2445 Quod
674 2376 696 2432 si
709 2379 768 2432 liert
783 2377 868 2434 nollet
920 2380 978 2453 ejus
990 2378 1081 2452 (diem)
1103 2380 1186 2452 longo
1209 2379 1332 2435 locorum
1355 2378 1496 2434 intervallo
1518 2386 1654 2445 remotus,
1674 2392 1720 2448 per

62 2469 230 2536 mnoedere,
243 2468 374 2542 pracepit
385 2470 459 2542 Papa
482 2477 514 2525 ut
526 2470 647 2543 Legatos
657 2468 693 2526 ad
706 2485 735 2527 se
748 2470 864 2539 rediret,
919 2474 1046 2546 spiritum
1065 2470 1222 2530 mirabiliter
1243 2487 1405 2545 agnoscens,
1420 2472 1500 2529 fieret
1519 2479 1547 2528 ct
1567 2469 1714 2544 gauderetx

62 2581 112 2623 nee
138 2563 279 2636 Principes
299 2578 364 2619 cum
393 2561 481 2634 aliqua
504 2561 633 2620 dilatione
660 2579 676 2620 a
702 2564 866 2636 providenda
918 2567 991 2624 flevit
1012 2567 1088 2625 enim
1108 2575 1218 2639 propter
1234 2566 1411 2623 acerbitatem
1435 2565 1581 2639 inopinatae
1600 2564 1716 2629 mortis,

63 2658 151 2732 liegui
175 2657 336 2715 necessitate
359 2655 543 2729 suspenderet.
567 2659 637 2713 Item
651 2657 740 2714 eidem
762 2660 865 2731 Legato
919 2670 948 2719 et
965 2661 1073 2734 gavisus
1089 2669 1131 2717 est
1152 2668 1262 2733 propter
1282 2658 1477 2732 impunitatem
1498 2658 1718 2715 incontaminatae

64 2750 208 2825 paefatam
232 2750 394 2825 legationem
421 2750 564 2823 imponens
589 2754 675 2823 Papa,
702 2750 770 2807 dixit
796 2752 865 2809 inter
915 2754 1074 2828 juventutis.
1088 2756 1148 2810 Hoc
1166 2761 1259 2809 autem
1277 2754 1400 2809 maxime
1421 2752 1590 2809 castificabat
1605 2751 1718 2819 liberos,

65 2846 113 2902 alia
137 2866 146 2904 :
169 2860 200 2903 se
219 2845 296 2918 quasi
322 2858 372 2917 pro
394 2843 493 2900 iudicio
513 2843 671 2916 hujusmodi
692 2844 866 2903 securitatem
919 2847 995 2919 quod
1014 2862 1092 2903 verax
1116 2853 1191 2918 pater
1211 2845 1430 2902 comminabatur
1453 2845 1491 2903 eis
1513 2844 1719 2902 exhereditatio-

65 2939 199 3013 cxegisse,
214 2938 291 3012 cujus
302 2979 311 3006 ,
323 2937 450 3012 inquam,
466 2936 619 2994 securitatis
636 2935 764 2994 exhibitio
787 2938 864 2994 illum
918 2955 993 3010 nem,
1010 2940 1142 3013 siquam,
1158 2947 1257 3012 praeter
1267 2939 1414 3012 legitimam
1427 2938 1564 3012 copulam,
1580 2953 1644 2994 cum
1658 2953 1719 2993 mu·

65 3032 234 3105 iulieguum
256 3032 362 3088 restitui
383 3046 461 3104 posse
481 3030 637 3103 praemgiret
658 3052 665 3089 :
686 3030 775 3100 sicuti,
794 3031 864 3104 ejus·
919 3033 1030 3091 lienibus
1049 3040 1217 3106 perpetrasse
1239 3033 1429 3108 detegerentur
1457 3031 1716 3104 coinquinationem.

64 3124 125 3183 dem
148 3126 301 3183 securitatis
319 3125 472 3199 denegatio,
492 3123 545 3181 hoc
559 3138 623 3181 eum
641 3139 698 3183 non
716 3139 810 3198 posse,
832 3142 865 3183 ex
882 3127 966 3219 CVir
985 3127 1067 3201 igitur
1080 3126 1344 3196 christianissimus,
1359 3142 1422 3185 eum
1436 3129 1469 3183 B.
1485 3124 1650 3198 Gregorium
1667 3125 1720 3188 Pa-

64 3216 268 3279 divinoindicto
281 3218 434 3277 denotaret.
918 3237 982 3294 pam
1005 3220 1090 3277 nimio
1111 3219 1211 3277 affectu
1225 3227 1336 3293 propter
1355 3219 1564 3294 justificationes
1582 3217 1640 3290 ejus
1661 3216 1720 3274 dili·

97 3319 144 3371 88.
159 3315 235 3371 18181
248 3312 310 3370 bec
322 3312 406 3370 verba
423 3314 503 3384 Papa
518 3320 575 3371 tres
589 3311 663 3386 digiti
677 3313 736 3386 ejus
749 3312 863 3382 dextra,
919 3322 1003 3390 geret,
1018 3330 1136 3387 eumque
1150 3315 1249 3386 saepius
1263 3322 1373 3386 propter
1387 3313 1504 3370 alternas
1518 3327 1632 3369 morum
1646 3310 1721 3367 simi-

65 3422 152 3481 asque
178 3405 215 3463 ad
235 3407 377 3477 medium,
398 3414 509 3480 repente
533 3406 672 3479 sanguinei
702 3422 864 3479 appamere;
920 3408 1049 3466 litudines
1067 3407 1214 3474 inviseret3
1228 3406 1346 3479 quadam
1368 3407 1438 3474 vice,
1460 3405 1605 3462 intentam
1620 3406 1720 3473 Roma

65 3517 135 3574 quos
167 3501 299 3574 sanguiue
334 3515 365 3557 ex
392 3501 503 3558 naribus
534 3500 687 3573 profluente
715 3500 866 3557 maculatos
919 3501 1024 3576 positus
1037 3499 1223 3557 infirmitatem
1245 3499 1347 3568 inaditl,
1362 3505 1392 3556 ut
1405 3499 1451 3572 qui
1465 3506 1612 3572 praesentes
1630 3505 1718 3567 erant,
1761 3548 1764 3553 .

65 3594 231 3660 8181181888,
243 3594 384 3668 detergere
395 3595 478 3668 coepit
492 3615 499 3652 1
515 3594 563 3651 sed
577 3609 624 3650 eos
637 3594 867 3667 sanguineisnotis
920 3596 1003 3651 vitam
1014 3594 1071 3668 ejus
1083 3594 1267 3667 desperarent.
1282 3595 1408 3666 Cumque
1429 3593 1513 3650 tristis
1525 3592 1639 3649 nuntius
1659 3594 1718 3648 Do·

64 3689 219 3746 nullatenus
239 3689 391 3746 emaculare
424 3688 520 3761 potuit.
547 3687 617 3744 Hinc
645 3687 702 3761 ipse
725 3696 754 3745 et
772 3687 869 3762 reliqui
921 3690 995 3746 mino
1017 3692 1097 3760 Papae
1119 3687 1246 3755 venisset,
1269 3687 1347 3744 valde
1367 3685 1526 3756 condoleas,
1547 3684 1663 3743 festinus
1684 3685 1720 3742 ad

64 3782 217 3855 sapientes,
241 3783 288 3855 qui
309 3782 363 3839 hoo
393 3782 556 3839 miraculum
582 3790 796 3854 conspexerunt,
819 3783 867 3839 ali·
921 3783 1082 3850 eumveuit;
1104 3789 1133 3838 et
1147 3780 1294 3854 pauxillum
1306 3780 1422 3853 panisin
1443 3780 1578 3854 scyphum
1598 3777 1718 3836 confrin-

65 3876 128 3947 quid
143 3875 233 3949 magni
251 3891 300 3949 per
315 3876 375 3933 haec
393 3876 470 3949 signa
483 3874 609 3948 portendi
628 3892 684 3932 nou
698 3875 864 3933 dubitamnt.
921 3891 1002 3950 gens,
1016 3891 1147 3948 meroque
1166 3873 1349 3948 perfundens,
1364 3890 1438 3947 aegro
1462 3890 1512 3947 pro
1531 3870 1719 3931 benedictione

14 4008 18 4015 -
65 3972 152 4027 Erant
162 3969 297 4026 autemibi
311 3977 377 4026 tunc
388 3978 538 4042 praesentes
549 3970 867 4049 praeuominatusComes
920 3968 1053 4043 porrexit.
1069 3970 1105 4025 At
1119 3969 1173 4037 ille,
1198 3968 1322 4040 protinus
1342 3976 1372 4024 ut
1384 3968 1512 4041 gustarit,
1535 3968 1639 4040 recepit
1661 3982 1719 4024 non

64 4063 262 4137 ilauegoldus,
283 4071 311 4120 et
329 4062 488 4121 venerabilis
508 4064 652 4136 Presbyter
676 4063 866 4133 Erlrinbertus,
904 4064 1009 4119 ι18111111
1038 4062 1245 4119 delectationem
1264 4059 1445 4130 comedendi,
1465 4060 1513 4118 sed
1536 4068 1564 4117 et
1589 4060 1718 4117 virtutem

64 4172 125 4214 curn
139 4158 201 4214 aliis
211 4171 294 4230 quam
311 4156 434 4229 pluribus
447 4156 475 4213 iu
490 4156 590 4230 oppido
604 4156 711 4213 Canusii
728 4155 758 4212 iu
781 4156 868 4228 capito
921 4172 985 4213 eum
1005 4156 1189 4213 incolumitate
1211 4156 1245 4213 de
1263 4155 1334 4212 lecto
1353 4154 1491 4229 surgendi.
1514 4154 1577 4225 Qui,
1597 4169 1661 4211 cum
1684 4154 1718 4210 ad
1832 4200 1835 4205 .

63 4251 173 4324 ieiunii,
192 4249 268 4322 quod
289 4266 322 4307 eo
336 4265 409 4307 anno
422 4250 534 4324 contigit
553 4250 608 4322 (18)
631 4250 658 4305 111
681 4250 745 4325 Kal.
765 4249 866 4306 Martii.
921 4250 1029 4322 propria
1042 4258 1195 4319 remearet,
1209 4258 1236 4306 et
1247 4248 1402 4321 apostolica
1416 4256 1530 4316 statuta,
1543 4248 1663 4304 maxime
1684 4246 1719 4304 de

64 4345 196 4417 Percepta
211 4345 293 4416 igitur
307 4343 457 4418 legatione,
470 4344 562 4400 statim
580 4346 698 4417 legatus
714 4342 748 4399 ad
763 4344 866 4416 Regem
922 4342 1037 4400 vitandis
1059 4343 1165 4401 Officiis
1194 4342 1422 4399 incontinentium
1445 4343 1636 4410 sacerdotum,
1660 4356 1719 4397 non

63 4436 230 4511 properarit,
251 4452 316 4494 cum
331 4437 462 4511 praedicto
483 4437 590 4494 Comite
606 4456 613 4493 ε
629 4437 677 4493 sed
689 4440 748 4494 ltex
763 4436 865 4493 securi·
920 4437 1037 4511 segniter
1050 4437 1150 4510 ubique
1163 4437 1325 4509 divulgaret,
1346 4444 1373 4492 et
1387 4436 1414 4491 iu
1427 4435 1538 4492 clericis
1559 4442 1641 4506 atque
1663 4436 1718 4490 Ec·

63 4540 162 4598 tatem,
179 4545 266 4605 quarn
289 4533 361 4604 Papa
388 4529 558 4605 postulabat.
574 4529 665 4588 facere
680 4531 861 4611 contempsit:
877 4525 904 4588 l)
918 4530 1005 4587 clesiis
1035 4530 1071 4587 ad
1091 4547 1121 4588 se
1147 4530 1298 4602 specialiter
1328 4529 1524 4601 pertinentibus
1559 4526 1717 4599 hujusmodi

62 4624 235 4683 undeetille
248 4625 369 4698 Legatus
381 4624 417 4683 ad
432 4624 625 4696 apostolicum
638 4624 728 4681 redire
738 4640 796 4681 uon
812 4632 864 4681 tar-
917 4623 1135 4682 abominationes
1158 4625 1274 4681 minime
1304 4624 1448 4692 toleraret,
1473 4638 1543 4679 uxor
1573 4621 1716 4696 cuiusdam

63 4718 148 4776 davit.
161 4720 202 4775 st
215 4718 316 4776 Comes
333 4718 366 4775 ad
382 4721 539 4790 proximum
562 4718 787 4776 Forecheimeuse
804 4718 864 4774 Col·
918 4718 1070 4791 Presbyteri
1081 4718 1132 4774 sub
1144 4717 1201 4790 ejus
1217 4716 1318 4773 ditione
1333 4717 1422 4789 positi,
1443 4716 1595 4789 malignans
1606 4723 1717 4788 propter

62 4813 190 4886 loquium
214 4812 306 4868 venire
328 4812 499 4881 acceleravit;
519 4827 574 4884 quo
597 4820 625 4869 et
645 4811 749 4883 priores
771 4810 865 4885 Legati
919 4812 1123 4885 separationem*
1136 4810 1239 4878 mariti,
1261 4810 1314 4867 hoo
1334 4808 1511 4867 familiaribus
1530 4809 1718 4866 8111811υά1811-

63 4905 121 4981 jrm
139 4913 339 4979 pervenerant,
361 4907 407 4978 qui
422 4921 476 4963 uua
495 4913 603 4962 1111111111
626 4905 682 4974 die,
704 4905 865 4979 priusquam
922 4907 994 4963 tibus
1008 4921 1037 4962 se
1051 4904 1207 4963 minabatur
1221 4903 1392 4974 effecturam,
1405 4913 1437 4961 ut
1446 4905 1552 4978 qualem
1567 4902 1718 4960 molestiam

64 4999 197 5073 praefatus
223 4997 389 5071 (discederet)
413 5001 527 5068 Comes,
551 4999 585 5055 ab
611 4999 768 5071 apostolico
792 4999 868 5055 missi
923 4999 978 5072 ipsa
993 4999 1137 5055 sustineret
1156 4998 1184 5054 in
1204 4999 1372 5071 separatione
1383 4997 1505 5071 conjugis
1518 4996 1575 5065 sui,
1588 4997 1672 5053 talem
1691 5005 1719 5053 et

65 5092 234 5179 laetantui
248 5094 556 5167 autemerautLegati:
573 5092 869 5160 Bemhardus,sauctae
922 5095 1023 5153 Comes
1048 5092 1193 5150 sustineret
1224 5092 1252 5149 in
1289 5092 1469 5165 disjunctione
1497 5090 1619 5165 conjugis
1651 5105 1717 5147 suae.

106 5276 163 5343 (18)
188 5274 339 5339 samem,
358 5271 572 5330 munitissimum
598 5274 729 5347 oppidum
758 5271 870 5345 Episco-
960 5279 1016 5342 (81)
1030 5276 1091 5330 imo
1105 5271 1217 5328 numine
1232 5272 1430 5331 (intereundum
1444 5287 1492 5328 seu
1511 5270 1718 5334 (intimandum,

86 5346 94 5359 ’
131 5345 357 5420 bambergensis,
383 5344 457 5401 inter
491 5346 673 5418 Bambcrgam
703 5353 731 5402 et
759 5345 869 5402 Nurim-
923 5346 970 5418 qui
986 5347 1067 5413 etiam
1080 5343 1190 5411 Gallus,¹
1199 5352 1225 5401 et
1240 5343 1391 5400 monachus
1409 5341 1521 5399 Lofredi
1535 5343 1561 5398 111
1581 5344 1719 5399 Norman-

154 5434 194 5477 m·
922 5417 966 5472 nia
988 5414 1088 5473 fuerat.
1113 5416 1179 5471 E'us
1202 5431 1283 5487 opera
1306 5422 1411 5470 exstant
1432 5415 1459 5469 in
1480 5413 1647 5469 Bibliotheca
1669 5417 1719 5469 Pa·

103 5490 162 5561 (18)
176 5492 217 5571 ita
233 5486 317 5545 fuisse
327 5474 474 5546 confirma}
489 5489 600 5558 Pascha,
619 5488 682 5546 dein
699 5487 868 5546 celebratum
923 5496 1008 5544 trum.
1039 5432 1144 5544 Consul
1171 5487 1366 5544 bellarminum
1378 5486 1411 5543 de
1424 5485 1606 5558 Scriptoribus
1629 5484 1721 5541 Eccle-

69 5564 105 5617 18
116 5561 231 5644 Apulis,
245 5560 323 5634 cyclo
343 5563 431 5619 Luna
448 5566 492 5631 11,
514 5560 868 5626 8811881,11118181181111·
923 5559 1044 5618 siasticis.

66 5632 202 5691 81881111.
883 5640 888 5649 ·
962 5636 1017 5697 (81)
1039 5632 1068 5688 S.
1097 5631 1241 5687 Udolrr’cus
1260 5630 1357 5688 colitur
1384 5633 1401 5686 1
1433 5628 1508 5693 iulii,
1534 5626 1642 5700 quando
1661 5625 1723 5682 hae.

105 5704 164 5773 (88)
186 5704 231 5761 lle
249 5709 367 5778 utroque
386 5703 530 5763 1811181118
551 5719 633 5776 supra
652 5712 745 5762 actum
766 5718 827 5778 etp·
843 5710 871 5762 8.
926 5710 1055 5776 poterunt
1082 5702 1189 5759 discuti.
1222 5702 1333 5759 Interim
1363 5700 1529 5773 inspiciatur
1549 5696 1722 5769 genealogia,

67 5775 102 5832 111
126 5784 225 5833 nosue
250 5776 304 5834 111.
327 5774 426 5835 staur
463 5776 523 5835 Udo
549 5778 711 5834 dresdensis
730 5793 786 5839 8118
810 5778 875 5831 8111-
927 5789 1010 5846 quam
1028 5774 1062 5830 ad
1084 5773 1187 5830 calcem
1202 5772 1273 5830 vitae
1295 5773 1393 5848 adjecit
1415 5767 1551 5839 Velferus,
1566 5769 1592 5823 in
1605 5766 1725 5828 editione

68 5862 125 5903 Μ·
929 5849 1091 5921 ¹huguetaoa
1101 5845 1164 5901 anui
1180 5845 1259 5902 1581.
