3870 6164
39 5630 108 5784 ἱ

135 275 200 330 tati
636 266 683 320 ΑΙ)
701 264 816 321 utam
834 263 863 320 S.
882 262 1043 319 damuati
1060 263 1279 320 statuorum.
1358 338 1361 345 Ι
1743 264 1798 320 lili

134 397 219 470 Cujus
232 394 391 469 prudentia,
404 405 460 446 non
481 390 572 446 solum
592 389 719 463 initalia
739 397 781 445 set
794 390 879 445 etiam
902 389 929 443 iu
947 392 1096 454 Acratum
1111 398 1154 445 est
1172 404 1186 446 ι
1206 388 1338 462 Gregorio
1351 404 1433 461 papa,
1452 396 1485 444 ut
1503 386 1612 444 clerici
1631 385 1796 457 aliquem*

135 488 296 549 'teutonicis
317 484 458 558 partibus,
480 482 615 539 relrenata
636 491 679 540 est
699 483 873 538 sacerdotum
886 482 932 537 in·
986 497 1096 539 crorum
1109 483 1239 539 ordinum
1258 481 1373 553 gradum
1387 483 1428 539 sel
1442 480 1582 538 olflcium
1595 480 1697 552 precio
1712 479 1796 552 adepti.

38 582 39 587 ’
134 581 313 644 continentia.
329 579 437 636 Scilicet
450 577 524 650 quod
540 579 725 651 praedecessor
739 578 798 649 eJus
811 577 840 632 in
855 576 932 632 ltalia
986 576 1113 649 deinceps
1134 578 1163 632 in
1183 577 1289 633 ecelesia
1312 592 1369 632 non
1382 576 1569 640 ministrent,
1593 590 1656 630 non
1673 573 1794 631 aeclesiae

134 676 284 752 prohibuit,
300 672 353 729 boc
367 672 424 744 ipse
439 672 467 726 in
485 679 542 727 tota
564 670 697 727 catholica
712 671 820 728 aeclesia
836 669 933 742 prohi·
986 670 1076 742 preoio
1088 669 1258 741 adquisitam
1274 669 1370 743 aliquis
1380 671 1516 737 retineat,
1535 684 1593 725 nee
1607 666 1745 740 deinoeps
1759 671 1795 725 ab

134 771 199 828 bere
212 767 327 825 studuit.
343 768 412 822 Tota
432 764 582 837 Thuringia
603 772 631 821 et
644 765 762 821 saxonia
778 763 835 836 regi
850 762 934 819 Hein-
987 763 1031 819 cui
1048 763 1184 820 aeclesiam
1196 763 1315 820 rendere
1330 765 1369 819 rel
1383 778 1477 821 emere
1500 762 1602 818 liceat.
1621 760 1736 818 Deinde
1748 771 1796 820 uta

134 865 192 921 rico
211 860 354 929 rebellant,
371 867 484 932 propter
498 858 641 930 praedictas
656 858 826 914 munitiones
844 865 872 913 ιι
882 855 932 913 alia
987 858 1105 915 clericali
1116 857 1210 913 silicio
1228 866 1343 920 cessent.
1357 857 1539 932 quicumque
1563 872 1596 912 se
1617 872 1675 928 per
1693 856 1795 913 inmuti-

135 957 221 1015 multa
239 970 301 1026 quae
322 962 418 1010 contra
434 953 602 1008 voluntatem
626 951 748 1024 ejusdem
774 950 869 1023 populi
885 966 933 1006 rex
988 952 1108 1008 nendam
1123 950 1348 1023 reprehensibiles
1365 950 1512 1008 exhibent.
1530 953 1623 1018 Item,
1640 958 1674 1006 ut
1693 952 1795 1023 populas

136 1052 165 1108 in
178 1065 275 1106 eorum
290 1048 401 1120 regione
421 1045 487 1101 fecit
502 1045 663 1101 inconsulte.
679 1043 857 1117 Eggehardus
870 1052 932 1099 tan-
987 1045 1152 1102 clericorum
1169 1043 1262 1100 cilicia
1281 1044 1438 1101 nullatenus
1456 1043 1593 1116 recipiat,
1615 1060 1693 1118 quos
1707 1045 1794 1116 predi-

137 1144 201 1202 dem
215 1142 299 1199 abbas
320 1140 471 1212 augiensis
485 1138 614 1208 eflicitur,
637 1145 666 1194 ct
679 1152 695 1193 a
710 1137 841 1211 praedicto
864 1153 933 1209 papa
987 1149 1045 1196 ctas
1072 1139 1234 1210 apostolicas
1263 1138 1453 1195 institutiones
1484 1147 1685 1194 contemnere
1719 1142 1794 1211 perci·

136 1240 236 1295 Romae
249 1243 435 1292 consecratur.
988 1233 1045 1305 piat
1059 1237 1161 1298 (1900).
1175 1235 1236 1287 liex
1251 1231 1414 1289 wormatiae
1428 1230 1539 1302 pascha
1560 1231 1730 1299 eelebrarit,
1744 1244 1793 1304 poe

454 1327 615 1382 mxxxiv.
986 1335 1164 1398 pentecosten
1177 1326 1328 1383 exereitum
1351 1326 1380 1382 in
1404 1325 1565 1382 saxoniam
1589 1328 1753 1398 promovit,
1770 1329 1795 1384 ir

173 1423 320 1480 Heinricus
331 1437 378 1478 rex
393 1420 552 1477 absentibus
565 1419 608 1476 sui
623 1420 701 1492 regni
716 1417 887 1492 principibus
900 1433 933 1473 eo
989 1436 1043 1492 qua
1052 1419 1224 1491 expeditione
1237 1419 1444 1476 innumerabilis
1458 1418 1631 1475 multitudo
1646 1425 1665 1475 5
1678 1418 1743 1476 idm
1753 1423 1793 1477 ln

139 1525 219 1591 pacto
243 1517 403 1588 pacillcatur
424 1529 489 1570 cum
511 1512 683 1582 saxonibus,
710 1520 741 1568 ut
766 1510 935 1569 munitiones
988 1513 1115 1585 niijuxta
1129 1512 1235 1570 llumen
1252 1513 1524 1569 nomineUnstrout
1539 1513 1692 1585 utrimque
1705 1513 1795 1570 meida·

88 1638 91 1642 ’
138 1610 277 1683 praedictae
297 1610 513 1676 destruerentur,
529 1615 643 1678 propter
656 1621 724 1678 quas
750 1604 850 1662 seditio
874 1613 935 1661 orta
989 1615 1065 1674 mut,
1080 1615 1108 1663 ιι
1121 1607 1199 1662 multi
1218 1622 1251 1664 ex
1264 1605 1420 1662 saxonibus
1431 1607 1494 1678 regi
1511 1607 1549 1663 sd
1567 1605 1746 1664 deditionem
1758 1624 1794 1662 re-

139 1713 192 1772 est,
207 1720 270 1776 quae
279 1712 307 1760 et
319 1711 416 1775 postea
427 1709 492 1758 sunt
501 1700 658 1758 destructe.
673 1698 830 1756 Roudollus
844 1699 900 1755 dux
908 1706 937 1754 et
991 1709 1100 1758 nerunt.
1122 1699 1267 1757 Dctwinus
1286 1698 1469 1756 leodicensis
1493 1700 1657 1773 episcopus
1678 1699 1793 1767 decutit

138 1798 223 1855 ceteri
238 1797 449 1853 reconciliantur
464 1795 531 1869 regi.
545 1797 742 1865 Hoctempore
764 1792 845 1865 legati
860 1791 934 1849 sedis
952 1757 976 1820 Β
991 1795 1035 1851 cui
1063 1794 1210 1852 Heinrlcus
1233 1793 1372 1850 successit.
1403 1794 1492 1850 Anno
1523 1793 1696 1851 venerabilis
1724 1794 1792 1851 Colo

138 1892 295 1964 apostolicae
310 1892 338 1946 io
352 1889 545 1945 Alemanniam
559 1887 593 1945 ad
607 1903 702 1962 regem
720 1902 828 1956 ιιιιιιι,
843 1884 937 1957 pro⁸¹⁸
991 1887 1091 1944 niensis
1113 1887 1343 1960 archiepiscopus,
1366 1886 1446 1944 mirae
1468 1888 1650 1956 sanctitatis,
1674 1888 1795 1961 requiem

139 1986 225 2057 ipsius
237 1986 310 2057 regis
325 1983 448 2040 moribus
462 1982 641 2055 corrigendis.
655 1984 822 2054 inquorum
838 1995 938 2036 manus
992 1982 1019 2037 in
1033 1996 1100 2053 pacs
1122 1987 1139 2037 2
1160 1985 1253 2038 Nonas
1267 1980 1444 2049 Decembris;
1472 1981 1524 2037 cui
1545 1981 1698 2050 lliltolius,
1719 1983 1795 2054 impar

141 2093 171 2135 se
200 2095 247 2134 rex
265 2079 322 2150 ipse
344 2077 395 2134 sub
420 2076 597 2133 correctionis
620 2075 767 2148 sponsione
782 2073 937 2141 commisit,
991 2089 1089 2149 genere
1102 2082 1130 2132 ιι
1140 2075 1275 2143 moribus,
1290 2075 1430 2130 suecessit.

140 2185 276 2243 suumque
290 2169 419 2227 auxilium
428 2169 532 2226 domno
548 2169 701 2240 apostolico
714 2167 749 2223 ad
762 2165 939 2238 deponendos
1307 2169 1469 2225 mtxxvt.

142 2264 315 2336 symoniacos
338 2263 497 2317 firmissime
517 2261 652 2332 promisit.
678 2261 733 2332 ipsi
757 2260 841 2315 etiam
867 2260 939 2331 regis
1027 2266 1087 2319 Rex
1106 2263 1226 2320 natalem
1245 2262 1357 2319 Domini
1375 2261 1511 2319 Goslarie
1525 2262 1697 2330 celebravit,
1715 2262 1793 2334 ibique

143 2356 289 2412 consiliarii
309 2370 405 2410 omnes
423 2370 467 2409 res
487 2354 656 2409 aeclesiarum
677 2353 778 2425 injuste
792 2353 939 2424 acquisitas
993 2356 1130 2430 quosdam
1141 2357 1234 2429 Jurare
1248 2355 1393 2428 compulit,
1409 2363 1440 2411 ut
1452 2354 1552 2411 filium
1568 2356 1635 2429 ejus
1646 2365 1707 2429 post
1718 2358 1794 2427 ipsun

75 2478 80 2486 ·
140 2463 170 2506 se
183 2446 349 2515 reddituros,
365 2458 460 2503 coram
472 2446 578 2503 eisdem
592 2446 689 2519 legatis
700 2446 752 2502 sub
764 2455 938 2502 sacramento
993 2451 1126 2522 eligerent
1140 2449 1314 2522 adreguum.
1331 2450 1382 2504 llis
1395 2449 1585 2520 temporibus
1599 2465 1652 2506 rex
1669 2450 1794 2506 Hannon

113 2539 116 2545 ’
142 2541 310 2614 promisere;
332 2539 431 2613 quippe
454 2538 501 2612 qui
525 2538 638 2595 easdem
661 2554 706 2595 res
736 2539 940 2610 asymoniacis
993 2560 1042 2617 per
1055 2545 1246 2616 symoniacam
1260 2542 1376 2599 heresim
1390 2551 1525 2600 sanctam
1540 2542 1795 2600 aeoolesiamiedare

142 2640 279 2701 emerunt,
294 2633 407 2689 consilio
424 2648 474 2688 suo
494 2632 607 2689 eosdem
623 2632 752 2704 indiguos
766 2632 801 2689 ad
820 2632 938 2689 aeclesia·
992 2652 1048 2694 non
1066 2637 1190 2704 cessavit,
1210 2637 1315 2693 scilicet
1328 2651 1376 2709 pro
1397 2637 1497 2708 precio
1512 2637 1709 2710 episcopatus,
1724 2637 1795 2693 abba·

142 2728 245 2784 sucum
259 2726 393 2783 honorem
410 2724 577 2798 adjurando.
594 2726 646 2780 His
667 2726 702 2781 ita
722 2725 877 2798 dispositis,
899 2727 939 2782 le·
993 2731 1055 2801 tias,
1067 2738 1096 2786 et
1108 2731 1160 2787 alia
1175 2729 1334 2803 hujusmodi
1349 2729 1541 2798 investiendo,
1562 2739 1596 2787 et
1609 2732 1686 2788 inter
1693 2731 1742 2788 alia
1751 2731 1795 2787 eri·

141 2821 198 2893 gati
212 2819 285 2876 sedis
299 2820 457 2892 apostolicte
467 2819 610 2875 redierunt
621 2818 656 2858 ³¹⁸
669 2825 771 2886 (1990).
785 2822 939 2876 Hereman-
993 2824 1068 2881 mina
1090 2824 1173 2881 etiarn
1193 2824 1437 2880 excommunicatis
1460 2826 1721 2883 communicando.
1738 2826 1791 2882 Gin-

142 2928 196 2970 nus
218 2912 358 2977 marchio,
373 2912 446 2968 silius
459 2912 496 2964 ’ἰ
515 2913 635 2969 Bertaldi
656 2912 745 2979 ducis,
761 2913 880 2970 cluniaci
894 2930 940 2969 ao·
992 2917 1047 2974 tius
1062 2917 1096 2956 ³³¹
1109 2917 1220 2990 quidam
1231 2921 1372 2974 Romanus
1382 2917 1466 2987 ciris,
1480 2919 1662 2991 Gregorium
1676 2920 1798 2992 papamin

142 3008 258 3079 gelicam
283 3006 369 3062 sitam
399 3005 597 3078 perfectissime
619 3006 753 3079 arripiens
778 3005 821 3076 ³²⁷,
848 3005 940 3063 adhuc
992 3010 1146 3068 dienatalis
1160 3011 1271 3068 Domini
1285 3012 1435 3067 missarum
1451 3011 1602 3069 solemnia
1625 3013 1797 3070 celebrantem

142 3099 312 3166 adolescens,
325 3115 410 3156 uxore
420 3107 448 3155 et
459 3100 542 3156 unico
555 3099 613 3155 lilio
624 3107 652 3155 et
661 3099 789 3155 omnihus
804 3115 866 3172 quas
879 3117 940 3173 pos·
957 3123 980 3188 C
993 3102 1219 3178 comprehendit;
1233 3119 1315 3176 quem
1328 3105 1365 3160 ita
1379 3105 1634 3175 comprehensum
1650 3107 1759 3179 quidam
1771 3121 1800 3161 ex

143 3192 251 3250 sederat
268 3192 404 3248 derelictis
422 3191 470 3260 ³¹⁸,
492 3208 556 3249 sere
575 3193 739 3263 monachus,
761 3195 891 3267 migrarit
904 3194 939 3252 ad
994 3198 1127 3255 militibus
1138 3198 1261 3270 ejusdem
1274 3197 1354 3256 cintii
1367 3198 1499 3255 occidere
1509 3200 1799 3258 destinaritsetcum

142 3286 306 3355 Dominum,
321 3292 337 3340 7
354 3286 473 3343 Kalend.
487 3286 553 3342 lllaii
567 3292 671 3354 (taor).
993 3290 1112 3364 gladium
1127 3307 1209 3364 super
1222 3302 1305 3364 caput
1317 3292 1375 3365 ejus
1385 3292 1514 3362 libraret,
1534 3295 1728 3353 nimioterrore
1737 3309 1797 3349 cor-

468 3382 616 3438 MLXXV.
993 3393 1086 3459 reptus
1105 3385 1219 3455 corruit,
1233 3401 1284 3442 nec
1298 3387 1439 3459 inceptum
1455 3386 1557 3444 ictum
1585 3390 1692 3462 explere
1702 3388 1794 3460 potuit.

178 3474 325 3531 Heinricus
348 3489 396 3530 rex
425 3474 596 3532 nativitatem
621 3474 735 3530 Domini
763 3475 941 3548 argentoraci
995 3480 1204 3537 eintiusautem
1219 3496 1318 3553 papam
1332 3482 1362 3536 iu
1375 3481 1479 3536 turrim
1494 3496 1586 3539 suam
1601 3481 1797 3556 captnmdedu·

143 3566 220 3629 fecit.
239 3552 446 3640 Expeditionem
461 3568 490 3623 in
510 3568 659 3625 saxoniam
681 3569 829 3625 ordinavit.
852 3571 942 3625 Here·
995 3574 1044 3638 ixit,
1066 3589 1127 3646 quae
1146 3575 1266 3630 statima
1285 3574 1420 3631 Romanis
1434 3576 1558 3646 penitus
1583 3577 1755 3650 dilapidatur,
1773 3586 1796 3632 et

142 3675 261 3716 mannus
273 3661 500 3734 babinbergensis
515 3664 669 3734 episcopus,
685 3678 700 3718 a
714 3664 821 3719 clericis
835 3664 891 3719 suis
904 3661 942 3699 ³²⁹
996 3682 1066 3740 papa
1087 3666 1236 3740 prudenter
1257 3668 1381 3740 eripitur,
1403 3668 1452 3740 qui
1477 3675 1507 3725 et
1528 3685 1587 3727 suo
1607 3671 1711 3745 captori
1726 3673 1794 3726 rixa

146 3767 196 3824 pro
215 3753 363 3809 simoniaca
378 3752 469 3810 heresi
487 3764 645 3824 accusatus,
668 3772 683 3810 a
699 3772 768 3829 papa
782 3756 941 3828 deponitur,
997 3761 1130 3818 Romanis
1144 3762 1229 3817 vitam
1251 3761 1506 3834 impetrantem
1522 3773 1628 3822 autem
1650 3782 1698 3822 rex
1717 3765 1794 3837 sepiis

144 3845 189 3899 cui
199 3843 358 3901 hunbertus
368 3846 554 3902 substituitur.
568 3850 719 3920 Gregorius
733 3866 803 3921 papa
814 3850 841 3904 in
854 3851 942 3920 prima
995 3855 1053 3928 jam
1066 3853 1170 3910 dudum
1185 3871 1200 3910 a
1217 3870 1285 3927 papa
1301 3855 1485 3925 praemonitus
1499 3871 1533 3913 se
1557 3861 1699 3932 corrigere
1712 3858 1791 3922 uellet,

145 3934 297 4006 epdomada
324 3936 544 4009 quadragesimas
575 3940 704 3996 sinodum
735 3945 833 3997 nomas
859 3942 943 3998 colle·
996 3957 1023 4005 ιι
1044 3963 1112 4020 papa
1128 3949 1156 4004 in
1171 3947 1346 4004 admonendo
1364 3947 1400 4003 nil
1423 3948 1601 4020 proliceret,
1627 3953 1661 4010 ad
1683 3954 1787 4011 ultimum

144 4029 184 4102 git
197 4032 301 4098 (1998),
315 4028 345 4085 in
359 4044 411 4101 qua
425 4045 539 4086 causam
555 4031 675 4087 Heinrioi
685 4031 722 4066 ⁸⁸⁰
736 4034 872 4104 Spirensis
887 4036 945 4108 cpi·
997 4040 1138 4097 mandarit
1151 4041 1187 4108 ei,
1201 4040 1275 4112 quod
1289 4041 1317 4096 in
1336 4043 1464 4098 Romana
1479 4043 1593 4103 sinodo
1608 4055 1675 4103 tune
1686 4046 1784 4119 prorius

144 4121 230 4193 scopi,
253 4122 462 4188 sstsimouiaoi,
484 4125 662 4180 examinarit.
680 4126 732 4196 Qui
748 4125 806 4198 ipsa
820 4127 864 4183 dio
878 4143 943 4184 cum
996 4150 1060 4190 eum
1089 4135 1378 4191 excommunicaturus
1411 4144 1499 4205 esset,
1539 4139 1603 4196 nisi
1633 4141 1781 4214 mipene

144 4216 350 4273 examinaretur
362 4232 444 4272 causa
464 4216 523 4289 ejus
543 4221 655 4286 Romae,
679 4219 707 4276 id
727 4226 800 4277 esto
823 4222 942 4279 Kalend.
994 4229 1063 4298 Qum
1077 4228 1178 4299 legatio
1192 4227 1219 4282 in
1239 4228 1344 4284 octavis
1363 4229 1480 4284 Domini
1501 4230 1542 4287 ad
1558 4249 1661 4306 regem
1673 4230 1780 4306 perimit

143 4309 249 4375 blaseii,
269 4309 427 4367 infirmatus
442 4319 485 4367 est
496 4311 594 4384 Spirae,
612 4311 659 4369 scd
675 4312 806 4369 deinded
824 4315 940 4372 Kalend.
995 4321 1076 4377 Uude
1091 4337 1137 4376 rex
1154 4326 1246 4388 (1901)
1263 4322 1291 4376 in
1307 4323 1517 4393 septuagesima
1531 4324 1575 4366 ³⁸⁸
1589 4329 1665 4401 apud
1683 4329 1788 4383 iioxtoa

143 4403 234 4458 Martii
249 4403 442 4461 miserabiliter
455 4406 601 4476 expiravit,
617 4407 727 4477 quaudo
738 4417 791 4463 eta
806 4410 941 4489 Gregorio
997 4414 1064 4469 tiam
1084 4414 1221 4485 colloquio
1237 4412 1324 4484 laeto,
1340 4422 1369 4471 et
1382 4413 1438 4470 alio
1463 4416 1494 4472 in
1509 4420 1715 4491 Langobardia
1732 4417 1789 4491 apul

145 4510 213 4566 papa
226 4495 374 4553 dillinitam
388 4512 446 4555 suae
459 4497 649 4556 damnationis
667 4501 831 4556 sententiam
847 4503 874 4557 in
890 4508 943 4559 lto·
959 4484 1175 4573 nerianum,
1191 4524 1289 4564 omnes
1311 4523 1380 4580 quos
1404 4510 1498 4578 potuit
1522 4513 1717 4573 obedientiam
1735 4527 1790 4586 pra

144 4601 228 4644 mana
247 4589 346 4646 sinodo
371 4593 476 4662 excepit
490 4597 592 4659 (1299).
608 4596 639 4649 ln
653 4592 751 4650 eadem
773 4595 871 4651 sinodo
893 4597 941 4654 do·
994 4600 1071 4656 dicto
1084 4616 1161 4673 papas
1176 4601 1358 4657 exhibendam
1371 4601 1502 4674 abjurare
1518 4605 1610 4679 iecit,
1633 4618 1662 4667 et
1675 4610 1752 4668 missa
1762 4608 1793 4662 le·

792 4727 914 4785 VARIAE
932 4730 1143 4788 Lectiones.

180 4839 216 4876 ³²⁸
228 4857 253 4913 p.
268 4842 284 4895 i.
296 4854 317 4896 r.
330 4858 367 4898 m.
380 4858 402 4896 c.
416 4847 445 4897 irs
460 4846 513 4899 loco
527 4861 592 4900 roso
604 4848 695 4903 eadem
708 4853 797 4904 temen
809 4868 899 4908 manu
913 4859 948 4917 1,,
959 4858 984 4910 et
994 4857 1093 4911 adsum
1105 4859 1134 4911 irs
1147 4859 1270 4928 reliquis.
1285 4857 1321 4894 ⁸²⁸
1332 4857 1394 4912 binc
1406 4859 1473 4915 inde
1484 4861 1575 4919 atiud
1589 4871 1765 4922 mammem
1778 4868 1795 4916 l·

148 4909 181 4945 ⁸²⁷
194 4912 212 4966 l.
230 4913 256 4966 b.
271 4909 300 4965 d.
319 4918 344 4967 et
360 4929 383 4967 a.
403 4930 429 4967 v.
450 4930 475 4984 p.
488 4931 511 4969 a.
534 4919 563 4971 iu
581 4918 635 4973 luco
663 4935 725 4975 ruso
741 4926 766 4976 1.
782 4923 829 4977 sed
840 4927 942 4989 ecdem,
955 4942 1038 4981 mauu
1055 4934 1080 4982 et
1093 4929 1193 4984 adsunt
1205 4932 1234 4983 io
1253 4930 1374 4999 reliquis.
1393 4928 1430 4965 ⁸¹⁸
1453 4931 1481 4986 is
1497 4935 1532 4988 in
1552 4937 1613 4992 loeo
1623 4954 1685 4993 rasa
1701 4944 1724 4994 1.
1735 4936 1796 4988 '’tt-

147 4981 180 5037 cl.
200 4997 221 5038 s.
240 4984 381 5038 desueta.
401 4983 436 5018 ⁸⁸⁰
452 4986 523 5041 deest
545 4992 570 5043 3.
587 4988 620 5024 ³⁸¹
638 4990 963 5052 elutius-celebrantem
981 5001 1010 5052 iu
1030 5000 1084 5054 loco
1102 5002 1346 5065 amandandos
1367 5017 1453 5056 mauu
1470 5008 1500 5059 1.
1520 5005 1564 5042 Μ’
1590 5011 1723 5067 Lxxma
1735 5024 1766 5080 cp
1779 5014 1797 5060 l·

911 5122 1032 5178 NOTAE.

179 5236 272 5299 (1²96)
289 5233 415 5306 Gregorii
432 5234 492 5298 Vll,
508 5237 611 5306 Regist.
632 5241 655 5306 l,
672 5245 723 5323 80)
736 5243 774 5309 11,
790 5247 834 5298 30.
998 5248 1198 5305 denotationem
1217 5250 1351 5320 sperem
1366 5252 1439 5322 episc
1479 5255 1491 5306 ι’
1509 5259 1542 5309 et
1556 5264 1678 5316 martem
1691 5260 1746 5331 ejus
1757 5262 1798 5312 ss

181 5308 272 5370 (1297)
282 5311 309 5358 0.
323 5305 385 5386 Kal.
397 5307 434 5360 Μ.
452 5307 563 5362 Necrol.
580 5309 721 5366 bernoldi.
998 5320 1070 5374 diuae
1083 5322 1242 5384 corasideres,
1258 5329 1309 5376 etc.
1329 5267 1557 5394 ueriquaoflabes
1570 5346 1659 5403 supra
1676 5333 1796 5403 nujusc-

181 5377 271 5438 (1990)
289 5376 377 5430 blansi
391 5379 462 5443 XX,
477 5392 506 5448 p.
520 5383 585 5434 449.
998 5389 1170 5447 luminiscol.
1187 5397 1266 5448 1170.

181 5443 328 5514 (1299)(11.
346 5447 440 5502 eadem
456 5447 512 5503 lere
529 5450 611 5506 verba
626 5450 656 5506 in
675 5453 791 5525 epistola
812 5455 847 5511 ds
860 5456 940 5515 dam·
1033 5461 1127 5602 imo)
1143 5466 1260 5589 apolog.
1276 5462 1379 5520 decret.
1394 5463 1494 5537 areg..
1507 5469 1572 5526 ool.
1589 5475 1676 5529 1101.

144 5513 256 5568 natione
276 5516 513 5575 schismaticorum
534 5537 578 5591 ap.
596 5523 764 5581 Ussermann
785 5526 881 5583 Prodr.
903 5532 940 5598 ll,
1044 5536 1123 5657 1901)

145 5598 173 5652 p.
190 5589 243 5638 268
255 5593 283 5640 et
296 5592 450 5659 apologiam
465 5606 515 5661 pro
532 5593 678 5650 Gebhardo
691 5599 786 5653 coust.
802 5613 846 5668 ep.
862 5599 940 5665 ibid,
996 5618 1060 5658 rum
1075 5621 1127 5659 cu.
1148 5609 1228 5668 1169,
1245 5605 1290 5662 ubi
1312 5622 1338 5661 e.
1359 5623 1384 5677 g.
1399 5605 1461 5662 haec
1479 5609 1648 5683 leguntur:
1671 5621 1749 5673 Amo
1761 5612 1796 5680 fr>

111 5728 116 5735 .
147 5669 173 5723 p.
191 5660 335 5740 ³⁷⁹13.⁸²²
356 5661 943 5741 (11ιοοιιοάαηιιιιιιιιιίιιιιιιιηιίιιιηιιιή
996 5675 1194 5730 turdomiaicea
1211 5680 1404 5734 incarnationis
1414 5684 1499 5747 1076,
1515 5683 1661 5755 decocto
1680 5688 1792 5758 Vlipspt

147 5726 287 5807 apostoleco
296 5733 321 5782 et
334 5730 421 5810 ipsius
430 5735 566 5816 principis
580 5739 762 5806 apostolorum
775 5756 856 5810 super
867 5743 941 5797 Aou-
995 5748 1025 5800 io
1043 5749 1188 5829 apostolico
1202 5750 1265 5805 seda
1277 5752 1431 5820 constituto,
1444 5751 1574 5826 Reliqua
1589 5756 1657 5813 vim
1670 5759 1750 5831 bujo!
1758 5766 1792 5807 t*

144 5808 220 5849 asom
232 5802 257 5851 et
269 5800 413 5868 Sephoram
425 5817 488 5870 poss
506 5808 625 5874 efficacia
641 5810 807 5877 policratico
822 5813 939 5883 dubites,
996 5816 1111 5874 luminis
1130 5819 1183 5874 eol.
1200 5825 1281 5876 1109.

1207 5535 1351 5607 epistolam
1370 5535 1405 5590 de
1421 5535 1618 5597 damnatione
1631 5542 1797 5600 mussantes
