3870 6164
119 226 185 320 'ros
489 256 517 316 s.
537 255 855 315 ehuuouuvuose.
877 250 1025 317 ernstii.
1045 224 1426 343 -couciuunouuus,
1733 256 1780 310 rso

132 383 312 446 morsmiore
328 381 495 452 intellexisti,
506 381 625 454 ideoque
636 388 663 438 et
674 381 704 438 in
715 382 805 455 ipsam
823 384 928 457 regiam
942 389 969 453 Α
983 401 1040 441 non
1062 382 1176 456 excepit.
1199 385 1241 439 Tu
1253 396 1318 455 ergo
1339 381 1394 437 hoc
1406 379 1597 449 anathemate,
1611 386 1643 435 et
1662 378 1782 435 omnium

133 487 307 553 potestatem,
322 477 429 535 uobisa
443 479 502 534 Deo
524 490 695 545 concessam,
713 491 860 550 exsurgere
874 493 931 535 non
985 477 1180 550 episcopomm
1193 483 1353 533 nostrorum
1363 475 1480 548 judicio,
1500 482 1528 532 et
1555 481 1655 530 nostro
1671 470 1781 529 damna-

133 572 255 644 timuisti,
278 588 361 646 quam
378 579 407 628 te
431 571 510 628 uobis
531 569 639 627 aulerre
661 586 743 627 ausus
768 587 797 628 es
812 571 930 642 minari,
983 579 1037 642 tus,
1059 571 1210 639 decenae,
1232 569 1399 626 vindicatam
1421 569 1516 626 sedem
1535 567 1723 641 apostolicam
1742 582 1780 624 re·

133 660 209 741 quasi
222 682 296 724 uosa
316 674 344 723 te
366 682 483 740 reguum
498 665 701 737 acceperimus;
717 666 796 738 quasi
818 666 848 721 in
872 673 929 735 tua,
983 664 1092 739 linque3
1123 665 1193 720 alius
1218 664 1246 720 iu
1269 662 1363 721 sedem
1382 663 1453 719 beati
1476 661 1546 719 Petri
1571 659 1718 728 ascendat,
1741 661 1779 733 qul

134 769 161 820 et
182 777 239 819 non
264 761 292 818 in
318 760 371 817 Dei
399 775 491 830 mauu,
513 759 550 815 sit
567 774 685 832 regnum
707 758 748 816 vel
772 759 929 832 imperium,
983 759 1058 817 nulla
1071 758 1227 817 violentiam
1240 758 1371 830 religione
1382 756 1484 828 palliet,
1496 755 1545 813 sed
1554 758 1588 813 Β.
1603 755 1680 812 Petri
1694 770 1778 811 sanam

134 855 181 930 qui
203 855 340 914 Dominus
352 862 447 911 noster
472 855 553 909 lesus
566 868 617 909 nos
634 852 668 910 ad
682 868 812 926 reguum,
839 861 868 910 te
882 871 931 910 au·
983 853 1137 911 doctrinam
1163 851 1272 909 doceat.
1299 854 1357 924 Ego
1373 850 1515 907 Heinricus
1546 850 1600 905 Dei
1621 848 1777 921 gratiarum

134 959 192 1007 tem
214 965 271 1006 nou
298 948 406 1006 vcoavh
435 946 469 1003 ad
492 945 686 1004 sacerdotium.
713 949 756 1002 Tu
789 947 863 1004 euim
887 946 931 1005 his
984 946 1114 1005 omnibus
1134 945 1271 1018 episcopis
1285 945 1387 1002 nostris
1402 943 1453 1000 tibi
1467 943 1586 1001 dicimus
1607 940 1775 1012 :Descende

133 1043 262 1116 gradibus
289 1040 445 1108 ascendisti,
466 1039 570 1097 seilicet
594 1041 704 1110 astutis,
732 1039 808 1114 quod
834 1056 931 1101 mona·
983 1039 1131 1099 descende.

134 1136 210 1194 chica
238 1134 370 1210 professio
397 1133 581 1203 abominatur,
620 1135 768 1208 pecuniam
803 1135 930 1208 pecunia,
1019 1137 1088 1207 Qus
1100 1134 1199 1192 litterae
1210 1132 1317 1203 (subdit
1335 1132 1474 1191 annalista
1488 1132 1561 1189 Saxo
1580 1128 1711 1201 Eceardri
1722 1146 1777 1188 cunr

134 1229 259 1289 lavorem
280 1229 384 1297 lavore,
405 1228 510 1286 iemum
529 1227 618 1299 lerr03
658 1227 753 1287 sedem
780 1230 855 1301 pacis
885 1229 932 1288 ad·
983 1227 1089 1286 domno
1102 1243 1182 1302 papas
1196 1227 1224 1284 in
1237 1212 1347 1284 basilic'a
1368 1226 1550 1283 Lateranensi
1563 1224 1777 1299 sanctaespnodo

135 1325 190 1394 isti,
210 1332 238 1381 et
259 1323 295 1380 ds
315 1322 380 1380 sede
389 1323 466 1396 pacis
487 1337 584 1396 paoem
602 1322 729 1394 turbasti,
745 1321 814 1380 dum
837 1323 931 1381 subdi·
983 1322 1144 1395 presidenti
1166 1321 1282 1379 luissent
1296 1320 1397 1389 allatae,
1412 1328 1550 1377 etcornm
1563 1317 1674 1394 syuodo
1688 1320 1774 1391 palam

134 1427 178 1475 tos
191 1417 220 1474 in
240 1417 368 1490 praelatos
390 1416 514 1486 armasti,
535 1415 603 1474 dum
625 1416 768 1490 episcopos
789 1425 931 1476 nostross
983 1417 1112 1486 recitate,
1132 1423 1209 1472 tauta
1221 1415 1252 1471 lit
1265 1415 1295 1471 in
1307 1414 1429 1471 Ecclesia
1443 1414 1609 1484 commotio,
1631 1421 1664 1469 ut
1678 1411 1773 1485 legatus

135 1514 195 1568 Dec
208 1519 331 1580 rocetos,
347 1518 378 1569 tu
393 1526 452 1568 non
474 1518 598 1579 vocatus,
618 1510 787 1583 spernendos
800 1510 930 1580 docuisti,
983 1508 1125 1585 (henrici)
1148 1509 1202 1566 uisi
1227 1509 1303 1566 iuter
1327 1507 1470 1580 apostolici
1492 1506 1577 1580 pedes
1598 1504 1776 1564 defensionen

134 1603 203 1663 dum
223 1604 301 1662 laicis
324 1604 510 1662 ministerium
539 1619 635 1662 eorum
659 1620 744 1678 super
773 1603 931 1664 sacerdotes
983 1603 1141 1673 invenisset,
1156 1601 1336 1661 membratim
1351 1600 1468 1658 laniatus
1480 1600 1644 1657 interiisset
1659 1597 1776 1674 Sequenti

135 1698 283 1772 usurpasti,
301 1705 333 1756 ut
356 1698 408 1771 ipsi
425 1697 567 1770 deponant
589 1696 631 1755 rel
653 1705 848 1769 contemnant,
861 1714 931 1772 quos
983 1697 1029 1756 die
1055 1697 1185 1755 domiuus
1210 1711 1281 1768 papa
1308 1711 1403 1753 coram
1427 1692 1533 1768 syuodo
1559 1693 1775 1765 declaravitque

135 1792 311 1865 ipsismauu
325 1792 378 1848 Dei
394 1807 443 1865 per
456 1792 660 1865 impositionem
677 1808 811 1850 manuum
829 1794 932 1866 episco-
986 1790 1197 1849 mansuetudine
1214 1805 1308 1862 regem
1327 1789 1361 1845 de
1375 1789 1483 1862 maguis
1506 1787 1675 1844 criminibus
1696 1785 1771 1844 corri-

136 1886 238 1959 palium
255 1885 384 1944 descendi
406 1895 577 1960 acceperant.
592 1889 639 1944 llle
660 1902 787 1961 quoque,
809 1887 856 1959 qui
869 1887 933 1945 licet
948 1882 972 1948 B
986 1888 1105 1961 puisset;
1125 1895 1210 1958 utque
1237 1887 1381 1958 episcopos
1403 1901 1418 1941 a
1452 1884 1611 1957 captivitate
1648 1882 1768 1951 liberaret,

135 1979 266 2054 indiguus
297 1980 367 2036 inter
387 1979 511 2038 Christos
534 1978 571 2037 ad
596 1995 713 2053 reguum
732 1997 795 2038 sum
820 1990 931 2053 unctus,
985 1990 1089 2056 quanta
1102 1981 1238 2038 suavitate
1249 1987 1374 2053 rogasset
1388 1988 1416 2036 et
1429 1978 1570 2052 jussisset,
1585 1984 1766 2050 quamtamque

135 2073 259 2147 tetigisti,
274 2089 355 2147 quem
373 2081 533 2131 sauctorum
545 2075 659 2131 Petrum
673 2074 784 2132 traditio
803 2075 854 2132 soli
872 2077 932 2133 Deo
985 2075 1119 2149 superbiae
1133 2073 1351 2131 amaritudinem
1377 2073 1536 2143 recepisset.
1551 2069 1669 2141 Deinde,
1682 2069 1765 2127 emeth

131 2165 310 2240 jndicaudum
324 2166 571 2240 deponendumque
584 2166 762 2226 commiserit.
786 2171 848 2241 lpse
861 2184 931 2242 quo·
985 2167 1219 2235 acclamantibus,
1256 2182 1292 2223 ne
1328 2165 1393 2223 talis
1425 2164 1594 2223 contumelia
1635 2170 1763 2221 mmanutt

136 2262 932 2336 queveruspapnB.Petrusolamstrlleumtimete,rcpeut
985 2262 1085 2330 inulta,
1105 2262 1231 2318 omnium
1243 2260 1357 2318 consilio
1376 2267 1404 2316 et
1423 2275 1559 2316 consensu
1579 2259 1720 2315 Heuricum
1730 2271 1761 2330 q·

136 2357 306 2427 bomriticote
319 2357 345 2420 (1
353 2357 426 2413 Pete.
450 2354 494 2426 ιι).
508 2357 550 2411 Tu
572 2362 676 2424 autem,
691 2354 758 2427 quia
772 2358 863 2411 Deum
876 2370 933 2414 nun
988 2355 1083 2414 nodali
1091 2354 1199 2429 judicio
1212 2354 1366 2424 damnavit,
1383 2355 1510 2426 regisque
1521 2353 1636 2410 nomine
1647 2352 1759 2410 ethonore

136 2448 229 2517 times,
251 2463 296 2504 me
309 2448 490 2506 constitutum
516 2447 575 2520 ejus
602 2447 763 2505 inhonoras.
790 2447 873 2505 Unde
899 2451 933 2507 B.
988 2451 1118 2524 privavit,
1143 2459 1227 2521 atque
1253 2447 1439 2506 anathematis
1464 2447 1556 2520 gladio
1584 2446 1714 2519 percussit
1733 2445 1756 2499 ll.

137 2542 238 2599 Paulus
256 2540 303 2598 ubi
326 2541 421 2616 angelo
443 2542 477 2599 de
502 2543 584 2612 coelo,
609 2542 633 2598 si
654 2541 707 2598 alia
734 2541 935 2615 predicaverit,
989 2548 1078 2612 Petre,
1095 2543 1286 2615 apostolorum
1297 2542 1437 2615 princeps,
1452 2549 1505 2598 eto.
1529 2540 1757 2611 Videinlerept'tlt

137 2651 194 2692 uon
216 2637 345 2709 pepercit,
375 2644 403 2693 te
430 2651 539 2709 quoque
563 2635 593 2693 in
618 2636 699 2693 terris
722 2634 935 2694 aliadooentem
990 2639 1042 2706 las,
1058 2654 1153 2711 snpra.

563 2859 894 2952 CONCILIUM
931 2862 1234 2953 ROMANUM
1276 2863 1363 2974 IV,

151 3021 193 3089 ‚lo
208 3019 774 3100 maestissimusmestissumus
791 3022 1032 3096 Mediolanenses,
1053 3024 1166 3102 aliique
1184 3025 1289 3107 plores
1311 3027 1438 3105 episcopi
1454 3022 1741 3087 excommunicentur,

796 3119 876 3163 onoc
890 3103 1012 3164 Domini
1025 3104 1115 3165 1078.

760 3217 1006 3288 (senescemus,
1018 3219 1086 3288 XX,
1094 3217 1169 3290 608.)

174 3453 246 3519 (itt)
269 3451 351 3509 Auno
372 3450 408 3508 ab
427 3451 622 3509 incarnatione
651 3452 766 3509 Domini
789 3451 933 3509 millesimo
951 3456 973 3520 c
990 3449 1173 3508 sacerdotium
1199 3450 1317 3507 schisma
1352 3447 1439 3506 lacere
1473 3464 1530 3505 non
1566 3446 1718 3517 abhorruit,
1739 3445 1761 3495 ll

135 3544 335 3618 septuagesimo
350 3553 459 3615 octavo,
473 3547 650 3618 pontificatus
665 3563 729 3604 vero
742 3546 852 3602 domini
867 3546 935 3604 Gre-
989 3544 1092 3602 amodo
1106 3553 1134 3601 et
1145 3560 1233 3618 usque
1247 3545 1274 3600 iu
1288 3543 1421 3600 saeculum
1432 3543 1582 3615 episcopali
1598 3550 1687 3599 careat
1696 3533 1761 3611 dipl·

139 3637 209 3709 gorii
233 3652 312 3708 papan
333 3638 382 3694 Vll
401 3654 473 3695 anno
496 3644 524 3707 5,
547 3638 694 3696 celebravit
724 3639 781 3711 ipse
804 3638 935 3697 domiuus
989 3647 1056 3704 tate,
1086 3638 1237 3710 apostolica
1265 3652 1380 3695 censura
1406 3651 1561 3703 censemus,
1588 3644 1617 3692 et
1648 3643 1678 3691 ut
1694 3630 1762 3688 nultos

139 3729 289 3801 Gregorius
312 3745 383 3802 papa
407 3731 555 3804 synodum,
584 3731 632 3787 ubi
667 3731 817 3790 interfuere
843 3732 935 3790 archi·
989 3747 1180 3790 successorum
1205 3739 1367 3788 nostrorum
1391 3745 1449 3787 suae
1472 3729 1672 3786 consecrationi
1694 3725 1763 3796 aliqui

139 3822 258 3895 episcopi
270 3830 298 3880 et
311 3822 433 3895 episcopi
445 3823 615 3881 diversarum
627 3823 804 3882 urbiumlere
818 3841 934 3883 numero
991 3825 1075 3883 modo
1097 3826 1260 3894 consentiat,
1285 3823 1377 3880 modis
1401 3823 1530 3879 omnibus
1556 3818 1764 3895 prohibemusli

138 3922 262 3985 centurn,
287 3930 409 3974 necnon
423 3925 452 3975 et
476 3915 609 3974 abbatum
623 3933 655 3974 ac
673 3918 845 3975 diversorum
859 3919 935 3976 ordi·
990 3932 1123 3996 perpetuo
1160 3935 1224 3977 eum
1250 3918 1428 3976 anathemate
1456 3918 1613 3992 alligamus,
1642 3918 1693 3975 uisi
1713 3909 1765 3972 resi·

139 4024 208 4065 uum
222 4008 387 4066 clericorum
410 4019 440 4068 ct
453 4009 587 4067 laicorum
610 4010 820 4068 innumerabilis
841 4011 936 4069 multi·
990 4016 1090 4088 puerit,
1103 4024 1131 4072 et
1143 4014 1223 4089 digne
1234 4018 1295 4071 Deo
1310 4013 1485 4071 satisfecerit.
1499 4015 1647 4087 Hugouem
1659 4008 1764 4068 cardina·

139 4102 217 4160 tudo.
241 4105 275 4160 ln
297 4117 351 4176 qua
382 4104 537 4176 apostolica
571 4104 721 4162 constituta
741 4106 934 4179 corroborans,
990 4110 1046 4166 lem
1068 4109 1143 4166 tituli
1164 4109 1260 4167 Sancti
1287 4109 1446 4174 Clementis,
1469 4109 1552 4164 tertio
1580 4107 1615 4163 ab
1641 4099 1766 4178 spostolitl

139 4197 227 4253 multa
237 4212 299 4270 quae
312 4197 474 4272 corrigenda
489 4207 569 4255 erant
582 4197 711 4268 correxit,
722 4207 750 4255 ct
761 4215 824 4274 quae
837 4214 936 4258 oorro-
990 4204 1054 4261 sede
1066 4203 1243 4272 damnatum,
1263 4218 1295 4259 eo
1309 4200 1383 4274 quod
1401 4201 1538 4273 aspirator
1551 4208 1579 4257 et
1590 4200 1681 4257 socius
1698 4196 1767 4253 lacus

139 4289 262 4349 boranda
289 4292 421 4348 llrmavit.
451 4294 528 4349 lnter
559 4300 659 4349 caetera
686 4307 807 4365 namque
832 4292 861 4350 in
882 4293 936 4352 line
989 4297 1102 4354 haeresis
1124 4296 1237 4353 cadaloi
1266 4296 1424 4353 Parmensis
1457 4295 1590 4368 episcopi,
1627 4304 1655 4352 et
1687 4295 1768 4350 iterun

138 4383 279 4459 synodalis
297 4385 481 4444 absolutionis
504 4385 564 4444 haic
578 4386 722 4454 annexuit,
747 4393 775 4442 et
797 4397 936 4460 perpetum
990 4390 1155 4446 constitutus
1184 4390 1289 4463 legatus
1309 4389 1467 4461 apostolicas
1492 4388 1576 4457 sedis,
1598 4387 1730 4445 haereticis
1749 4381 1769 4435 tl

138 4480 283 4538 memorie
308 4496 357 4554 pro
387 4480 506 4554 posteris
542 4477 688 4537 scribenda
715 4479 868 4552 mandavit,
897 4480 936 4539 ita
989 4483 1165 4553 simoniacis,
1177 4491 1205 4540 et
1217 4483 1251 4540 ab
1266 4482 1414 4555 apostolica
1437 4482 1504 4539 sede
1518 4482 1702 4540 damnatisse
1718 4489 1769 4537 rel·

138 4571 255 4631 dicendo
277 4574 452 4633 :Tebaldum
466 4573 681 4644 (Theobaldum)
698 4574 805 4631 dictum
825 4573 935 4631 archio—
986 4575 1089 4648 junxit,
1117 4586 1145 4634 et
1167 4576 1248 4633 tertio
1273 4575 1363 4633 iactus
1393 4584 1519 4649 apostata
1542 4584 1571 4632 et
1593 4573 1770 4633 haeoeuarcta

140 4667 283 4739 piscopum
301 4668 548 4739 Mediolanensem,
562 4677 590 4725 ct
612 4671 801 4726 Ravennatem
823 4667 936 4727 Gilber-
989 4668 1139 4727 schismata
1160 4679 1188 4727 et
1205 4669 1352 4728 divisiones
1373 4677 1457 4743 atque
1473 4669 1606 4726 scissuras
1621 4670 1648 4725 in
1667 4660 1770 4727 Ecclesia

139 4769 210 4828 tum,
228 4759 352 4818 inaudita
375 4762 472 4818 haeresi
496 4771 524 4819 et
550 4762 680 4835 superbia
702 4762 832 4820 adversus
864 4760 936 4820 hanc
989 4765 1043 4820 Dei
1055 4772 1165 4822 tentans
1176 4780 1239 4821 eam
1251 4762 1378 4822 scindere
1392 4762 1467 4832 lecit,
1481 4762 1516 4820 ab
1531 4765 1610 4819 omui
1625 4748 1770 4819 scerdool

138 4860 262 4911 sanctam
288 4853 454 4925 catholicam
474 4855 626 4912 Ecclesiam
651 4871 681 4912 se
704 4856 876 4925 extollentes,
900 4856 936 4915 ab
949 4843 975 4906 Ι)
990 4857 1084 4915 officio
1108 4859 1261 4931 privamus,
1292 4865 1319 4914 et
1341 4873 1397 4914 cam
1422 4856 1458 4913 ab
1483 4856 1607 4930 ingressu
1630 4865 1660 4912 et
1684 4855 1770 4911 honore

83 4942 87 4947 '
139 4946 286 5018 episcopali
310 4947 425 5004 omnino
438 4948 635 5020 suspendimus
657 4958 686 5006 et
705 4950 869 5007 sacerdotali
894 4949 936 5007 ol·
990 4952 1130 5024 praedictse
1155 4951 1295 5019 Ecclesia,
1325 4932 1406 5022 quam
1439 4950 1565 5007 omnium
1590 4949 1769 5006 Ecclesiaruat

138 5039 213 5110 ticio,
234 5048 265 5097 et
288 5039 356 5098 alirn
376 5041 437 5114 jam
458 5040 564 5099 iactum
589 5042 737 5101 anathema
757 5059 839 5116 super
862 5044 937 5116 ipsos
989 5045 1041 5102 sub
1054 5054 1182 5118 perpetua
1196 5053 1224 5101 et
1245 5044 1416 5103 irrevocabili
1429 5044 1566 5100 sententia
1580 5043 1768 5100 submovemus

138 5135 311 5192 innovamus.
332 5134 508 5207 Aruulphum
531 5137 746 5195 Cremonensem
758 5136 867 5210 publice
888 5153 937 5195 eo-
988 5147 1115 5211 etusque
1129 5138 1165 5196 ad
1179 5138 1395 5196 satisfactionem
1409 5128 1588 5194 anathemate
1608 5135 1768 5210 percutimus

139 5243 200 5284 ram
214 5236 309 5287 nostra
329 5229 476 5301 praesentia
487 5229 643 5287 convictum
666 5239 695 5288 et
707 5231 886 5289 confitentem
908 5247 937 5290 so
988 5234 1167 5289 Renovamus
1198 5232 1280 5289 etiam
1315 5231 1635 5289 excommunicationem
1665 5246 1681 5287 a
1712 5235 1768 5301 prae

138 5320 338 5392 simoniacum,
368 5322 403 5380 ab
433 5322 511 5380 omni
535 5324 684 5397 episcopali
708 5323 800 5382 cilicio
831 5326 937 5400 absque
990 5325 1180 5383 decessoribus
1216 5325 1318 5382 nostris
1357 5324 1461 5382 factam
1494 5340 1580 5397 super
1614 5319 1767 5382 ceufredum

137 5429 187 5488 spe
206 5417 423 5488 recuperationis
436 5417 609 5490 deponimus,
624 5426 652 5475 et
671 5420 807 5494 usquead
821 5419 937 5493 diguam
987 5419 1225 5492 archiepiscopum
1246 5419 1463 5487 Narbonensem,
1479 5424 1506 5474 ct
1520 5417 1626 5490 absque
1641 5416 1693 5474 ulla
1706 5422 1766 5470 rect·

139 5507 353 5567 satisfactionem
381 5510 556 5568 anathemate
576 5512 757 5585 percutimus.
779 5513 938 5572 iiolandum
987 5512 1136 5584 perationis
1161 5528 1209 5585 spe
1235 5513 1271 5570 ab
1294 5512 1440 5586 episcopali
1465 5510 1558 5570 clucic
1583 5526 1650 5568 eum
1671 5508 1766 5567 sumo·

139 5617 203 5661 vero
218 5601 428 5674 Tarsisieusem,
443 5605 491 5679 qui
509 5621 560 5678 pro
573 5603 749 5678 adipiscendo
762 5607 938 5680 episcopatu
986 5621 1097 5664 remus.

139 5696 243 5756 honore
260 5695 392 5755 subdolus
415 5697 506 5757 tactus
529 5698 636 5772 legatus
667 5699 739 5756 inter
769 5715 886 5773 regnum
907 5709 936 5760 et

174 5827 247 5891 (lat)
265 5826 374 5882 beatur
382 5824 525 5882 sodames
536 5839 571 5882 ee
584 5825 643 5882 eod.
658 5825 757 5883 diutiss
