3884 6158
75 250 125 304 rar
242 219 245 235 '
466 251 729 313 rnonucouum.
751 228 974 318 -brouoan
995 262 1063 319 nno
1083 260 1256 322 annoanlo
1277 262 1331 320 ιιι.
1674 270 1723 324 ros

71 389 162 428 omnes
171 375 238 438 lues,
250 376 403 446 trermuores,
425 382 450 433 et
464 382 567 436 morbos
576 384 721 438 immutanda
735 386 868 439 siractita-
883 390 909 453 Α
960 388 991 443 ln
1010 387 1142 462 colloquia
1163 389 1343 463 symposiacis
1356 389 1482 459 Lutlreri,
1498 390 1577 447 titulo
1591 390 1626 448 de
1640 393 1721 448 Αιιιι·

71 468 107 521 tir
118 471 278 539 pontificia,
290 475 316 526 et
329 473 449 528 annium
460 476 642 532 cardinalium
657 482 683 532 et
695 480 774 534 totius
789 480 873 535 catbe-
924 480 1037 547 christo,
1051 482 1155 541 mentio
1166 483 1197 539 ut
1217 483 1343 558 imaginis
1360 484 1484 542 Luthero
1498 485 1596 542 oblatae
1607 504 1616 553 ;
1626 485 1655 541 in
1669 501 1723 559 qua

71 561 130 615 dra
142 562 355 631 pestilentialis
367 567 396 621 id
407 582 469 623 aero
479 570 546 624 istos
556 572 709 626 mollissime
721 573 870 640 collocatos,
924 591 994 648 papa
1013 579 1160 634 Romanus
1174 592 1238 634 cum
1256 580 1273 634 J
1275 578 1327 637 uda
1350 594 1383 634 en
1398 580 1491 635 loculis
1503 584 1528 635 et
1538 580 1722 636 claoibnssuis

71 655 318 714 noarmrsrreaae.
337 661 414 728 Quod
425 663 451 716 si
461 666 621 732 continuaret
635 670 665 719 ut
684 681 784 736 apuam
795 669 871 735 terre
924 684 1072 743 suspensus
1084 671 1228 729 visebatur.
1256 672 1372 729 Mirifice
1397 672 1499 746 placuit
1515 670 1638 731 Luthero
1666 673 1724 733 haec

71 749 253 815 abbonerart,
277 754 500 823 quenadmodum
524 759 593 813 male
613 761 712 826 semusti
730 765 755 815 et
773 762 872 818 obsessi
925 763 1050 837 effigies3
1064 765 1147 838 inque
1168 780 1355 822 sumsensum
1368 765 1472 839 accepit
1486 767 1563 840 quasi
1573 766 1658 825 divini
1670 785 1722 825 nu-

70 843 156 898 solent
180 845 219 899 ad
235 861 336 916 apuam
349 848 495 919 trepidare,
517 849 622 922 aliquid
642 854 699 908 illis
725 854 870 925 adjicerem
924 856 1089 931 minisjusta
1099 857 1215 915 vindicta
1233 857 1361 916 adversus
1378 875 1476 933 papam
1499 860 1601 931 inerit3
1623 870 1655 919 ut
1676 861 1722 935 qui

70 936 104 992 de
123 943 214 1017 para,
228 954 313 1011 supra
325 957 409 1012 auam
422 944 476 1014 ipsi
487 947 635 1001 etEcclesia
649 963 741 1006 eonem
751 950 872 1016 lucidata
924 952 1077 1009 Lutherum
1091 968 1156 1010 cum
1168 968 1219 1009 suo
1240 942 1386 1026 Evangelio
1403 951 1534 1012 damnare
1547 970 1605 1011 non
1623 953 1721 1012 lormi-

71 1034 125 1097 estc
137 1034 189 1088 ιἰιιο
202 1031 321 1090 clamans
330 1035 386 1091 dtis
400 1038 507 1107 aliquid
520 1044 695 1104 anmcterarn,
709 1043 807 1112 quibus
816 1059 870 1098 orn·
923 1043 1026 1115 basset,
1039 1045 1139 1119 laqueo
1154 1045 1252 1120 dignus
1265 1061 1315 1118 per
1328 1045 1400 1103 hanc
1421 1047 1560 1119 picturam
1571 1047 1721 1106 declarare-

70 1126 117 1179 rn‘a
132 1132 242 1196 possent
252 1130 362 1195 soluere,
377 1132 476 1201 quain
487 1132 563 1195 calo,
575 1138 600 1188 et
614 1135 644 1188 in
659 1139 732 1190 terra
746 1141 818 1200 sard,
840 1142 870 1193 ut
923 1147 979 1196 tur.

69 1234 147 1289 apua
166 1222 332 1293 irrrperarrnt
357 1240 417 1294 aaa
436 1226 540 1281 selbot.
564 1229 703 1284 Pontoreia
724 1231 806 1286 etiam
827 1246 870 1300 pc·
959 1237 995 1289 lit
1009 1233 1043 1289 de
1056 1233 1184 1290 conviciis
1193 1241 1220 1291 et
1233 1232 1409 1290 contumeliis
1417 1232 1577 1303 verborum,
1590 1241 1618 1292 et
1635 1234 1721 1307 pictu-

70 1312 135 1368 dum
154 1330 188 1370 aa
202 1317 371 1374 donandus
382 1323 513 1390 oporteret
526 1322 557 1375 in
575 1325 715 1392 procincta
729 1339 792 1392 esse,
813 1326 870 1394 arri·
924 1341 1027 1395 rarum,
1043 1326 1141 1399 quibus
1152 1325 1299 1385 adversarii
1318 1330 1460 1384 itomanos
1481 1327 1623 1400 pontifices
1640 1337 1721 1400 petu-

72 1407 212 1478 busapua
228 1412 518 1485 impiaperentalapcs,
531 1415 703 1485 ardeam-aces
717 1423 748 1472 nt
763 1419 816 1472 sibi
836 1434 869 1472 ca
924 1419 1072 1476 lautissime
1093 1429 1120 1476 et
1138 1420 1350 1492 flagitiosissime
1368 1419 1531 1488 traducunt,
1554 1431 1581 1477 ct
1600 1417 1721 1476 ludibrio

70 1516 116 1555 ore
133 1506 162 1556 et
186 1505 303 1559 nariam
331 1509 441 1575 aaronis
455 1509 618 1565 inundaret.
639 1513 773 1567 Postremo
788 1514 870 1567 etiarn
924 1529 1060 1585 exponere
1080 1513 1200 1580 student,
1215 1513 1405 1586 copiosissimo
1429 1513 1537 1570 anobis
1556 1512 1723 1571 dictumest

70 1612 126 1650 acm
143 1596 203 1652 illis
224 1599 352 1654 undarat
362 1616 464 1670 pascua
483 1617 544 1672 sua,
561 1605 658 1674 quibus
684 1607 715 1660 in
730 1607 823 1662 balneo
843 1623 870 1662 se
925 1605 950 1662 in
962 1606 1328 1680 quatuorapologiiscontra
1346 1607 1490 1677 Misenum,
1503 1615 1531 1663 et
1544 1606 1572 1663 in
1586 1621 1719 1678 responso

69 1697 222 1746 remearent
243 1709 274 1747 ac
290 1696 442 1765 reficerent,
463 1698 593 1752 nimiruum
611 1701 737 1755 uniuersa
752 1700 867 1764 decreta,
923 1697 958 1755 ad
972 1699 1063 1757 theses
1083 1701 1258 1757 Hunnianos.
1286 1703 1348 1756 Non
1362 1717 1447 1772 pauca
1458 1698 1555 1756 itidem
1579 1698 1720 1773 attigimus

65 1784 225 1849 aeremia,
238 1789 320 1856 secti,
336 1789 515 1851 Clcnreritina,
536 1797 756 1863 eatraoapantcs,
778 1796 866 1864 bulla,
884 1750 907 1814 B
923 1792 970 1848 lib.
983 1809 1018 1850 ιιι
1032 1797 1073 1849 De
1086 1793 1227 1866 pontifice,
1239 1794 1285 1850 ubi
1295 1792 1330 1850 de
1337 1792 1509 1850 Antichristo
1521 1800 1626 1862 actum,
1642 1792 1721 1865 cujus

65 1880 259 1950 indulpentia,
275 1883 372 1939 littera
388 1885 672 1956 butpratesmascales,
687 1889 818 1951 lacteolis,
835 1891 868 1945 dc
922 1887 1063 1944 occasione
1090 1887 1244 1944 istiusmodi
1267 1887 1410 1944 maledicta
1441 1894 1469 1943 et
1491 1884 1720 1961 mendaciaque
1810 1930 1816 1941 ,
1863 1912 1868 1923 =

68 1975 142 2031 callis
156 1977 437 2049 ipsorumsuspensa,
450 1983 563 2050 prepter
577 1982 754 2037 omnimodam
768 1986 867 2038 scarri-
921 1981 1025 2037 sectarii
1040 1981 1141 2038 inflatis
1152 1980 1279 2039 faucibus
1291 1989 1414 2054 crepant,
1430 1988 1563 2053 quantum
1574 1980 1720 2050 satiserat,

68 2072 161 2123 tatum
182 2070 280 2126 Atesim
293 2072 404 2141 quiduis
418 2073 557 2142 deponere,
571 2076 596 2129 si
613 2091 665 2130 aon
676 2076 713 2130 ad
723 2076 866 2130 dimidiam
920 2073 1112 2146 castigavimus
1126 2083 1154 2131 et
1167 2073 1379 2147 profligarimus.

65 2161 159 2217 domm
171 2164 202 2218 in
212 2179 242 2219 eo
257 2164 350 2221 balneo
362 2168 391 2220 in
403 2167 523 2233 madum
535 2168 673 2232 summast,
685 2170 720 2224 ab
734 2172 866 2226 omnisne
956 2168 1077 2224 Tametsi
1092 2176 1184 2225 autem
1200 2167 1330 2238 haretici,
1348 2168 1400 2223 hac
1421 2173 1595 2240 tempestate,
1614 2166 1642 2223 in
1659 2170 1719 2224 Ro-

66 2257 240 2324 commatre,
266 2258 408 2329 languore,
434 2265 460 2315 et
488 2261 531 2316 lue
545 2263 703 2319 liberentur.
724 2265 792 2320 flacc
814 2266 867 2320 Lu·
921 2276 1019 2318 manos
1032 2262 1161 2334 praesuies
1183 2275 1293 2319 summo
1308 2260 1400 2318 lurore
1413 2260 1557 2317 incurrunt
1572 2269 1600 2317 et
1616 2259 1717 2318 debac-

70 2346 180 2407 merus.
920 2354 1049 2426 chuntur,
1063 2355 1243 2413 nihilominus
1268 2355 1403 2428 quosdam
1417 2370 1452 2412 ex
1470 2370 1567 2411 eorum
1588 2370 1672 2412 censu
1691 2363 1719 2412 et
1804 2414 1817 2437 ‚

100 2444 165 2511 Qui,
180 2450 211 2499 at
237 2443 328 2518 inquit
342 2445 493 2504 Matthaeus
503 2447 591 2506 Iudex
617 2449 779 2523 pradicans,
790 2468 865 2508 eam·
919 2448 1015 2506 ordine
1027 2449 1194 2522 delegemnt,
1208 2464 1279 2522 quos
1295 2449 1473 2522 impotentius
1484 2457 1512 2505 et
1529 2447 1715 2520 impudentius

66 2536 304 2594 nasamonium
319 2545 866 2618 poucrbarrnisanteobitnmsuumpinsit
920 2542 1119 2600 insectarentur
1140 2550 1168 2599 et
1192 2543 1321 2600 conviciis
1347 2543 1536 2600 dilacerarent.
1552 2545 1593 2598 Ex
1616 2541 1718 2599 horum

68 2633 234 2700 mapmibra
253 2635 319 2704 illis,
344 2652 405 2705 pua
422 2637 579 2706 witeberpre
592 2641 729 2710 impressae
751 2645 825 2709 sunt,
841 2646 866 2696 et
919 2653 1036 2693 numero
1049 2636 1199 2709 praecipuus
1211 2652 1271 2693 esse
1286 2636 1393 2694 ridetur
1407 2637 1556 2709 Gregorius
1570 2637 1631 2704 vu,
1645 2636 1720 2709 prius

65 2727 243 2793 maculatae
264 2743 373 2792 remua,
387 2731 528 2800 inquibus
540 2733 701 2802 pactificet
714 2733 865 2790 cardinales
920 2731 1121 2787 Hildebrandus
1136 2729 1290 2802 dictus,qui
1305 2729 1566 2802 pontificatuminiit
1579 2744 1651 2785 anno
1664 2732 1719 2785 Re·

61 2819 200 2889 panicum
215 2825 571 2896 smaucesuspendnntur,
591 2828 866 2883 circumvolitantibus
920 2823 1157 2896 demptoristbta,
1168 2826 1462 2890 mortuusannotosb,
1473 2829 1502 2879 ut
1511 2821 1621 2895 quidem
1629 2820 1719 2878 cardi·

64 2913 302 2979 moodamoaibus,
332 2919 381 2987 pai
393 2920 500 2975 animas
514 2936 604 2975 corium
624 2921 777 2992 accipiunt,
798 2926 823 2977 et
836 2924 866 2977 in
920 2914 1718 2989 nalisBaroniustomolitemporaputot.Huncponeiiicem

64 3009 205 3074 inimicum
218 3007 355 3076 desaunt,
366 3011 412 3066 boc
423 3014 551 3086 trascripta
562 3015 641 3069 titulo
650 3034 658 3068 :
668 3017 758 3084 iiipna
769 3031 867 3071 merces
921 3013 958 3068 ita
972 3012 1072 3083 passim
1084 3018 1216 3068 venenato
1231 3026 1281 3068 suo
1293 3025 1351 3079 ore,
1367 3009 1451 3082 stylo,
1460 3009 1566 3066 calamo
1581 3007 1719 3079 flagellant

61 3116 141 3172 papia
156 3101 336 3172 mimenni,
352 3108 377 3159 ct
390 3105 573 3162 cardinalium
597 3124 716 3178 sumrrm,
731 3105 907 3179 dissidiae
923 3105 1039 3173 sectarii,
1055 3114 1085 3162 ut
1104 3121 1168 3162 eum
1181 3104 1227 3161 rix
1241 3103 1332 3160 sinant
1346 3118 1404 3160 esse
1416 3101 1579 3170 hominem3
1594 3099 1642 3157 sed
1656 3117 1718 3175 pro-

62 3198 113 3248 eta
125 3196 264 3266 rtptbmis
278 3199 445 3257 Gamanicis
464 3216 471 3256 τ
920 3199 963 3255 cul
978 3197 1048 3255 inira
1062 3207 1189 3256 naturam
1202 3208 1229 3255 et
1240 3198 1397 3254 societatem
1409 3195 1561 3253 humanam
1576 3194 1718 3267 ablegant:

154 3290 219 3345 Wie
233 3290 343 3347 zeitlich
355 3290 479 3364 gesnero
488 3292 543 3350 solt
556 3295 670 3352 werden
920 3291 1056 3349 ducemet
1070 3292 1210 3366 auspicem
1233 3292 1317 3348 secuti
1332 3290 1430 3361 partim
1450 3289 1560 3346 insitam
1574 3288 1626 3346 sibi
1639 3304 1718 3345 men·

154 3386 241 3455 Bopst
258 3385 314 3442 und
325 3385 449 3444 cardinal
463 3387 513 3444 oui
529 3387 632 3454 Erden,
921 3385 1020 3456 tiendi,
1048 3394 1077 3442 et
1097 3401 1193 3442 omues
1218 3383 1360 3457 pontifices
1390 3386 1534 3440 Romanos
1556 3381 1719 3440 criminandi

154 3477 202 3533 lhr
214 3480 368 3554 [astarong
379 3480 521 3538 verdienet
536 3481 595 3550 het,
922 3479 1108 3553 pruriginem
1123 3479 1222 3551 partim
1242 3481 1402 3534 Bennonem
1430 3475 1717 3549 pseudosardinalem,

154 3571 218 3629 Wie
232 3570 277 3629 ihr
285 3572 377 3630 Recht
389 3572 434 3631 hie
448 3574 567 3648 gemalet
583 3576 671 3633 steht.
921 3573 968 3646 qui
979 3572 1013 3630 de
1027 3571 1159 3647 Gregorio
1171 3573 1220 3630 vll
1233 3568 1463 3628 commentarium
1476 3568 1626 3627 mendaciis
1640 3577 1669 3626 st
1680 3568 1720 3624 in-

158 3666 234 3734 Ouod
247 3669 273 3722 si
283 3682 365 3738 pana
380 3671 522 3740 ‚morali
921 3667 997 3724 scitia
1019 3665 1230 3724 refertissimum
1253 3663 1404 3753 posteritati
1423 3663 1544 3736 reliquit,
1564 3679 1658 3736 quem,
1688 3666 1719 3719 ut

157 3763 237 3816 stunc
252 3766 339 3816 assera
357 3763 499 3834 afficiendi
609 3796 613 3803 »
922 3776 1063 3834 gemmam
1080 3758 1449 3833 pretiosissimam,cataiogo
1462 3756 1576 3814 testium
1586 3755 1720 3813 Lutlrera-

158 3855 193 3909 st
207 3855 358 3911 cardinales
371 3862 397 3912 et
407 3873 492 3929 popa,
921 3871 965 3911 nse
983 3854 1104 3911 veritatis
1114 3854 1239 3929 illyricus
1251 3852 1383 3919 intexuit;
1402 3868 1436 3909 cx
1453 3867 1508 3925 quo
1522 3850 1720 3907 centuriatores

159 3950 227 4004 Vere
243 3965 335 4004 eoram
349 3950 515 4022 tropaeam
850 3939 856 3951 '
921 3963 1032 4022 quoque
1042 3947 1217 4006 undecimam
1224 3963 1303 4004 suram
1311 3946 1464 4003 centuriam
1474 3946 1624 4002 multarum
1638 3958 1719 4017 pseu·

157 4043 240 4098 ronan
252 4046 349 4098 memo
357 4045 502 4100 mercedem
898 4050 901 4055 “
922 4040 1094 4115 dologiarum
1107 4050 1135 4098 et
1147 4041 1374 4098 criminationum
1389 4039 1545 4097 accessione
1557 4037 1720 4111 locupietio-

158 4137 246 4203 Quam
258 4138 296 4191 sic
306 4142 391 4193 cerna
400 4138 443 4192 bic
455 4138 600 4208 depictam.
899 4166 903 4173 »
920 4151 980 4192 rem
989 4134 1166 4192 reddiderunt
1176 4151 1247 4209 ,quo
1258 4135 1371 4208 insuper
1381 4133 1501 4203 wolfius
1513 4131 1720 4189 mendaciorum

102 4230 170 4285 iiaec
182 4229 307 4285 nefarius
315 4232 332 4285 J
334 4229 404 4286 udex
418 4229 452 4287 de
461 4231 596 4299 sacrilego
609 4228 740 4286 Luthero.
756 4229 825 4301 Quae
840 4239 868 4287 et
921 4245 1035 4286 suorum
1055 4230 1242 4286 centenarium
1255 4227 1436 4287 undecimum
1451 4225 1590 4301 insigniter
1601 4241 1720 4283 exorna·

66 4321 313 4396 Scirlusselburgios
337 4323 406 4380 libro
422 4323 455 4382 de
482 4323 687 4396 adiaphoristis
703 4324 813 4396 repetit,
833 4340 867 4381 ne
921 4322 970 4379 rit.
982 4325 1071 4395 Quem
1083 4323 1149 4379 item
1159 4323 1305 4392 Reinerus,
1317 4321 1481 4378 Reineccius
1491 4321 1667 4377 Lutheranus
1677 4335 1710 4376 re

68 4414 236 4472 seditionum
247 4416 372 4475 minuitas
391 4416 457 4474 otim
471 4432 593 4475 accensa
612 4417 827 4491 exstinguantur.
920 4417 1257 4485 Calvisianushcercticus,
1270 4410 1719 4481 snnosaiutis1081,Francosurti
1826 4418 1830 4425 “

100 4497 446 4583 ΝιιιιιιιιοΙιιιῗιῐιιιιιιιιιιι
458 4511 780 4586 calodbussopplicinm,
790 4515 864 4584 qurod
882 4522 986 4585 Deum
1013 4511 1161 4570 Helmoldc
1175 4520 1204 4569 et
1217 4508 1343 4568 arnoldo
1359 4507 1514 4565 Lubeccnsi
1533 4506 1633 4564 iterum
1648 4506 1719 4580 typis

67 4618 153 4676 papae,
175 4603 367 4674 cardinalibus,
389 4605 523 4679 episcopis
541 4612 569 4662 et
595 4604 724 4662 omnibus
744 4605 865 4662 ecclesia·
920 4604 1111 4663 excudendum
1137 4607 1259 4674 curarim
1276 4604 1348 4676 quod
1369 4619 1470 4673 paucis,
1483 4608 1515 4658 ut
1528 4600 1576 4672 ait,
1588 4602 1721 4659 botrionis

65 4697 142 4754 sticis
163 4697 347 4772 infligendum
367 4700 508 4767 censebat,
526 4697 732 4757 etiarmandum
749 4700 863 4767 curaris,
919 4706 1086 4772 superessent
1103 4700 1283 4771 eaemplaria,
1321 4697 1415 4770 grandi
1440 4695 1540 4752 scilicet
1563 4693 1720 4767 reipublicae

65 4789 111 4848 scd
131 4791 185 4847 alia
213 4807 271 4848 non
285 4808 381 4865 pauco,
405 4808 468 4866 quae
482 4793 657 4866 spurcissime
670 4801 698 4850 et
714 4790 866 4850 ioedissime
918 4793 1079 4850 Chastisnae
1090 4790 1305 4866 iactrrra;cujus
1317 4790 1438 4847 multum
1453 4789 1615 4857 intermunt
1628 4786 1722 4863 hujus·
1823 4813 1824 4816 ι

65 4892 158 4941 contra
170 4900 269 4957 papam
282 4901 315 4941 eo
328 4886 357 4942 in
370 4885 440 4943 libro
452 4878 625 4944 cmctoveiat
633 4885 742 4960 depingi
763 4886 865 4956 voluit,
920 4885 996 4944 modi
1010 4886 1213 4943 calumniarum
1231 4893 1364 4941 centones
1377 4881 1482 4940 durent
1503 4897 1535 4939 ac
1560 4889 1720 4967 perennent,

66 4978 329 5052 mapicturaeadee
338 4979 506 5050 sunttoedae,
519 4996 626 5055 spurcae
637 4979 866 5038 etabominnndae
919 4987 951 5038 ut
962 4978 1009 5053 qui
1021 4978 1206 5038 calumniandi
1221 4988 1249 5038 et
1259 4976 1408 5036 mentiendi
1425 4984 1513 5033 artem
1523 4972 1629 5034 discere
1640 4983 1668 5032 et
1678 4973 1720 5032 is·

65 5078 105 5140 nt,
120 5081 192 5130 teste
208 5072 269 5146 ipso
291 5072 412 5148 Illyrico,
427 5073 455 5131 in
468 5073 561 5132 libello
573 5083 670 5132 contra
685 5076 867 5131 Interimiotas
919 5072 1016 5131 ctitare
1027 5071 1159 5147 cogitam,
1173 5072 1322 5146 exemplar,
1336 5069 1481 5144 etquidem
1489 5068 1721 5143 perfectissimum

64 5171 91 5221 et
104 5167 328 5238 Adiaplroristus,
344 5166 424 5223 multi
448 5183 481 5224 ex
498 5167 669 5225 Lutheranis
683 5182 780 5224 earum
800 5183 866 5223 cou-
921 5166 1035 5240 inquod
1048 5166 1208 5225 intueantur
1227 5176 1255 5223 et
1272 5183 1335 5224 curn
1354 5180 1409 5239 quo
1424 5180 1454 5221 se
1470 5164 1655 5233 conforment,
1670 5162 1720 5219 ha-

65 5269 161 5334 spectu
170 5260 332 5334 gravissime
343 5260 445 5319 oiiensi
455 5260 568 5330 ficerunt,
583 5269 729 5334 totumque
740 5260 793 5318 hoc
802 5277 868 5318 con·
922 5260 1012 5317 beant.
1302 5325 1306 5332 ¹

65 5352 498 5428 tumeliarnminiandumgenus
512 5372 543 5412 ex
557 5365 625 5430 potu
640 5354 680 5412 rel
703 5355 780 5412 senio
799 5355 866 5412 deti·
959 5360 1028 5411 Ante
1057 5354 1109 5413 hos
1130 5369 1227 5411 omnes
1251 5369 1323 5411 anno
1346 5353 1460 5411 Domini
1484 5357 1554 5411 1535
1576 5349 1723 5425 publicarit

64 5447 869 5523 rmtijamLuthercassignaudumexistimaverint,qaam·
923 5451 1083 5506 sonnonem
1102 5449 1253 5507 Orthuinus
1271 5446 1382 5506 Gratius
1401 5463 1465 5506 cum
1488 5447 1546 5505 aliis
1560 5444 1723 5520 quibusdam

66 5541 106 5599 ris
119 5542 255 5616 illyricus,
277 5552 310 5601 ut
335 5552 396 5602 crat
420 5559 520 5602 crassae
541 5544 673 5601 Minerva
685 5543 767 5615 tilius,
789 5546 870 5617 longe
922 5543 1082 5600 malesanis
1102 5543 1214 5613 chartis,
1229 5557 1298 5616 quas
1318 5559 1358 5611 se,
1384 5543 1486 5611 nescio,
1506 5542 1533 5598 in
1551 5556 1607 5614 quo
1626 5555 1725 5597 monte

66 5634 273 5708 ditsrsmtuat,
302 5636 539 5697 ctismbutheri
562 5636 695 5714 imagines
716 5638 745 5695 in
764 5639 829 5695 hara
842 5645 870 5694 et
923 5636 1026 5711 scripto
1040 5637 1134 5694 codice
1147 5637 1278 5710 reperisse
1290 5635 1367 5694 dicit.
1387 5633 1570 5694 bellarminus
1584 5631 1723 5708 probabile

66 5730 159 5789 dossa
176 5729 275 5806 pictas,
288 5732 472 5793 tantum'non
491 5731 597 5800 adoret,
613 5740 709 5791 contra
725 5731 869 5806 proprium
924 5730 1077 5789 arbitratur
1102 5729 1175 5788 bunc
1189 5728 1396 5799 librum,titu10
1421 5727 1572 5796 bennonis,
1584 5727 1619 5784 ab
1631 5724 1723 5797 aliquo

65 5823 197 5884 monde
215 5822 379 5900 imsg'nibm
389 5840 447 5886 non
457 5824 605 5887 adorandis
612 5827 763 5886 decretum.
924 5823 1055 5883 haeretico
1072 5823 1230 5883 Lutherano
1245 5821 1490 5881 tuuseconiictsmn
1500 5819 1734 5895 stptbiicatumt
