3870 6164
180 261 215 315 sa
794 252 823 308 s.
843 247 1033 307 nascamus
1053 248 1097 303 vu
1116 236 1215 305 anax.
1371 214 1375 219 ’
1794 250 1830 302 aa

135 400 138 405 ’
180 381 229 439 siat
252 380 313 436 reio
334 386 462 436 aestuare.
487 377 540 436 Sed
565 378 652 434 alium
676 376 740 434 buic
762 377 854 433 itineri
877 373 981 432 exitum
995 380 1023 443 Α
1036 374 1195 431 amalfitani
1213 372 1423 446 archiepiscopi;
1446 388 1516 447 quos
1536 372 1634 430 ambos
1655 380 1715 429 tum
1733 375 1835 429 Romae

181 473 363 531 muneraret
379 475 471 541 Deus3
484 472 549 545 quia
562 487 612 546 per
629 472 714 529 talem
723 469 897 528 occasionem
906 468 981 527 vonit
1034 482 1095 525 esse
1109 467 1222 536 sciebat,
1235 476 1264 524 et
1273 483 1323 539 pro
1337 467 1452 541 egregiae
1461 467 1613 524 sanctitatis
1630 466 1731 523 merito
1746 464 1835 521 maxi·

182 568 211 624 in
224 565 352 622 notitiam
365 565 428 623 novi
443 565 595 634 renuncia,
607 573 724 623 exeunte
736 579 809 621 anno
825 569 893 620 1047
907 560 979 619 desi·
1033 577 1080 618 ma
1094 560 1197 619 ibidem
1212 563 1316 634 poliere
1328 562 1490 619 auctoritate
1510 577 1542 619 ac
1558 561 1658 634 gratia.
1677 559 1834 631 Utrumque

181 658 271 734 gualie
286 659 343 732 qui,
357 658 499 717 bominem
518 668 615 717 nactus
629 652 765 717 Romanae
779 656 854 713 urbis
871 656 938 712 uitia
953 666 981 713 et
1035 670 1069 712 ex
1088 657 1118 712 S.
1130 654 1258 712 odilonis
1270 656 1332 712 Vita
1347 655 1451 712 scimus
1473 677 1480 713 :
1497 655 1621 728 quicum
1641 654 1685 711 bic
1696 653 1833 710 silviniaci

169 754 349 824 1·oorruptelas
366 768 423 810 non
440 756 573 811 scientem
598 752 692 809 minus
718 767 802 824 quarn
828 749 979 818 odientem,
1034 748 1064 806 in
1088 748 1177 807 Gallia
1196 749 1274 818 obiit,
1296 750 1391 806 ultima
1413 749 1459 806 die
1474 749 1537 806 anni
1560 755 1629 806 1048
1643 748 1697 805 sub
1713 757 1835 816 noctem,

181 845 329 905 crediderit
346 862 411 904 eum
433 846 486 904 sibi
501 845 616 903 consilio
642 854 670 902 et
687 845 788 901 auxilio
803 843 980 901 utilissimum
1034 843 1154 900 necdum
1167 843 1273 916 integer
1288 859 1376 900 annus
1393 841 1538 901 effluxerat
1548 841 1622 915 quod
1642 846 1733 899 Roma
1746 841 1834 898 redie-

182 954 241 997 me
256 956 346 1013 posse,
360 941 383 996 si
397 956 491 997 secum
506 939 598 996 uenire
613 938 801 1012 persuasisset.
1034 944 1092 1006 rat;
1107 938 1275 994 Laurentius
1288 945 1379 994 autem
1394 941 1433 1004 (ut
1455 939 1483 993 in
1498 937 1595 994 eadem
1621 937 1682 991 Vita
1706 935 1833 1000 babetur)

219 1038 264 1091 ²4.
289 1034 375 1092 Ottbo
392 1033 575 1107 Frisingcnsis
597 1033 679 1106 paulo
699 1032 778 1088 aliter
795 1047 855 1089 rem
875 1040 980 1100 narrat,
1035 1030 1125 1089 eidem
1140 1031 1177 1088 ibi
1200 1031 1346 1106 aegrotanti
1369 1047 1418 1104 per
1437 1046 1550 1088 menses
1570 1032 1689 1104 quinque
1711 1030 1834 1086 maximo

183 1127 260 1202 quasi
280 1143 330 1199 par
347 1126 452 1184 Gallias
475 1127 528 1183 iter
549 1130 668 1183 Romam
687 1133 783 1183 tenem
797 1126 982 1182 noviterdesi·
1035 1125 1133 1182 solatio
1155 1123 1255 1194 iuerat,
1281 1125 1379 1196 vinis.
1408 1128 1491 1182 Petro
1514 1125 1741 1191 Damianoteste,
1758 1145 1772 1172 ι
1787 1123 1833 1195 qui

183 1231 284 1295 gnatus
300 1220 436 1290 Pontilex,
452 1229 481 1276 et
490 1220 621 1278 Cluuiano
636 1219 785 1288 transiens,
797 1219 835 1277 ibi
848 1218 983 1276 invenerit
1037 1219 1180 1291 potensin
1207 1219 1303 1275 litteris
1322 1234 1355 1275 ac
1378 1218 1525 1292 bigiossus,
1550 1219 1647 1276 Graece
1669 1225 1783 1274 noverat
1805 1225 1834 1273 et

184 1313 402 1385 Hildebreudum
422 1314 542 1386 priorem
564 1331 572 1371 ε
598 1313 731 1387 additque
743 1312 819 1386 quod
838 1313 883 1370 bia
903 1313 981 1370 iilum
1036 1314 1148 1382 Latium
1168 1321 1206 1383 et,
1228 1311 1303 1384 quod
1325 1312 1408 1395 longo
1428 1312 1600 1384 praestantius
1620 1320 1673 1380 est,
1692 1309 1833 1367 laudabilis

186 1431 199 1458 ι
214 1407 318 1477 adiens,
332 1407 508 1466 aemulatione
522 1406 575 1465 Dei
591 1408 700 1481 plenus,
719 1416 878 1464 constanter
896 1406 983 1464 deiu-
1036 1406 1099 1463 vitre
1119 1405 1242 1464 claritate
1265 1405 1397 1479 pollebat,
1421 1429 1434 1456 a
1456 1413 1587 1464 mortuus
1607 1405 1713 1473 ibidem
1734 1405 1834 1461 noma

184 1509 275 1574 empto
302 1501 455 1574 redarguit3
478 1501 606 1559 illicitum
625 1517 686 1559 esse
707 1501 832 1573 inquiens
854 1517 902 1573 per
924 1516 982 1558 ma·
1037 1501 1161 1573 proxima
1177 1509 1374 1572 postmortem
1392 1502 1422 1557 S.
1441 1499 1565 1556 Odilonis
1586 1497 1802 1572 Quadragesima
1826 1515 1833 1554 ε

184 1610 255 1652 num
280 1594 378 1652 laicam
394 1596 543 1653 Summum
566 1595 726 1652 Pontificem
749 1594 786 1652 ad
810 1594 983 1667 gubernatio-
1037 1594 1066 1651 in
1086 1595 1165 1667 cujus
1185 1594 1272 1651 altera
1286 1603 1315 1651 et
1335 1593 1485 1666 antiquiori
1510 1594 1571 1650 Vita
1589 1609 1638 1665 per
1657 1590 1833 1655 Liziardum,

80 1708 84 1715 ·
184 1704 249 1744 nem
271 1689 400 1746 Ecclesiae
418 1690 552 1745 violenter
577 1688 690 1746 introire
713 1707 721 1746 a
744 1704 861 1758 verum,
880 1687 904 1745 sl
924 1687 983 1744 suis
1036 1688 1110 1746 idem
1125 1688 1289 1745 Laurentius
1300 1687 1453 1761 appellatur
1467 1710 1480 1736 ι
1494 1687 1536 1744 vir
1548 1702 1598 1759 per
1611 1686 1705 1742 omnia
1719 1686 1835 1743 sanctis-

185 1781 296 1839 credere
313 1781 378 1840 uelit
391 1781 521 1852 consiliis,
536 1791 698 1855 utrumque,
713 1792 741 1839 et
761 1782 836 1856 quod
850 1782 984 1856 majestas
999 1765 1122 1840 Bstmns
1145 1783 1173 1839 in
1193 1781 1344 1854 scripturis
1364 1782 1508 1855 utriusque
1537 1782 1639 1855 linguae
1669 1779 1835 1837 facundissi-

185 1874 336 1947 impcriaiis
350 1875 377 1931 in
392 1876 452 1948 ipso
464 1891 523 1932 non
536 1875 723 1944 exacerbetur,
733 1874 984 1949 quodquelibertrs
1037 1892 1113 1944 mus,
1124 1875 1259 1949 istiusque
1269 1875 1359 1933 Patris
1374 1874 1617 1942 familiarissimus,
1630 1889 1750 1947 quorum
1760 1881 1836 1929 uter·

187 1969 316 2026 Ecclesiae
342 1969 369 2025 in
389 1969 522 2026 electione
535 1969 666 2026 canoniea
678 1977 839 2038 renovetur,
854 1985 884 2026 se
902 1969 982 2043 polii-
1037 1986 1092 2042 que
1113 1970 1222 2026 animus
1249 1968 1489 2043 conglutinabatur
1502 1968 1634 2026 individui
1661 1967 1764 2025 amoris
1778 1966 1834 2039 spi·

186 2070 263 2120 cetur
280 2061 456 2119 eifectnmm.
484 2062 633 2119 inclinatus
654 2063 710 2130 ilie,
728 2062 764 2120 ad
781 2063 906 2120 monitus
924 2063 984 2135 ejus
1037 2063 1102 2121 ritu.
1118 2086 1131 2114 ο
1146 2065 1174 2121 Si
1189 2064 1344 2137 interrogas
1356 2063 1403 2119 ubi
1419 2070 1447 2120 et
1460 2061 1569 2135 quando
1584 2062 1743 2134 magistrum
1762 2063 1836 2118 Lau-

186 2170 336 2230 purpuram
349 2155 475 2228 deponit3
489 2156 678 2230 peregrinique
688 2156 815 2214 babitum
829 2171 983 2224 muntem,
1037 2158 1159 2215 rentium
1180 2156 1306 2214 babuerit
1324 2155 1540 2223 Hildebrandur3
1566 2169 1601 2212 ex
1625 2155 1836 2211 mendacissimo

186 2258 215 2306 et
226 2248 332 2307 ducens
348 2265 442 2306 mcum
457 2249 689 2322 Hildebraudunx,
717 2250 769 2307 iter
783 2250 880 2323 carpit.
900 2250 985 2324 igitur
1037 2251 1175 2307 Baunonia
1200 2266 1248 2308 ore
1270 2250 1344 2308 disce
1357 2250 1537 2306 certissimam
1551 2251 1703 2306 tentatam.
1720 2253 1838 2305 Accusat

187 2342 341 2401 adUrbem
362 2359 448 2417 usque
471 2343 622 2412 venientes,
639 2343 752 2401 consilio
773 2343 984 2400 Hildebrandia
1037 2343 1083 2402 hic
1101 2344 1267 2417 Gregorium
1289 2352 1399 2401 sextum
1419 2344 1494 2417 quod
1516 2368 1529 2392 ι
1542 2343 1722 2400 Laurentium
1736 2344 1836 2399 Romae

186 2436 261 2493 clero
284 2444 312 2494 et
329 2438 431 2509 populo
454 2437 483 2494 iu
506 2439 650 2495 Summum
665 2436 827 2494 Pontificem
847 2439 953 2506 Bruno,
969 2457 983 2486 a
1038 2449 1165 2511 agentem
1178 2438 1254 2496 domi
1270 2453 1378 2510 semper
1398 2437 1524 2506 retinuit,
1542 2437 1570 2493 in
1582 2451 1633 2494 suo
1647 2436 1836 2509 archipresby·

188 2544 253 2587 mox
273 2531 332 2588 Leo
345 2530 444 2596 dimrrs,
462 2553 475 2579 ι
490 2531 600 2603 eiigitur
623 2552 648 2586 a.
667 2528 740 2588 Nibli
759 2529 872 2603 quidem
889 2529 924 2588 de
938 2545 985 2586 as-
1038 2532 1109 2589 terio
1126 2533 1154 2587 S.
1168 2532 1292 2599 ioannis,
1311 2539 1373 2588 ante
1400 2539 1509 2603 portam
1526 2530 1669 2597 Latinam
1689 2552 1702 2579 ι
1718 2546 1770 2586 nec
1786 2528 1837 2586 du·

186 2633 297 2696 sumpta
312 2638 432 2698 purpura
451 2623 535 2681 babet
548 2624 611 2681 Vita
631 2622 745 2692 bannim
761 2632 789 2681 et
802 2623 894 2696 quoad
909 2622 986 2680 babi·
1007 2680 1009 2685 ,
1039 2624 1114 2682 bium
1128 2624 1287 2697 quinetiam
1301 2625 1330 2681 in
1341 2624 1517 2680 lateranensi
1532 2623 1706 2697 patriarchio,
1721 2639 1785 2680 oum
1795 2639 1836 2680 es·

187 2725 248 2774 tum
268 2718 412 2790 peregrini,
433 2733 499 2775 eum
525 2726 684 2791 susceptum
712 2718 760 2788 ait,
782 2726 844 2789 post
866 2719 985 2774 natalem
1039 2727 1081 2776 set
1096 2717 1216 2775 Pontifex
1240 2718 1476 2790 domesticumque
1499 2717 1627 2775 clericum
1654 2718 1694 2774 vel
1719 2726 1833 2774 secreta·

179 2810 291 2887 *domini
311 2811 383 2868 Tulli
409 2810 591 2869 celebratum.
614 2812 708 2869 Nolim
728 2819 820 2868 uinea
842 2819 985 2885 propterea
1039 2813 1111 2870 rium
1126 2812 1240 2870 baberet
1261 2811 1489 2869 Hildebrandum.
1505 2814 1585 2868 Hunc
1607 2817 1699 2868 autam
1718 2811 1835 2867 nescire-

108 2935 116 2945 ·
187 2905 299 2978 rejicere
309 2912 396 2962 totam
412 2905 600 2962 narrationem
617 2906 737 2962 auctoris
750 2912 808 2961 tam
822 2904 935 2978 antiqui,
958 2913 986 2961 et
1039 2922 1102 2964 mus
1122 2905 1206 2963 irrisae
1218 2906 1356 2962 laurentii
1378 2904 1549 2977 discipulum,
1564 2905 1615 2961 nisi
1635 2904 1709 2962 idem
1729 2907 1834 2972 Benno,

187 2999 343 3057 nouaclum
357 2999 449 3056 secio
460 3009 523 3072 post
534 3014 594 3056 rem
609 3007 717 3070 gestam
729 2999 890 3067 scribentis3
903 2997 986 3054 modo
1040 2999 1161 3056 satanico
1184 2997 1278 3056 furore
1301 3006 1396 3055 contm
1419 2999 1497 3055 illum
1512 3007 1598 3065 actus,
1620 3013 1672 3056 nos
1685 2998 1711 3054 id
1727 2998 1835 3055 docuis-

188 3092 329 3166 permittat
337 3107 467 3149 excusare
478 3100 505 3148 et
516 3091 654 3162 corrigere
666 3092 725 3147 leve
737 3098 860 3147 erratum
873 3090 902 3146 in
913 3091 985 3158 loco,
1040 3100 1098 3159 set3
1122 3092 1189 3148 dum
1203 3092 1321 3148 Baronio
1344 3099 1414 3147 teste
1432 3096 1532 3165 (neque
1546 3093 1618 3148 enim
1634 3092 1724 3164 ipsum
1738 3091 1837 3164 dignor

188 3193 216 3242 et
237 3183 313 3258 quod
332 3184 377 3240 ille
394 3184 515 3241 Cluuiaci
529 3182 636 3240 lactum
652 3184 699 3251 ait,
716 3191 809 3239 actum
823 3183 986 3240 Wormatiae
1040 3185 1180 3258 inspicere)
1194 3184 1222 3240 in
1235 3185 1313 3241 illum
1333 3184 1479 3253 declamat,
1495 3193 1526 3242 ut
1541 3209 1554 3233 «
1569 3185 1700 3258 insignem
1711 3199 1833 3257 magum,

189 3277 312 3335 credere.
333 3275 483 3333 Prolitetur
499 3277 527 3332 in
540 3280 668 3333 Romana
682 3275 788 3350 syuodo
807 3276 987 3348 supracitata
1040 3279 1176 3335 maiorum
1188 3278 1312 3335 omnium
1330 3277 1467 3334 Benedicti
1487 3279 1531 3336 tx
1544 3277 1716 3350 complicem,
1735 3278 1833 3334 docto·

192 3394 205 3420 ι
224 3369 376 3443 Gregorius
391 3372 452 3428 vu.
468 3393 481 3419 n
496 3369 570 3443 quod
584 3369 630 3442 qui
643 3394 656 3419 ι
673 3370 777 3427 invitus
790 3370 862 3428 ultra
877 3379 986 3427 montes
1040 3387 1099 3428 rem
1118 3380 1145 3428 et
1159 3371 1308 3445 principem
1323 3371 1531 3441 maleficiorum,
1546 3370 1592 3444 qui
1614 3380 1642 3428 et
1655 3371 1834 3442 amspicinam
1881 3435 1883 3438 Α

189 3481 253 3522 cum
267 3464 379 3521 domino
395 3479 446 3522 suo
461 3481 529 3538 papa
544 3464 678 3538 Gregorio
703 3466 739 3520 Vi
755 3464 834 3533 abiit,
848 3463 936 3535 magis
949 3463 987 3520 in·
1040 3465 1146 3539 publice
1167 3473 1316 3535 exerceret,
1344 3464 1515 3539 maglamque
1536 3474 1564 3522 et
1577 3465 1629 3521 alia
1642 3464 1669 3522 id
1683 3481 1769 3539 genus
1787 3481 1833 3520 vc·

188 3558 260 3616 ritus
275 3573 342 3643 epm
362 3558 477 3618 domino
495 3574 545 3616 suo
560 3574 627 3631 papa
640 3560 735 3615 leone
753 3558 789 3614 ad
803 3558 951 3630 specialem
969 3579 983 3610 n
1039 3560 1088 3616 tita
1105 3562 1206 3616 Romae
1218 3559 1308 3631 palam
1324 3558 1430 3615 cunctis
1443 3558 1546 3616 discere
1557 3558 1710 3615 solentibus
1725 3558 1834 3632 proiite·

190 3653 312 3710 Romani
323 3653 389 3709 cleri
405 3675 418 3701 ι
431 3653 576 3709 ecclesiam
588 3650 680 3709 rediit.
695 3675 707 3701 ι
721 3651 811 3708 Credo
821 3660 915 3708 autem
929 3666 986 3707 non
1039 3646 1131 3721 batur}
1147 3669 1163 3709 a
1181 3668 1237 3726 quo
1262 3661 1290 3708 et
1307 3651 1508 3709 Hildebrandus
1534 3651 1592 3724 ejus
1609 3651 1758 3725 discipulus
1776 3668 1836 3708 eas·

188 3748 239 3804 alia
253 3744 412 3803 conditione
420 3744 593 3802 consensisse
602 3744 629 3800 in
640 3743 771 3815 reditum,
786 3760 867 3816 quam
880 3744 905 3801 si
916 3745 983 3814 Leo,
1040 3745 1104 3804 dem
1122 3746 1240 3820 magicas
1259 3755 1341 3814 artes,
1357 3746 1462 3818 legibus
1484 3745 1582 3803 divinis
1596 3754 1624 3802 et
1639 3744 1766 3801 humanis
1783 3746 1835 3801 im·

189 3837 304 3897 consilio
316 3837 361 3894 isti
372 3853 423 3894 suo
434 3836 599 3909 obsequens,
608 3839 728 3894 Romam
744 3838 867 3910 priuatus
878 3837 984 3911 ingredi
1041 3841 1178 3913 probatas,
1193 3839 1326 3898 didicerit.
1341 3863 1354 3888 υ
1370 3840 1479 3896 tiorum
1498 3838 1579 3913 igitur
1592 3838 1710 3896 duorum
1725 3840 1833 3896 etalio·

188 3934 360 3996 decerneret,
371 3931 436 3987 cleri
451 3946 617 3989 consensum
637 3930 754 3988 liberum
767 3931 795 3988 in
817 3931 859 3987 sui
874 3932 985 3988 eiectio·
1040 3949 1103 3990 nrm
1117 3932 1231 3990 lorsitau
1243 3933 1407 3989 eximiorum
1421 3933 1553 4001 vimrum,
1567 3935 1666 3991 Romae
1680 3942 1745 3989 tuuc
1763 3933 1833 4006 pari·

188 4042 253 4083 uem
275 4025 469 4098 requisiturum
495 4025 621 4097 quamvis
650 4024 679 4082 id
702 4023 825 4081 fortassis
848 4040 904 4081 non
928 4034 986 4083 erat
1040 4035 1082 4083 ter
1102 4027 1345 4097 commorantium,
1359 4042 1472 4100 operam
1489 4026 1540 4083 sibi
1557 4027 1585 4083 in
1612 4027 1680 4082 tanti
1702 4027 1835 4083 momenti

190 4121 305 4177 omniuo
318 4119 514 4187 necessarium,
536 4119 560 4175 si
579 4119 869 4192 percompromissum
884 4122 987 4176 Roma·
1040 4120 1148 4193 negotio
1159 4121 1330 4194 procurando
1350 4121 1460 4177 minime
1473 4118 1631 4177 defuturum
1649 4135 1760 4192 sperans
1780 4119 1838 4176 iiil-

34 4224 39 4233 '
132 4254 137 4271 .
189 4190 289 4271 nbrum
308 4213 432 4284 ipsorum
457 4212 598 4270 arbitrium
621 4212 739 4285 eligendi
766 4213 907 4269 Pontificio
937 4211 987 4269 luit
1039 4213 1204 4281 debrandus,
1224 4214 1311 4286 potuit
1332 4213 1405 4285 quod
1427 4213 1563 4286 pollicitus
1584 4222 1636 4282 est,
1655 4229 1719 4271 cum
1732 4213 1834 4271 dducia

190 4308 348 4380 imperatori
372 4305 507 4375 delatum,
534 4306 573 4363 uti
601 4307 759 4363 existimant
782 4306 868 4378 aliqui
892 4315 985 4363 contra
1039 4307 1133 4381 optimi
1155 4322 1307 4375 successus,
1332 4307 1466 4378 spondere
1489 4307 1583 4365 Leoni.
1603 4313 1646 4363 Au
1659 4316 1750 4364 autem
1775 4311 1835 4364 lio·

190 4409 312 4458 mentem
330 4399 455 4457 baronii.
468 4403 520 4457 bia.
539 4408 668 4456 nostrum
684 4399 718 4456 de
731 4399 802 4456 Vitis
813 4399 985 4467 Pontificum,
1040 4416 1114 4457 mam
1126 4400 1298 4459 advenientes
1310 4401 1346 4456 ibi
1361 4400 1451 4458 adbuc
1470 4402 1498 4459 S.
1515 4401 1661 4459 Odilonem
1677 4402 1834 4473 repererint,

189 4493 224 4551 de
234 4497 327 4550 Leone
340 4509 423 4566 agens
439 4512 446 4550 ε
465 4516 480 4543 ι
493 4493 546 4550 iiie
559 4509 576 4550 a
588 4496 660 4560 Deo,
674 4494 773 4566 inquit,
788 4494 892 4550 electus
913 4495 985 4550 Pou-
998 4494 1025 4558 ll
1039 4494 1171 4552 incertum
1184 4495 1249 4551 mibi
1261 4503 1317 4563 estc
1338 4495 1517 4551 laurentium
1531 4496 1611 4567 plane
1624 4492 1781 4552 debuerunt
1794 4495 1835 4550 in·

187 4586 265 4657 tifex,
277 4588 313 4644 ad
325 4587 422 4645 urbem
431 4587 542 4644 devenit
554 4590 721 4671 Romanam,
736 4602 832 4645 secum
847 4585 988 4645 deducens
1041 4589 1155 4646 venisse.

190 4680 416 4748 lindebrandum,
427 4681 474 4752 qui
486 4697 550 4737 cum
565 4696 633 4753 papa
651 4681 785 4752 Gregorio
797 4681 832 4738 ad
850 4690 940 4755 partes
952 4681 987 4738 il·
1076 4687 1121 4739 26.
1148 4684 1235 4739 Porro
1248 4681 1282 4740 ad
1303 4683 1504 4740 excusationem
1528 4684 1640 4741 ottonis
1659 4684 1838 4756 frisingensis

101 4822 110 4845 ,
189 4773 228 4831 lcs
240 4773 340 4832 ierat...
353 4782 383 4830 et
394 4774 517 4847 ejusdem
530 4774 709 4831 Hildebrandi
725 4774 839 4831 consilio
856 4775 986 4832 omniain
1042 4790 1183 4849 perperam
1203 4775 1331 4833 Cluniaoo
1350 4775 1522 4833 attribuentis
1542 4776 1616 4847 quod
1634 4775 1736 4834 iactum
1758 4781 1838 4834 Wor·

189 4867 285 4925 itinere
297 4877 324 4924 et
338 4869 367 4925 in
377 4868 428 4923 bac
441 4868 553 4925 civitate
566 4867 643 4925 iecit.
661 4892 674 4917 υ
1042 4869 1133 4926 matiae
1149 4877 1217 4937 erat,
1233 4869 1383 4926 boeotiam
1401 4868 1476 4940 iacit,
1506 4870 1580 4942 quod
1596 4870 1708 4927 minime
1721 4870 1838 4928 dubitari

224 4966 270 5019 rt.
293 4960 347 5020 Sed
374 4969 481 5035 quaerat
504 4960 550 5018 bic
565 4961 690 5019 fortassis
702 4961 800 5034 aliquis
815 4978 870 5035 qua
886 4961 986 5019 dducia
1042 4964 1130 5035 possit
1151 4963 1219 5035 quin
1245 4978 1278 5019 ex
1298 4963 1407 5032 itinere,
1434 4978 1482 5036 per
1496 4963 1701 5039 Lotlraringiam
1715 4967 1839 5036 Burgun-

191 5054 405 5120 iiildebrandus.
433 5055 602 5129 sesquianno
625 5054 759 5112 duntaxat
779 5055 808 5111 in
829 5055 905 5112 curia
933 5059 988 5112 Ro
1041 5054 1167 5128 diemque
1190 5057 1327 5123 instituto,
1356 5057 1515 5113 Cluuianum
1540 5056 1700 5115 deflexerint
1722 5059 1778 5112 Leo
1812 5063 1838 5110 et

190 5163 270 5204 mana
287 5157 410 5205 versatus
424 5165 488 5206 cum
503 5148 648 5220 Gregorio,
667 5148 783 5220 indeque
791 5147 852 5220 jam
869 5149 987 5206 alterum
1042 5149 1252 5207 Hildebrandus.
1274 5149 1400 5207 &cundo
1420 5149 1493 5207 enlm
1517 5151 1597 5207 Arari
1615 5147 1838 5207 commodissima

189 5242 384 5316 sesquiannum
403 5242 513 5312 absens,
529 5244 650 5315 potuerit
662 5250 722 5299 tam
740 5240 837 5298 cidoax
856 5242 987 5299 auxilium
1043 5242 1208 5316 Lugdunum
1222 5243 1263 5298 via
1277 5251 1319 5300 est
1334 5264 1341 5300 ε
1355 5243 1384 5300 in
1396 5244 1474 5317 cujus
1488 5244 1579 5301 medio
1593 5242 1626 5299 ad
1641 5241 1781 5299 dexteram
1799 5242 1836 5297 ri-

191 5337 276 5393 Leoni
290 5336 412 5408 polliceri
424 5335 459 5392 ad
483 5335 666 5393 obtinendum
686 5335 752 5393 cieri
774 5351 807 5392 ac
822 5335 915 5408 populi
932 5337 997 5392 iio-
1041 5352 1104 5409 pam
1116 5346 1156 5393 est
1167 5336 1363 5394 cabillonensis
1381 5336 1485 5406 civitas,
1498 5346 1527 5394 et
1540 5335 1646 5393 duabus
1658 5332 1721 5389 inde
1734 5333 1768 5390 ad
1791 5351 1839 5392 oc·

90 5474 93 5479 .
190 5429 455 5499 maniconsensum,
480 5427 583 5486 nedum
605 5429 846 5502 reipsaexbibere.
864 5429 891 5485 Si
908 5428 989 5486 liceat
1043 5430 1178 5488 cidentem
1206 5430 1288 5487 leucis
1312 5430 1488 5501 Cluniacum;
1512 5445 1568 5503 quo
1587 5430 1709 5485 monem
1729 5429 1840 5501 quidem

86 5586 90 5591 ,
146 5520 150 5524 ’
189 5521 294 5596 aliquid
314 5521 446 5591 divinare,
467 5522 583 5579 dixerim
608 5522 635 5580 id
659 5523 809 5596 pollicitum
826 5522 989 5580 Hildebran·
1043 5524 1155 5581 invitare
1169 5532 1276 5597 poterat
1297 5533 1359 5581 tum
1370 5523 1501 5582 sanctitas
1513 5520 1691 5580 celeberrima
1707 5523 1841 5591 loci,tum

189 5614 269 5686 dum,
287 5632 343 5673 nou
364 5615 461 5673 fiducia
481 5617 600 5688 pmpriae
614 5616 796 5684 auctoritatis,
814 5632 899 5688 quam
919 5617 990 5672 scire
1042 5617 1167 5691 Gregorii
1188 5616 1365 5691 Expontidcis
1379 5616 1415 5673 ibi
1436 5615 1591 5687 alloquendi
1615 5618 1809 5683 commoditas,
1825 5632 1840 5670 a

190 5709 308 5767 debebat
321 5713 421 5768 Romae
433 5708 494 5767 iore
506 5709 648 5783 exiguam3
668 5709 717 5768 sed
731 5710 837 5778 atiena,
852 5712 880 5766 S.
896 5709 989 5767 Odilo-
1042 5726 1097 5785 quo
1131 5721 1222 5785 posset
1252 5710 1488 5784 opportunissimis
1526 5710 1648 5766 consiliis
1668 5708 1839 5767 informari:

191 5803 233 5859 nis
259 5803 385 5861 videlicet
400 5802 443 5860 sui
463 5803 579 5872 abbatis,
602 5813 630 5860 et
655 5803 778 5877 magistri
794 5803 836 5861 sui
850 5803 989 5862 laurentii
1042 5806 1132 5879 ipsum
1157 5820 1222 5862 rem
1246 5803 1463 5863 Hildebraudum
1480 5801 1583 5881 epdern
1596 5804 1705 5862 trabere
1728 5801 1843 5859 debebat
