3884 6158
223 240 275 294 evo
690 196 1391 290 s.nannonuur'menoeanouamsu.
1816 176 1910 279 eet*

224 374 334 435 cunque
347 368 435 418 vestra
446 357 576 416 canonica
589 356 665 431 Juste
676 370 753 413 nuno
765 352 860 423 habet,
869 361 918 411 aut
929 353 958 408 iu
972 367 1020 424 po·
1032 356 1061 420 Α
1076 347 1189 408 timodae
1201 346 1384 421 poenitudinis
1392 344 1563 405 exhibitione
1577 343 1613 402 ab
1622 342 1807 402 anathematis
1820 343 1872 399 vin

223 463 339 522 uterum,
353 453 475 511 Domino
490 458 641 522 annuente,
655 448 758 507 habere
769 446 915 520 contigerit
923 446 951 503 in
963 445 1019 519 qui·
1072 444 1136 502 culo
1149 442 1307 502 absolutum
1322 442 1352 498 in
1371 440 1485 516 gratiam
1498 436 1701 497 communionis
1715 450 1781 495 eum
1794 450 1871 495 rece·

222 547 341 607 buslibet
357 545 440 603 rebus
453 544 613 614 mobilibus,
635 543 676 601 rel
691 542 893 612 immobilibus,
907 541 964 598 sive
984 540 1019 597 ab
1072 540 1173 610 pimus.
1187 540 1230 595 De
1250 545 1350 595 estere
1366 534 1433 592 nihii
1445 548 1539 592 secarm
1551 540 1715 601 statuentes,
1728 529 1782 588 nisi
1797 529 1872 604 quod

221 640 344 714 ejusdem
361 638 481 696 civitatis
495 638 621 712 episcopo
635 638 717 707 datis,
732 638 788 695 sive
802 637 836 693 ab
855 635 916 693 aliis
930 635 1021 691 homi·
1072 632 1106 689 sd
1120 631 1291 689 cavrtelamet
1303 629 1438 687 honorem
1452 628 1579 685 omnium
1594 634 1718 683 vestrum
1730 621 1790 681 lore
1800 632 1873 698 puta

221 733 303 792 nibus
319 732 502 806 subtimeret
520 733 632 805 privatis
648 731 711 798 tibi,
733 732 843 804 tuisque
856 728 1020 786 successori·
1074 724 1171 783 vimus.
1187 726 1313 797 cumque
1324 721 1570 796 Langobardorum
1588 717 1705 792 episcopi
1719 717 1807 774 totius
1824 731 1873 774 ne·

220 827 273 885 bus
297 826 495 885 confirmamus
509 836 537 884 et
552 826 705 885 stabilimus
720 826 938 898 inperpetuum.
952 826 1020 881 ilaec
1072 818 1141 890 getii
1150 832 1292 874 summam
1301 815 1335 874 ad
1346 830 1526 873 communem
1534 810 1864 886 conventumetpruden

222 919 307 995 igitur
316 923 422 987 omnia,
443 936 504 994 quae
516 921 597 995 hujus
614 920 742 995 praecepti
760 917 917 991 decretique
930 916 1019 973 nostri
1074 914 1120 973 tle
1135 922 1233 970 vestrae
1254 911 1483 969 consultationem
1511 916 1676 966 reservatam
1692 920 1753 963 esse
1766 920 1872 979 cogno-

221 1014 322 1088 pagina
336 1014 470 1084 continet,
491 1023 549 1072 tam
563 1014 613 1071 tibi
627 1028 712 1087 quam
731 1013 847 1082 cunetis,
866 1011 914 1085 qui
932 1010 960 1067 ln
975 1025 1019 1079 eo,
1074 1014 1190 1075 seerent,
1205 1022 1256 1063 nee
1280 1004 1383 1064 desuis
1402 1004 1534 1078 eulprsea
1549 1018 1634 1076 quam
1657 1002 1806 1076 sperabant
1819 999 1872 1057 im·

221 1119 278 1178 quo
289 1120 319 1161 es
332 1104 439 1172 ordine,
450 1103 564 1176 locoque
579 1102 768 1170 successerint,
785 1100 828 1156 rel
840 1100 879 1157 eis
900 1114 1019 1172 quorum
1072 1102 1197 1177 punitate
1209 1099 1412 1157 absolutionem
1421 1097 1551 1170 consequi
1561 1095 1727 1168 potuissent,
1739 1100 1871 1167 quantana

222 1197 356 1255 interesse
373 1197 502 1270 potuerit,
521 1196 670 1269 apostolice
694 1194 857 1252 auctoritate
875 1194 905 1250 in
926 1208 1021 1266 perpe·
1073 1194 1231 1269 superbiam
1249 1201 1421 1267 quantosque
1443 1190 1557 1248 maiitiae
1570 1198 1689 1246 conatus
1706 1196 1809 1245 contra
1822 1202 1872 1243 nos

221 1298 302 1349 tuum
313 1291 447 1349 smmnda
461 1289 645 1347 decernimus.
661 1290 688 1347 Si
700 1288 762 1362 quis
771 1302 836 1345 vero
851 1303 959 1360 regum,
974 1302 1019 1344 sa·
1073 1288 1161 1348 adorsi
1174 1290 1238 1354 sint,
1254 1285 1452 1345 addicendum
1469 1284 1582 1358 quidem
1595 1282 1686 1351 triste,
1701 1279 1737 1338 ad
1756 1279 1873 1338 audien·

221 1384 377 1453 cerdotum,
391 1383 567 1453 clericorum,
579 1381 705 1456 judicum
719 1397 752 1439 ac
768 1381 941 1439 saecularium
957 1396 1019 1454 per·
1072 1383 1140 1441 dum
1152 1390 1194 1441 est
1213 1380 1409 1449 abominabile,
1424 1395 1489 1436 eum
1508 1376 1557 1447 illi,
1573 1376 1662 1450 quiin
1678 1374 1804 1433 Ecclesia
1820 1372 1870 1431 liei

223 1492 356 1535 sonarum
369 1476 443 1535 hanc
454 1476 660 1535 constitutionis
674 1484 778 1534 nostrae
791 1474 920 1549 paginam
937 1489 1020 1548 agno·
1073 1478 1208 1537 columnae
1226 1490 1287 1534 esse
1308 1474 1476 1541 debuerunt,
1497 1487 1553 1529 nou
1575 1469 1660 1528 modo
1684 1470 1715 1527 in
1734 1482 1872 1541 compage

221 1585 309 1637 scens,
324 1578 421 1628 contra
440 1586 501 1628 eam
513 1570 659 1627 temerario
676 1584 747 1627 ausu
758 1569 852 1626 renire
864 1570 1020 1638 tentaverit,
1074 1571 1197 1644 corporis
1209 1568 1308 1629 Christi
1321 1567 1429 1625 nullum
1442 1566 1534 1622 locum
1546 1572 1668 1633 teneant,
1690 1561 1740 1620 sed
1754 1561 1872 1635 pertina-

220 1663 373 1737 potestntis,
388 1663 554 1737 honorisque
568 1664 610 1722 nri
626 1662 759 1737 dignitate
770 1671 873 1735 careat,
887 1678 1021 1736 reumque
1075 1667 1143 1724 citer
1157 1664 1371 1737 impugnatores,
1388 1669 1415 1718 et
1432 1667 1565 1733 quantum
1586 1658 1621 1715 ad
1641 1671 1671 1714 ss
1684 1656 1872 1713 destructores

221 1771 252 1814 se
272 1755 365 1814 divino
385 1755 488 1832 judicio
507 1758 623 1815 existere
640 1757 675 1815 de
696 1764 853 1831 perpetratu
873 1756 1016 1831 iniquitate
1032 1773 1056 1836 Β
1071 1760 1199 1821 existant.
1214 1760 1328 1829 Derege
1338 1770 1413 1824 vero,
1427 1762 1458 1810 ut
1475 1753 1504 1810 in
1519 1752 1563 1810 his
1575 1767 1638 1825 quae
1651 1749 1732 1808 nobis
1743 1749 1873 1823 promisit

220 1858 380 1922 eognoscat.
393 1854 429 1908 Et
441 1852 495 1908 nisi
507 1867 550 1921 ea,
559 1864 627 1922 ‘quae
642 1852 677 1907 alr
690 1851 738 1908 iilo
751 1860 816 1907 sunt
829 1850 901 1907 male
919 1850 1018 1915 ablata,
1072 1853 1234 1928 simpliciter
1242 1859 1290 1908 aut
1306 1847 1465 1906 obedienter
1478 1844 1669 1914 ambulaverit,
1680 1859 1738 1900 non
1748 1844 1871 1901 multum

221 1943 380 2011 restituerit,
393 1943 528 2018 reldigna
544 1946 706 2017 poenitentia
723 1943 817 2001 illicite
829 1952 888 2001 acta
902 1943 1017 2001 dellere
1072 1947 1160 2007 laetari
1173 1959 1330 2019 possumus,
1350 1940 1503 2016 presertim
1521 1955 1587 1997 cum
1602 1937 1710 2010 exejus
1726 1938 1871 2010 presentia

222 2036 267 2105 rlt,
281 2038 496 2094 sancratissimo
509 2053 635 2110 corpore,
649 2054 682 2095 ac
691 2036 825 2111 sanguine
841 2037 893 2093 Dei
903 2036 1018 2093 Domini
1073 2042 1185 2116 pessimi
1208 2041 1310 2113 quiquo
1332 2046 1429 2096 contro
1454 2051 1507 2094 nos
1530 2044 1558 2093 et
1575 2033 1758 2109 apostolicam
1775 2031 1871 2091 sedem

221 2127 406 2202 redemptoris
423 2129 510 2187 nostri
528 2132 594 2187 Jesu
610 2130 711 2187 Christi
732 2130 835 2187 alienus
856 2130 914 2200 liat,
934 2139 1019 2202 atquc
1071 2137 1132 2209 plus
1145 2134 1269 2192 audaciae
1288 2148 1373 2205 quam
1396 2130 1509 2189 terroris
1528 2146 1578 2202 pro
1603 2135 1758 2202 perpetrata
1771 2125 1872 2200 iniqui·

220 2222 250 2278 in
263 2230 368 2280 aeterno
380 2222 650 2281 examinedistrictae
673 2222 769 2280 ultioni
782 2222 932 2296 subjaceat.
943 2225 1018 2280 Cun-
1071 2235 1128 2285 tate
1141 2226 1269 2284 habeant.
1282 2226 1359 2283 luter
1370 2224 1431 2283 haee
1441 2231 1530 2280 vestra
1544 2222 1660 2279 consilis
1669 2227 1870 2293 exspectantes,

220 2314 272 2372 ctis
285 2323 379 2373 autem
394 2315 485 2373 eidem
497 2315 559 2372 loeo
568 2315 642 2388 justa
658 2315 830 2372 servantibus
848 2317 885 2371 sit
898 2332 949 2387 pax
964 2318 1018 2371 Do
1071 2320 1184 2377 randem
1194 2335 1241 2392 per
1254 2319 1476 2376 liliumnostrum
1488 2319 1676 2389 Rapotonem,
1683 2328 1769 2388 quem
1776 2313 1814 2371 ad
1824 2328 1872 2370 ros

220 2408 292 2465 mini
314 2409 402 2466 nostri
421 2411 488 2466 lesu
506 2408 618 2478 Christi,
636 2417 773 2480 quatenus
791 2415 818 2464 et
839 2408 882 2464 hic
896 2406 1016 2463 fructum
1070 2414 1209 2480 misimus,
1231 2410 1283 2468 hoc
1296 2425 1345 2467 vos
1360 2408 1429 2466 velle
1442 2416 1470 2464 et
1484 2408 1623 2481 postulare
1635 2405 1871 2480 cognorimus,s'

221 2501 303 2558 bonae
319 2501 437 2557 aetionis
455 2500 618 2573 percipiant,
633 2508 661 2557 et
679 2500 753 2573 apud
767 2500 923 2559 districtum
938 2499 1015 2574 judi·
1070 2505 1209 2578 quomodo
1222 2503 1257 2561 ad
1272 2512 1363 2576 partes
1377 2509 1480 2559 vestras
1491 2501 1610 2558 transire
1623 2499 1775 2573 posumus,
1789 2509 1871 2573 atque

220 2607 282 2650 cem
296 2593 408 2664 praemia
425 2600 536 2650 aelarnae
550 2593 625 2665 pacis
641 2593 790 2650 inveniant.
805 2597 907 2659 Amen,
922 2607 1014 2649 amen.
1070 2598 1108 2666 id,
1121 2606 1152 2655 ut
1165 2599 1273 2655 cautius
1286 2596 1345 2653 fleri
1368 2595 1467 2670 possit,
1480 2611 1546 2653 cum
1560 2593 1635 2669 regis
1647 2592 1764 2651 oonsilio
1774 2599 1804 2649 et
1821 2591 1870 2650 ad·

255 2684 368 2757 Signum
379 2685 503 2758 Gregorii
518 2701 595 2758 papae
608 2686 719 2758 septimi
736 2707 743 2746 :
759 2689 941 2743 miserationes
951 2692 1015 2754 tuoe,
1066 2691 1180 2765 jutorio,
1201 2706 1282 2765 agere
1306 2688 1478 2746 studeamus.
1499 2689 1557 2746 Nos
1579 2687 1674 2760 itaque
1694 2684 1871 2755 dcutjvoots

219 2780 340 2843 nvminis
356 2781 538 2848 superomnia
551 2794 634 2850 opera
644 2781 712 2851 θένω.
1069 2784 1273 2852 mandavimus,
1287 2791 1385 2841 vestra
1396 2783 1529 2839 voluntati
1540 2790 1622 2853 atque
1631 2778 1757 2837 consiliis
1769 2779 1802 2837 in
1811 2794 1873 2837 um·

140 2869 143 2873 ’
254 2872 358 2927 Datum
373 2870 520 2928 Florentia
536 2872 631 2929 vital.
647 2872 771 2930 ianuarii
787 2888 835 2943 per
848 2887 948 2930 manus
964 2876 1016 2929 l’e·
1070 2876 1153 2935 nibus
1174 2876 1326 2935 seeundum
1349 2874 1623 2947 heneplacitumDei
1644 2872 1804 2931 satisiaeere
1821 2888 1872 2932 eu·

219 2964 255 3022 tri
267 2972 371 3023 sanetis
392 2967 527 3023 Romanae
544 2966 674 3025 Ecclesia
692 2966 841 3041 presbyteri
859 2966 1015 3034 cardinalis,
1070 2970 1187 3043 pientes.
1203 2970 1232 3027 id
1247 2972 1337 3043 ipsum
1351 2984 1400 3041 per
1411 2969 1524 3025 nuutios
1534 2975 1645 3025 nostros
1658 2982 1726 3025 eum
1740 2982 1807 3039 rege
1818 2973 1874 3025 sta·

218 3073 251 3115 ae
264 3056 473 3124 bibliothecarii,
491 3075 566 3116 auno
578 3074 613 3116 ιν
633 3059 808 3132 pontificatus
822 3059 928 3116 domini
946 3061 1016 3118 Gre·
1071 3070 1147 3120 tuere
1172 3070 1254 3135 atque
1273 3070 1401 3135 coaptare
1423 3075 1536 3135 operam
1561 3059 1670 3117 damus.
1690 3061 1800 3117 Verum
1818 3076 1876 3133 quo

217 3150 287 3225 gorii
300 3153 352 3208 vlt
371 3166 464 3224 papie3
484 3167 558 3208 anno
580 3152 705 3209 videlicet
719 3153 877 3209 Dominicis
897 3153 1018 3210 incarna-
1034 3167 1057 3231 c
1071 3155 1167 3213 animo
1189 3155 1247 3227 ipse
1269 3154 1350 3212 nobis
1363 3162 1390 3211 et
1404 3154 1481 3211 vobis
1494 3154 1523 3210 in
1542 3152 1594 3211 hac
1614 3168 1698 3210 eausa
1712 3154 1875 3211 consentire

217 3244 301 3302 tionis
313 3243 461 3303 millesimo
471 3247 669 3320 septuagesimo
680 3254 767 3316 msto,
780 3246 879 3303 indict.
893 3261 961 3305 xiv.
1070 3248 1180 3316 debeat,
1203 3256 1267 3305 aute
1283 3247 1443 3306 missionem
1463 3248 1545 3321 hujus
1566 3245 1723 3320 legationis,
1737 3246 1881 3319 quoniam

547 3364 686 3421 χχχιιι,
1071 3341 1320 3416 reranobislonge
1329 3341 1458 3409 distabat,
1472 3355 1640 3414 prenoscere
1652 3342 1872 3414 nonpourimus,

218 3472 340 3543 (maon-⁸·
365 3473 417 3531 VH
433 3475 545 3546 epistola
567 3474 605 3530 ad
623 3474 846 3547 archiepiscopos,
872 3475 1014 3561 episcopos,
1070 3434 1199 3543 sed'mos
1217 3444 1249 3495 ut
1268 3436 1488 3543 cognoverimus,
1509 3436 1585 3542 vobis
1602 3434 1874 3493 intimarenontar·

254 3544 342 3608 duces,
357 3548 463 3601 comites
484 3549 643 3616 opumque
653 3548 791 3619 principe,
813 3562 872 3604 cum
885 3562 958 3603 ,mm
967 3563 1017 3620 1³⁰·
1070 3529 1209 3589 dabimus.
1232 3534 1333 3590 scitote
1349 3539 1432 3604 rgrtur
1450 3544 1583 3603 quomam
1600 3528 1661 3587 baec
1681 3535 1727 3585 est
1744 3527 1874 3587 voluutas

249 3616 316 3684 Pl1⁰
325 3617 404 3685 thui
416 3616 625 3674 Teutonicorum.
1071 3632 1099 3683 et
1109 3624 1275 3683 desiderium
1287 3632 1426 3692 nostrum,
1441 3631 1473 3680 ut
1483 3621 1525 3680 vel
1538 3637 1674 3680 consensu
1688 3621 1774 3695 regis,
1789 3622 1872 3681 volat
1940 3643 1942 3658 ⁴

517 3720 610 3786 (Anno
626 3724 718 3785 1077.)
1070 3719 1229 3777 cenulenta
1243 3718 1301 3775 ilem'
1316 3718 1413 3791 possit,
1429 3716 1463 3773 ad
1475 3712 1524 3774 voi
1534 3732 1584 3789 pro
1596 3716 1743 3774 communi
1749 3714 1870 3775 utilitate
1918 3747 1941 3754 -

218 3808 357 3881 [flugonis
366 3809 512 3893 Flaviniac.
527 3812 684 3893 chronicon,
695 3811 884 3883 apudPsars,
896 3816 1012 3871 Menum.
1070 3821 1100 3871 et
1112 3813 1202 3870 salute
1216 3814 1341 3871 omnium
1351 3806 1473 3871 vestrum
1488 3821 1720 3885 pertranseamus.
1736 3810 1822 3883 Quod
1836 3811 1869 3881 si,
1883 3844 1931 3877 ρ

307 3881 396 3937 GM·
407 3882 484 3945 'lma
498 3886 598 3953 smil·
609 3890 678 3939 2⁰⁰¹·
690 3885 765 3950 Vffls
780 3900 842 3957 pag.
852 3889 928 3952 445·]
1070 3906 1189 3980 peccatis
1198 3914 1225 3964 et
1238 3922 1387 3981 pravorum
1401 3905 1500 3964 studiis
1509 3905 1691 3972 obstantibus,
1706 3904 1766 3963 deri
1777 3904 1910 3979 nequi-

251 3988 432 4046 Gsssslllllll
444 3989 601 4062 0Pi⁸⁰⁰lll¹⁸s
613 4004 710 4046 milli
721 4004 865 4047 tiliorum
876 3992 938 4059 Dei,
952 3990 1016 4048 dile
1070 4001 1150 4069 serit,
1174 4001 1274 4059 absens
1295 4009 1388 4058 tamen
1406 4000 1625 4074 omnipotentem
1647 4000 1740 4057 Deum
1755 3997 1868 4057 cbnhis

215 4077 345 4137 sicimis
355 4081 384 4137 in
394 4081 507 4138 Christo
520 4079 654 4139 iratribus
667 4090 695 4138 et
708 4081 782 4150 liliis,
792 4083 1014 4157 archiepiscopis,
1069 4109 1177 4167 sempor
1189 4094 1273 4152 orabo
1289 4095 1424 4167 piscibus,
1441 4103 1474 4151 nt
1495 4093 1681 4151 cordavestra
1696 4100 1726 4151 ot
1736 4090 1823 4149 lldem
1837 4090 1859 4138 ἰ
1929 4107 1942 4128 ·

217 4173 366 4245 episeopis,
381 4173 507 4241 ducibus,
521 4174 680 4243 comitibus,
703 4176 865 4250 eaeterisque
883 4179 1014 4252 principi·
1070 4189 1149 4245 omni
1170 4190 1256 4261 gratia
1280 4188 1380 4246 virture
1400 4187 1561 4254 confirmor,
1579 4194 1608 4244 et
1621 4187 1659 4243 its
1682 4187 1714 4244 in
1737 4184 1835 4243 omnib

214 4263 278 4335 bus,
300 4281 364 4323 cum
391 4267 469 4324 omui
484 4268 585 4341 populo
610 4269 688 4342 regni
701 4270 917 4329 'teutonicomm
943 4272 1015 4330 chri·
1071 4289 1161 4338 vestm
1181 4281 1293 4338 consilia
1305 4290 1332 4338 et
1346 4281 1417 4338 lacta
1433 4281 1543 4355 dirigat,
1566 4288 1597 4338 ut
1614 4280 1769 4337 libertatem
1791 4278 1935 4339 cuna

214 4357 334 4417 elianam
343 4358 429 4418 iidem
441 4369 470 4417 et
482 4361 644 4436 religionem
658 4361 879 4434 defendentibus,
893 4366 1012 4424 salutnn
1066 4375 1165 4431 stianae
1182 4374 1321 4448 roligionis
1335 4374 1472 4432 indelessa
1489 4376 1592 4431 virtuto
1604 4371 1764 4441 defendere,
1780 4382 1810 4429 er
1822 4386 1865 4440 ea,

213 4460 242 4509 02
255 4454 435 4527 ¹P⁰⁸t⁰¹i⁰⁸m
446 4454 674 4513 benidiliifflem·
1065 4483 1128 4540 quse
1149 4467 1184 4524 ad
1204 4475 1309 4525 statum
1330 4476 1359 4524 et
1373 4468 1491 4541 gloriam
1505 4466 1670 4525 nobilissimi
1690 4465 1770 4540 regni
1784 4484 1826 4522 v».
1840 4490 1846 4510 ·
1859 4456 1942 4500 “·

249 4545 364 4603 Sicutin
378 4548 517 4619 prioribus
535 4547 631 4606 litteris
650 4557 680 4606 et
691 4549 843 4623 legatorum
860 4553 1011 4611 serbisro·
1024 4527 1051 4592 Ῐ)
1065 4564 1123 4617 Deo
1140 4559 1299 4633 dignissima
1317 4569 1346 4618 et
1365 4559 1443 4619 vobis
1463 4561 1608 4619 utilissima
1621 4567 1697 4627 sunt,
1721 4559 1866 4632 providere
1906 4583 1942 4596 *-

139 4714 143 4719 Ι
214 4637 258 4693 bis
270 4638 497 4711 significavimus,
513 4641 693 4715 intelligentes
707 4643 782 4716 quod
793 4644 876 4718 digne
888 4648 948 4703 Deo
961 4646 1009 4703 de·
1063 4654 1172 4726 possitis
1190 4662 1219 4710 cr
1234 4654 1358 4728 exsequi.
1380 4657 1436 4712 llos
1455 4662 1550 4712 autom
1562 4656 1592 4711 in
1610 4653 1752 4726 proposito
1769 4650 1864 4711 deien-

214 4727 337 4787 lensores
346 4731 461 4804 justitia
474 4749 524 4791 vos
539 4734 568 4790 in
578 4751 642 4792 vera
659 4736 812 4795 obedientia
828 4747 857 4795 et
869 4740 1010 4812 apostolici
1062 4746 1159 4805 dendae
1170 4747 1304 4820 justitiae,'
1314 4747 1387 4820 quod
1406 4762 1456 4822 pro
1472 4748 1587 4805 nomine
1596 4746 1695 4805 Christi
1710 4754 1738 4804 et
1760 4754 1863 4806 retunt

214 4823 385 4927 Pfi¹¹⁰iif³¹¹¹⁵
402 4827 558 4885 rilfflssfifl
567 4828 737 4899 θῐῦῑῦΰὶίῑῑῦι
756 4830 786 4888 in
803 4841 893 4890 restra
906 4834 960 4891 lide
982 4842 1010 4890 et
1062 4842 1243 4898 retributione
1252 4840 1414 4913 incoepistis,
1428 4842 1467 4897 ita
1481 4841 1628 4913 persistite,
1642 4848 1673 4897 ut
1685 4838 1721 4897 ad
1730 4854 1863 4897 coronam

213 4917 335 4974 consiliis
349 4917 513 4975 lldueialiter
526 4934 604 4992 spem
620 4932 762 4994 ponentes,
775 4934 870 4982 contra
882 4926 1009 4983 volunta·
1062 4943 1120 4992 ram
1129 4934 1226 5002 sancti,
1236 4943 1295 4991 tam
1302 4938 1362 4991 Deo
1373 4934 1466 5007 placiti
1475 4936 1645 5004 certaminis,
1657 4938 1718 4991 Deo
1727 4935 1861 5002 docente,

212 5018 270 5068 tem
285 5012 493 5081 peneomnium
508 5012 811 5086 lideliumnostrorum,
828 5021 1011 5089 ercoptacha-
1063 5023 1216 5096 pertingere
1231 5022 1351 5078 caleatis.
1375 5022 1458 5079 Plura
1477 5024 1555 5080 robis
1574 5039 1624 5097 per
1645 5027 1748 5096 scripta
1768 5022 1862 5083 misit·

212 5103 322 5160 sissima
337 5103 536 5163 etiidelissima
549 5105 623 5164 beati
644 5110 718 5165 Petri
731 5109 799 5177 lilia,
811 5110 934 5168 videlieet
947 5115 1009 5169 hla-
1061 5124 1165 5176 murus,
1185 5111 1237 5168 nisi
1260 5109 1334 5183 quod
1356 5111 1424 5168 tales
1446 5111 1482 5170 nd
1500 5128 1549 5170 ros
1572 5112 1682 5173 nuntios
1700 5111 1861 5181 direximus,

211 5194 307 5265 tbilde,
322 5197 373 5254 iter
387 5198 423 5255 ad
441 5213 490 5255 ros
504 5214 562 5256 non
575 5201 667 5258 solum
692 5202 767 5259 inter
790 5205 879 5261 multa
903 5205 1008 5263 incom-
1060 5199 1158 5270 quibus
1171 5200 1360 5257 indubitanter
1371 5200 1483 5257 credere
1493 5201 1620 5273 potestis,
1636 5201 1663 5257 in
1676 5216 1799 5274 quorum
1812 5215 1861 5259 ore

212 5288 306 5358 moda,
316 5289 364 5348 sed
375 5299 402 5348 et
415 5293 533 5364 pericula
547 5295 668 5366 aggressi
692 5310 799 5364 sumus,
811 5305 840 5353 et
853 5300 1009 5369 pervenisse
1060 5288 1196 5360 quidquid
1215 5289 1243 5345 5¹¹
1257 5290 1374 5362 θΡῙῦῑθῑθ
1388 5289 1660 5360 mi⁰¹¹⁸⁰0¹1¹i¹¹0⁸¹¹fs
1674 5298 1703 5347 θῑ
1716 5306 1768 5364 ΡΝ
1782 5288 1861 5350 ’οὓ

211 5382 323 5456 quidem
347 5383 542 5456 potuissemus,
561 5388 586 5444 si
610 5386 744 5444 ducatum
763 5404 798 5446 eo
816 5398 951 5463 tempore,
975 5409 1009 5452 so
1060 5375 1148 5433 ’Μ
1162 5377 1515 5445 '⁰⁸⁶⁰f11022fflmhib0b
1530 5378 1684 5450 mulssim·
1700 5382 1805 5439 ΛΜ·

212 5474 273 5534 loeo
295 5492 350 5549 quo
367 5479 634 5550 constitutumerat,
658 5496 689 5537 es
709 5491 797 5541 restra
809 5494 886 5557 parte
901 5486 1008 5547 habuis·
1391 5472 1526 5528 xxxlv·

211 5584 315 5629 umus.
325 5570 396 5628 Cum
405 5581 503 5631 autem
516 5588 550 5630 οι
565 5573 624 5646 ipsa
635 5577 817 5648 suspensione
830 5588 933 5637 nonrae
946 5598 1007 5654 pro·
1059 5559 1182 5629 ommi
1197 5561 1251 5618 7¹¹
1264 5563 1375 5633 ‘PM
1388 5562 1425 5620 Μ
1446 5578 1534 5621 mm
1556 5563 1778 5637 “mim
1803 5566 1860 5649 Ψ

210 5662 342 5722 tecuoms
362 5666 419 5738 regi
436 5665 465 5722 in
483 5666 592 5725 ltaliam
615 5671 771 5742 properanti
792 5672 826 5729 ad
846 5689 898 5730 nos
912 5690 1007 5747 perra·
1093 5632 1437 5771 fflgssbssfflfwgg’
1490 5636 1600 5721 ‘mm‘
1612 5636 1860 5779 {mma-

210 5756 428 5817 nieudidaretur
440 5760 559 5830 omacio,
573 5760 636 5819 victi
649 5762 708 5835 eJus
722 5764 878 5823 bumilitate
892 5769 1004 5826 etmul·
1092 5774 1171 5842 phau
1195 5778 1352 5833 mustitutor
1372 5776 1481 5847 quondo
1504 5779 1646 5846 mse,
1671 5778 1861 5838 olerum
