3870 6164
637 214 683 267 Al)
702 210 816 267 uasat
836 212 863 266 S.
884 211 1044 267 aasabim
1062 210 1284 267 areanorum.

696 499 838 590 vira
875 501 925 588 a.
964 449 1223 588 ansatur

776 678 958 740 numusrs
977 676 1161 754 nrrsoom,

134 842 201 903 AB.
215 841 268 920 (sic
282 843 396 900 mirere
409 841 502 910 vocnt)
517 835 705 916 presbytero,
722 837 922 918 ejusdemque
939 840 969 899 S.
984 835 1114 899 Pastoris
1128 834 1159 896 in
1169 833 1375 914 spiritualibus
1384 832 1446 896 lilio
1458 823 1594 912 graviter
1605 832 1779 913 conscripta.

460 935 514 998 Cui
528 934 710 1017 quamplura
724 935 783 998 alia
798 936 936 1014 eiusdem
952 937 984 998 S.
1002 934 1057 996 viri
1079 933 1229 996 miracula
1245 933 1461 996 adnectuntur.

173 1261 288 1318 Derotis
302 1258 487 1332 quorumdam
501 1256 625 1329 precibus
643 1256 779 1312 instanter
796 1257 932 1329 cogimur,
949 1255 1037 1322 Aillo
1057 1253 1237 1326 postmodum
1257 1253 1383 1327 religiose
1400 1258 1585 1310 consecratus.
1607 1251 1713 1325 lgitur,
1725 1250 1780 1308 duni

137 1364 169 1413 ut
178 1356 272 1412 Vitam
283 1353 450 1409 sanctissimi
463 1351 554 1409 Patris
564 1350 651 1406 nostri
662 1349 791 1405 Lucensis
802 1349 933 1421 episcopi,
989 1348 1127 1420 aliquanto
1140 1356 1274 1419 tempore,
1290 1363 1348 1404 non
1364 1345 1448 1403 semel
1473 1352 1520 1402 aut
1542 1344 1595 1409 bis,
1621 1344 1673 1401 sed
1696 1345 1780 1417 sapius

138 1448 244 1506 domini
271 1446 410 1512 anselmi,
438 1461 521 1517 quam
549 1451 699 1516 praesentes
727 1442 846 1500 vidimus
871 1452 935 1500 eta
990 1439 1548 1513 cumeodemreligiosissimoordinatore
1560 1449 1779 1505 momorantur,

139 1543 240 1614 pariter
253 1538 489 1596 commorantibus
503 1536 619 1594 fideliter
630 1537 795 1609 accepimus,
808 1551 937 1609 compen·
990 1535 1073 1590 vitam
1091 1535 1151 1606 ejus
1171 1533 1356 1590 consideravit
1369 1532 1543 1589 ineffabiliter
1564 1531 1737 1599 mirabilem,
1754 1548 1780 1588 ac

137 1635 217 1692 diosc
231 1633 402 1706 explicemus
423 1631 535 1698 laborm
552 1645 614 1703 quac
639 1636 681 1686 tot
706 1638 780 1687 certe
800 1645 833 1686 ac
852 1630 938 1686 tantis
990 1627 1154 1685 mirabiliter
1177 1626 1354 1684 ineffabilem.
1377 1627 1463 1696 Quia,
1483 1642 1549 1682 cum
1564 1625 1600 1682 de
1622 1625 1779 1684 omnibusct

137 1728 267 1802 praeclara
287 1726 361 1783 fulsit
375 1725 529 1790 virtutibus,
547 1733 578 1780 ut
598 1724 713 1780 minime
726 1740 778 1780 nos
791 1723 826 1779 ad
845 1723 938 1795 injun·
991 1722 1105 1793 singulis
1119 1720 1219 1777 linibus
1233 1721 1324 1779 saeculi
1343 1719 1422 1777 fieret
1434 1719 1470 1776 ad
1482 1735 1549 1776 eum
1563 1735 1728 1788 concursus,
1740 1719 1778 1775 n'tr

139 1831 215 1878 mum
234 1821 288 1876 talc
306 1820 451 1893 negotium
465 1818 646 1875 sufficiamus.
663 1819 759 1889 Atqui,
778 1817 845 1874 dum
858 1832 938 1873 vene·
991 1812 1119 1871 omnibus
1132 1813 1274 1870 satisfecit.
1292 1813 1400 1870 Veritas
1412 1829 1477 1870 vero
1491 1821 1518 1869 et
1533 1813 1641 1885 justitia
1655 1827 1779 1886 nunqnam

138 1915 225 1972 rabile
253 1912 418 1970 desiderium
451 1912 562 1968 illorum
588 1910 804 1983 perpendimus,
828 1909 937 1966 tametsi
991 1908 1034 1965 ori
1046 1908 1106 1980 ejus
1119 1906 1205 1965 defuit
1220 1925 1227 1963 ι
1247 1908 1319 1974 imo,
1334 1905 1409 1980 quod
1422 1908 1509 1980 magis
1523 1914 1566 1963 est
1580 1905 1747 1974 mirandum,
1757 1906 1779 1960 in

139 2024 196 2065 non
216 2004 380 2073 sufficimus,
404 2013 545 2077 utcunque
570 2012 674 2072 tamem
700 2002 773 2076 qnod
797 2010 937 2075 expetunt,
991 2002 1057 2073 ipsis
1081 2001 1256 2058 secularibus
1278 2000 1396 2073 negotiis
1419 1999 1517 2072 saepius
1543 2001 1667 2056 excessit
1688 2008 1778 2062 mene,

140 2101 296 2172 incipimus.
323 2099 462 2167 Quoniam
486 2096 610 2153 fidelibus
624 2096 731 2152 cunctis
746 2095 809 2153 fidei
828 2103 940 2167 praestat
991 2095 1142 2153 exhilarato
1163 2095 1257 2168 spiritu
1273 2111 1323 2150 suo
1341 2095 1444 2151 caelesti
1466 2094 1716 2165 contemplatione3
1729 2092 1778 2165 qui,

140 2192 349 2248 firmamentum
378 2198 407 2245 et
435 2205 522 2246 cornu
552 2190 662 2255 salutis;
696 2188 939 2245 excommunicatis
992 2189 1014 2245 si
1028 2190 1151 2260 privatus
1166 2188 1305 2244 interdum
1320 2188 1467 2253 exstiterit,
1483 2187 1699 2245 revelationibus
1710 2186 1779 2243 etiam

141 2293 235 2342 autern
248 2282 460 2352 confusionem,
476 2281 685 2349 verecundiam,
705 2280 899 2338 detrimentum
912 2289 940 2338 et
993 2280 1087 2338 dirime
1102 2281 1271 2354 jucundatus
1295 2289 1337 2338 cst
1359 2289 1388 2337 et
1410 2279 1594 2337 confortatus.
1621 2280 1725 2354 Hujus,
1745 2279 1780 2334 in·

143 2378 304 2450 perniciem.
994 2391 1088 2448 quam,
1103 2375 1215 2447 vestigia
1229 2373 1296 2432 dum
1309 2373 1419 2447 exsequi
1434 2372 1572 2430 ferventer
1586 2371 1779 2441 desideratio

177 2475 204 2528 Λ
222 2469 335 2542 pueritia
349 2469 465 2542 qualiter
478 2468 586 2537 vixerit,
602 2470 662 2525 tum
679 2468 743 2540 quia
757 2468 939 2541 pleniternon
994 2468 1058 2540 cipit
1077 2468 1198 2525 oblivisci
1216 2467 1366 2535 mundum,
1385 2483 1418 2524 ac
1430 2468 1498 2524 totis
1520 2467 1628 2524 viribus
1648 2466 1742 2524 menes
1758 2473 1783 2520 rt

142 2563 280 2631 novimus,
296 2572 356 2619 tum
370 2562 433 2634 quia
454 2562 568 2619 reticere
591 2561 840 2634 impraesentiarum
853 2562 939 2618 satius
994 2562 1126 2635 corporis,
1144 2560 1188 2617 die
1201 2576 1232 2617 ac
1253 2569 1334 2618 nocte
1347 2561 1485 2633 suspirare
1498 2561 1528 2616 in
1542 2563 1644 2629 Deum,
1658 2559 1779 2617 commit·

142 2658 327 2724 aestimamus,
343 2655 587 2728 pretermittimus.
604 2654 763 2712 studiosum
778 2663 870 2711 tamen
882 2656 938 2727 jam
955 2620 979 2682 B
995 2663 1056 2711 tens
1073 2671 1103 2711 se
1120 2671 1176 2711 non
1198 2655 1289 2711 solnm
1311 2654 1431 2712 assiduae
1449 2654 1572 2721 lectioni,
1592 2669 1686 2710 rerum
1707 2652 1782 2709 mam

141 2760 209 2809 tunc
224 2751 252 2806 in
264 2749 433 2806 scholasticis
447 2749 530 2805 etiam
548 2747 672 2821 legendis
686 2748 763 2805 libris
774 2748 871 2817 fuisse,
883 2748 942 2820 ipso
996 2748 1137 2806 continuae
1150 2748 1293 2805 afflictioni
1309 2753 1389 2814 (475).

141 2843 242 2917 saepius
251 2841 395 2912 referente,
406 2841 600 2914 cognorimus,
614 2841 722 2914 qnodet
735 2841 774 2897 rei
790 2841 941 2910 evidenter,
1032 2845 1066 2898 Et
1091 2843 1267 2914 perscrutatis
1288 2842 1458 2898 diversarum
1480 2842 1680 2900 auctoritatum
1699 2841 1782 2907 libris,

142 2937 268 3010 probavit
281 2935 411 3004 effectus,
427 2935 532 3007 quiain
546 2943 605 2992 arte
624 2935 799 3008 grammatica
815 2943 843 2992 et
853 2934 942 2993 diale-
995 2934 1089 3007 incipit
1107 2937 1192 2993 vitam
1211 2951 1291 2992 suam
1304 2935 1495 3009 perditissimae
1512 2935 1702 2993 damnationis
1720 2933 1782 2993 esti·

141 3032 210 3090 utica
231 3030 332 3088 exstitit
351 3030 456 3104 peritus
479 3034 564 3097 (stt).
589 3032 664 3085 Dum
684 3038 778 3086 autem
806 3029 943 3086 videretur
995 3045 1087 3099 mare,
1108 3038 1192 3102 atque
1211 3030 1313 3102 accepti
1339 3029 1484 3087 ministerii
1507 3028 1783 3103 dignitatemque

136 3127 196 3199 jam
222 3123 347 3193 idoneus,
370 3138 470 3195 nempe
483 3122 599 3188 meritis,
623 3121 749 3178 moribus
762 3138 796 3178 ac
817 3122 941 3190 seientia,
996 3122 1087 3179 oneris
1107 3122 1271 3195 periculum,
1292 3139 1350 3180 non
1372 3123 1484 3180 honoris
1507 3123 1644 3196 gandium
1664 3124 1782 3198 ecgiurc

141 3217 240 3291 dignus
271 3225 302 3273 ut
324 3214 507 3273 inhonorem
530 3213 724 3272 sublimaretur
753 3215 941 3288 episcopatus,
995 3216 1067 3273 lllud
1080 3231 1144 3273 rere
1157 3224 1221 3273 ante
1239 3218 1331 3274 omnia
1349 3223 1485 3281 metuens.
1509 3216 1586 3290 quod
1603 3227 1667 3290 post
1683 3216 1781 3275 adsoli-

38 3350 44 3363 .
142 3311 260 3368 mittitur
278 3308 533 3367 ereverendissime
554 3324 623 3381 papa
637 3308 796 3366 Alexandro
816 3309 890 3383 (473)
905 3309 942 3367 ad
995 3325 1059 3366 cam
1073 3310 1235 3367 electionem
1250 3310 1284 3367 de
1295 3326 1382 3368 mann
1396 3311 1467 3383 regis
1478 3311 1614 3368 annulum
1624 3311 1782 3384 suscepitet

140 3420 246 3478 regem,
261 3404 326 3461 dato
343 3403 394 3459 sibi
408 3403 521 3470 cernite,
538 3403 667 3475 religioso
681 3403 810 3476 episcopo
828 3405 857 3459 S.
871 3402 940 3459 Ruf·
994 3404 1158 3476 pastoralem
1171 3402 1310 3461 baculum.
1329 3408 1401 3462 Nam
1419 3403 1528 3460 irritum
1548 3419 1666 3476 prorsus
1679 3402 1782 3463 uene

142 3497 220 3569 linae,
245 3497 357 3556 nomine
378 3495 547 3569 Meginardo.
572 3496 628 3553 Sed
654 3496 794 3569 quiajam
815 3485 941 3569 'perfecte
994 3497 1033 3553 rit
1058 3496 1190 3571 quidquid
1213 3505 1342 3571 operatus
1365 3504 1418 3567 cst,
1434 3496 1511 3570 quasi
1534 3499 1701 3555 auctoritate
1724 3497 1781 3554 illim

141 3598 264 3663 coeperat
285 3589 389 3656 odisse,
420 3598 453 3646 ut
479 3589 549 3644 sacri
581 3587 692 3645 ordines
720 3589 900 3649 ecclesiastici
925 3606 941 3646 a
994 3590 1184 3649 abominabilis
1204 3591 1387 3661 investiturae,
1410 3591 1459 3649 sed
1482 3599 1510 3648 ct
1528 3591 1652 3650 domnus
1678 3587 1780 3666 papaid

141 3681 317 3739 saecularibus
339 3681 472 3739 darentur
494 3681 691 3753 potestatibus,
714 3697 880 3755 quacunque
898 3682 942 3739 rel
994 3684 1084 3742 solum
1096 3684 1242 3757 aliquando
1256 3684 1455 3757 vituperaritin
1467 3683 1525 3742 illo.

142 3776 285 3831 occasione
307 3773 348 3830 vel
368 3773 475 3829 ratione
496 3773 596 3844 potuit,
618 3774 721 3846 absque
735 3774 878 3846 dignitatis
895 3776 941 3832 in·
1029 3778 1169 3851 Disposuit
1181 3794 1247 3852 ergo
1262 3778 1394 3835 orationis
1411 3793 1505 3847 causa,
1528 3785 1692 3838 sanctorum
1704 3777 1778 3850 alirn

142 3869 271 3924 vestitura
285 3866 426 3935 discessit;
439 3881 597 3939 quanquam
612 3882 643 3922 ea
656 3867 806 3924 intentione
820 3868 941 3925 domnus
994 3870 1102 3928 visitare
1117 3872 1222 3941 fiscina,
1241 3880 1270 3930 et
1282 3870 1466 3929 nescientibus
1483 3871 1530 3945 qui
1555 3888 1621 3929 cum
1643 3873 1702 3946 ipso
1713 3876 1778 3929 erant

1 4049 3 4056 ,
91 3999 92 4002 ,
144 3976 213 4034 papa
233 3959 313 4016 illum
337 3959 474 4016 direxerit.
497 3961 555 4014 Nec
574 3958 687 4015 mirum.
713 3960 764 4028 Qui
779 3961 854 4017 enim
876 3976 938 4034 ope·
994 3965 1151 4035 parentibus
1170 3981 1202 4023 ac
1216 3964 1350 4034 fidelibus,
1374 3965 1509 4022 fltsubitn
1522 3965 1680 4024 monachus
1691 3962 1779 4038 regul&

34 5628 37 5633 ·
141 5626 154 5652 ι
170 5604 244 5658 Nam
258 5601 352 5657 saculi
365 5601 551 5659 blandimenta
565 5611 594 5659 et
606 5603 730 5676 corporis

144 4062 219 4111 ratus
242 4060 283 4110 est
305 4061 399 4125 postea
420 4067 468 4124 per
488 4067 551 4107 eum
570 4050 662 4129 multa
684 4055 774 4121 Deus,
799 4053 941 4113 catholicae
994 4059 1023 4114 S.
1040 4057 1181 4115 Benedicti
1199 4062 1273 4128 (476)
1285 4059 1433 4132 subjectus.
1448 4058 1502 4132 Qui
1514 4074 1576 4116 non
1591 4058 1779 4132 poeninae

143 4148 220 4205 illum
239 4145 364 4203 electioni
379 4145 537 4203 reservavit.
555 4148 615 4202 Rex
627 4153 721 4203 autem
735 4149 812 4218 quasi
830 4149 941 4222 despec·
994 4151 1153 4210 beatissimo
1179 4169 1245 4225 papa
1282 4153 1414 4225 Gregorio
1440 4152 1541 4209 inritus
1563 4160 1702 4211 rerooetur
1723 4169 1730 4206 :
1755 4148 1793 4213 in

144 4249 245 4299 tumea
263 4238 362 4310 doluit,
381 4247 410 4296 et
425 4239 523 4312 regalis
538 4238 646 4311 imperii
664 4249 797 4314 tanquam
812 4258 942 4316 magnum
995 4245 1076 4319 cujus
1097 4247 1183 4303 etiam
1204 4261 1329 4312 manum,
1354 4245 1488 4319 quidquid
1505 4262 1522 4303 a
1546 4262 1613 4320 rege
1635 4250 1779 4318 omnent·

145 4334 345 4401 detrimentum
359 4332 519 4407 deploravit.
948 4383 950 4387 ,
996 4338 1086 4396 reddit
1103 4349 1132 4397 et
1145 4339 1256 4410 refutat,
1269 4341 1416 4413 omnisque
1428 4339 1503 4396 datio
1517 4340 1619 4414 regalis
1633 4338 1718 4397 inille
1732 4350 1781 4393 erre

178 4427 318 4485 Defuncto
332 4427 426 4499 itaque
445 4425 577 4499 predicto
599 4442 670 4501 papa
683 4426 842 4487 Alexandro
856 4436 940 4501 (474),
994 4441 1102 4489 cuatur.
1124 4436 1185 4506 lpse
1208 4449 1273 4490 vero
1298 4434 1327 4491 in
1346 4433 1545 4506 plenitudinem
1570 4433 1724 4507 dignitatis,
1747 4430 1780 4485 rit

74 4570 77 4575 .
142 4523 210 4581 dum
220 4523 409 4581 sanctissimus
423 4522 574 4595 Gregorrus
583 4523 634 4577 vlt
645 4519 673 4577 in
683 4523 841 4580 Romanum
853 4525 943 4595 ponti·
995 4527 1091 4584 relicto
1100 4527 1152 4584 sibi
1164 4527 1257 4585 babitu
1269 4532 1342 4594 (477)
1352 4528 1520 4596 monastico,
1529 4535 1709 4586 rmtauraw.
1722 4526 1781 4584 llam

144 4616 226 4672 ficem
238 4616 356 4689 Spiritus
370 4614 457 4672 sancti
476 4613 663 4687 instigatione,
678 4630 710 4670 ac
725 4623 789 4672 roto
801 4619 941 4675 communi
995 4628 1023 4677 et
1041 4620 1119 4676 illum
1137 4621 1298 4679 subtrahere
1316 4621 1368 4678 sibi
1394 4620 1514 4678 domnus
1532 4637 1603 4693 papa
1624 4620 1780 4678 minabatur·

144 4709 309 4764 clericorum
326 4717 355 4764 et
368 4708 512 4772 laicorum,
532 4707 580 4764 diu
595 4707 726 4775 renitens,
742 4717 813 4765 esset
826 4709 939 4783 electus,
995 4714 1112 4783 Quantae
1128 4715 1212 4788 igitur
1228 4716 1356 4788 abinceps
1369 4715 1510 4787 religionis
1527 4712 1625 4781 fuerit,
1640 4730 1692 4771 nse
1704 4712 1780 4785 lingua

144 4809 175 4858 ut
200 4810 361 4873 sequeretur
382 4817 446 4857 eum
460 4800 511 4857 iste
532 4800 561 4855 in
582 4800 731 4871 omnibus,
753 4802 781 4858 ln
798 4806 940 4861 Lucanam
995 4808 1206 4880 potestreferra,
1218 4825 1269 4866 nec
1281 4824 1379 4865 manus
1391 4805 1537 4865 scribendo
1548 4807 1779 4880 valetexprirnrre

144 4894 296 4951 Ecclesiam
310 4902 353 4950 est
375 4902 403 4951 et
425 4893 483 4967 ipse
506 4893 609 4951 electus
631 4894 788 4968 episcopus,
804 4905 886 4970 atque
905 4899 940 4956 ab
994 4902 1121 4958 llonachi
1136 4902 1240 4975 pariter
1254 4909 1282 4958 et
1291 4900 1413 4959 canonici
1428 4902 1513 4958 vium
1525 4908 1555 4956 et
1572 4899 1780 4958 ordinemeone

180 5037 254 5105 (477)
277 5031 388 5087 Recitat
406 5030 466 5087 baec
479 5032 579 5087 Daren.
604 5035 939 5110 tom.X1,ann01073,
994 5040 1209 5098 venenamortis
1223 5040 1405 5096 amarissima.
1419 5003 1500 5097 cibos
1513 5034 1780 5112 quoquedettcartre
1823 5080 1825 5089 .

143 5120 172 5160 n.
191 5109 218 5160 2.
552 5172 557 5184 ‚
649 5175 654 5186 ¹
715 5175 721 5187 ⁸
993 5112 1199 5183 mosquoniam
1212 5111 1332 5169 babebat
1345 5124 1451 5176 exosos,
1470 5110 1538 5167 dum
1552 5127 1568 5166 a
1583 5109 1778 5168 circumsedea-

178 5176 252 5246 (ttt)
265 5173 419 5256 Alexander
432 5176 467 5240 ll,
481 5172 593 5245 pontif,
610 5190 655 5246 qur
675 5183 770 5258 etipse
785 5185 864 5234 antea
883 5181 940 5252 epi·
993 5181 1119 5239 dentibus
1141 5199 1250 5265 sumere
1272 5192 1424 5309 coqemtnr,
1449 5181 1653 5264 infirmitatem,
1677 5190 1724 5239 ant
1740 5193 1777 5259 te

140 5262 248 5375 titt.
265 5249 398 5303 ¹⁴¹¹⁰ffl⁸¹⁸
423 5244 529 5314 “¹⁸¹⁸‘'
558 5253 587 5301 ²²
614 5247 737 5303 ‘mm'
761 5263 866 5306 ”lm
890 5250 939 5308 ¹¹³·
992 5252 1775 5383 ittettltt“ttatlttttettttlttlttt

176 5390 249 5462 (474)
261 5387 369 5445 Recital
381 5387 440 5445 haec
450 5391 526 5458 Bar,
539 5396 607 5444 tom.
622 5391 661 5459 X,
677 5404 750 5447 anno
762 5396 842 5459 tota,
856 5408 932 5452 num.
951 5390 1115 5456 liventibus
1127 5412 1182 5452 non
1197 5394 1310 5453 afferret
1323 5395 1472 5453 tristitiam.
1488 5419 1502 5447 a
1518 5398 1587 5452 llaec
1595 5363 1774 5453 ammonet

141 5465 245 5527 60,61.
654 5532 660 5544 ι
952 5508 958 5529 ,
992 5465 1019 5520 in
1033 5467 1191 5540 apographo
1206 5477 1302 5524 nostro
1315 5467 1388 5525 infra
1399 5474 1573 5540 comparent.
1750 5532 1754 5542 Ι

174 5536 248 5599 (475)
285 5532 350 5587 Post
376 5531 437 5590 haec
468 5539 622 5604 sequuntur
652 5539 704 5589 ista
735 5534 939 5663 aqaquciaparqq:
991 5539 1101 5663 almi
1118 5542 1194 5609 Bar,
1215 5548 1244 5597 et
1261 5540 1478 5597 clerimoniam
1494 5535 1771 5604 ammentum·

138 5671 512 5757 busgandebant'homines,
529 5674 585 5755 ipse
599 5675 653 5730 sibi
665 5675 726 5747 jam
739 5620 806 5732 meuc
824 5623 937 5735 co'rrecr-
1016 5624 1101 5747 tgit)
1131 5683 1193 5738 Bar.
1221 5687 1324 5740 mutato
1344 5686 1454 5741 tuntum
1468 5680 1585 5752 debite,
1614 5681 1667 5743 serl
1691 5677 1771 5741 sertim

138 5752 173 5802 tit
195 5761 224 5800 ιιι
248 5752 436 5812 tormentum,
457 5744 641 5808 abominando
664 5760 781 5818 quaeque
805 5755 937 5821 tanquam
991 5753 1130 5825 exemplar
1142 5762 1278 5812 nostrum.
