3884 6158
758 260 855 317 LIBER
874 262 1039 321 eutst'us.
1058 295 1094 305 —
1112 263 1214 321 EPlST.
1234 265 1298 323 ttxt.
1798 270 1850 328 tel

474 382 646 440 EPISTOLA
665 384 733 441 XX.
1014 388 1140 461 Aligere
1160 397 1188 445 et
1207 389 1361 456 absolvero,
1382 388 1433 445 tibi
1453 389 1539 448 iacias
1557 390 1725 463 debitorem;
1745 402 1774 450 et
1791 410 1849 451 non

311 534 356 575 m
375 533 546 576 mmm
568 534 669 576 HGEM
689 536 884 580 mmmm
1051 498 1101 554 pro
1126 482 1293 555 negligentia
1316 490 1364 538 eut
1389 483 1508 540 veritatis
1530 484 1748 543 dissimulatione
1772 488 1847 560 judi·

1051 575 1132 643 dum,
1161 575 1208 630 sed
1233 591 1283 646 pro
1314 575 1454 649 diligentia
1481 576 1651 651 justitiaeque
1675 581 1848 639 exsecutione

507 635 595 701 (Ᾱῦὓο
608 634 696 705 1080·)
1051 668 1137 739 ipsius
1148 668 1235 739 gratie
1245 677 1380 724 aeternum
1393 669 1477 741 digne
1490 671 1622 727 merentis
1632 670 1774 729 sutilium.

194 749 288 815 noem
307 761 339 801 oc
364 748 495 803 llormsae
515 751 638 804 Rerneusi
663 751 859 821 archiepiscopo
878 753 997 822 deposito
1087 764 1156 816 Dato
1172 769 1248 817 sexto
1267 760 1407 817 Kalendas
1425 764 1561 821 ianuarii.

237 818 325 871 ullum
338 817 453 873 uberitts
461 820 582 885 fauorem
599 819 730 889 prebeat,
745 823 791 876 sed
803 838 865 876 eum
880 825 917 877 ab
929 827 997 879 etmi-

235 891 302 942 ciiia
324 904 375 942 suo
397 890 519 959 repellet.
541 893 629 945 Monet
647 897 779 961 preterea
799 910 831 947 rie
847 895 997 951 electionem
1307 874 1482 931 EP¹ST0LA
1506 876 1587 932 ΧΧῙ·

234 960 376 1028 impediat,
389 975 470 1029 quidm
482 964 751 1018 RernertsisEchesioe
771 964 855 1018 clerus
868 971 893 1020 ei
909 982 995 1036 popli·
1112 994 1153 1035 AD
1171 994 1385 1038 ttsttttlstvntltt
1405 997 1581 1041 gpqscopmq
1601 1000 1778 1043 numm,

234 1030 276 1084 lus
290 1031 418 1096 facturus
432 1038 499 1093 mut,
513 1033 560 1087 sed
569 1034 614 1088 ilii
626 1050 704 1103 quem
716 1036 803 1105 ermior
813 1051 880 1105 pers
889 1038 996 1106 elegerit

233 1101 373 1156 auxilium
382 1105 512 1172 prebeat.
1324 1086 1415 1157 (Anno
1440 1090 1530 1155 ¹080.)

232 1224 412 1284 Gsseontus
425 1228 577 1301 episcopm,
590 1245 685 1286 servus
694 1244 835 1287 Sirmium
849 1230 912 1297 9⁰¹2
924 1232 983 1290 ΡΜ
1050 1190 1445 1319 Acgtilrffibffitfrttplicrtgssblefaei
1454 1194 1844 1333 2,⁰,22‘,{¹,}²,{,{¹,2'}{⁸,²,2,'‡{,²ss{¹,2⁶{,

205 1334 302 1389 steno,
317 1322 438 1392 glorioso
449 1323 507 1395 regi
518 1325 699 1391 Francorum,
715 1323 831 1380 salntem
846 1332 873 1380 et
884 1333 994 1395 eposio·
1084 1334 1156 1389 sedis
1170 1334 1321 1402 apiostolieoe
1333 1336 1364 1388 iu
1382 1337 1637 1391 escormnuuicoudo
1651 1352 1712 1406 repe
1722 1339 1843 1403 ilenrico,

202 1413 281 1469 qffim
297 1413 532 1473 benedictionem,
1060 1454 1066 1461 .
1085 1409 1111 1459 et
1122 1405 1282 1459 absolvendo
1298 1406 1418 1461 multius
1431 1423 1449 1460 e
1461 1408 1602 1475 fidelitatis
1617 1412 1791 1462 somumeuto.

232 1508 311 1579 Saepe
327 1524 376 1581 per
392 1509 505 1566 nuntios
521 1518 577 1566 tuee
597 1509 767 1566 celsitudinis
790 1511 944 1567 audivimus
967 1520 994 1568 te
1086 1514 1845 1587 Gnseontnsepiscopus,servusserrorumDei,dileeto

199 1602 316 1673 gratim
342 1603 374 1656 B.
401 1603 470 1658 Petri
500 1611 680 1674 nostrumque
708 1603 855 1659 amicitiam
879 1621 992 1676 oupere;
1049 1607 1275 1687 inchristoiretri
1287 1611 1479 1667 Hermanno
1491 1611 1608 1666 bletensi
1620 1613 1758 1683 episcopo,
1773 1610 1845 1668 selu·

198 1693 270 1765 quod
291 1701 320 1750 et
339 1702 405 1751 lunc
424 1711 475 1751 nos
488 1696 604 1752 libenter
623 1697 772 1768 accepisse,
796 1706 824 1753 et
845 1697 949 1766 adbuc,
969 1698 993 1754 si
1048 1708 1145 1757 temet
1158 1697 1581 1774 apostolicambenedictionem.

197 1803 258 1844 eum
269 1788 395 1844 animum
406 1790 493 1859 geris,
503 1791 613 1846 noveris
623 1788 776 1846 admodum
786 1789 864 1846 nobis
877 1792 990 1862 plaeere.
1008 1799 1032 1861 Β
1082 1794 1161 1866 Quod
1176 1794 1210 1850 ad
1230 1794 1407 1866 perimendos
1423 1795 1530 1853 labores
1545 1812 1577 1853 ec
1591 1797 1710 1868 pericula
1726 1810 1775 1869 pro
1793 1797 1845 1855 de·

196 1884 226 1936 ln
247 1880 302 1937 hoc
317 1881 391 1937 enim
413 1891 441 1939 te
463 1891 519 1938 tuen
537 1882 634 1938 salutis
652 1883 774 1939 amicum
789 1883 992 1956 sollicitumque
1045 1885 1167 1942 tensione
1195 1886 1314 1943 veritatis
1338 1895 1366 1943 te
1397 1894 1521 1958 paratum
1544 1888 1733 1962 intelligimus,
1756 1889 1843 1946 divini

196 1989 254 2031 esse
277 1973 463 2041 demonstras,
496 1977 519 2031 si
550 1977 729 2046 apostolicam
759 1976 991 2045 benevolentiam,
1046 1979 1167 2035 ntuneris
1178 1995 1237 2035 esse
1248 1996 1304 2036 non
1324 1979 1500 2048 dubitemus;
1520 1981 1598 2054 cnjus
1609 1981 1668 2038 haee
1681 1991 1723 2038 est
1745 1982 1843 2039 ineisa-

195 2068 264 2125 sieut
283 2068 466 2125 Christianum
487 2086 579 2139 regem
595 2069 689 2133 decet,
706 2070 812 2142 assequi
827 2078 855 2127 et
867 2070 993 2127 obtinere
1045 2071 1106 2127 bilis
1127 2073 1212 2145 gretie
1233 2080 1260 2129 et
1272 2073 1363 2129 divina
1378 2074 1524 2130 elementia
1538 2074 1612 2147 quod
1628 2090 1772 2147 nunquam
1791 2075 1844 2132 ele-

195 2160 350 2230 desiderem
372 2178 456 2234 quam
472 2163 585 2235 quidem
606 2162 659 2219 hoe
674 2170 753 2234 pecto
775 2163 887 2235 adipisci
902 2164 993 2220 multo
1045 2173 1104 2221 etos
1134 2182 1200 2222 snos
1237 2166 1347 2237 penitus
1381 2167 1508 2223 aberrare
1535 2167 1674 2238 pemtittit,
1702 2184 1844 2240 nunquam

196 2252 300 2311 ieeilius
318 2272 351 2311 ec
378 2256 485 2327 dignius
511 2256 623 2327 poteris,
648 2257 671 2312 si
700 2265 728 2312 te
749 2257 777 2312 in
803 2257 992 2314 ecclesiasticis
1044 2256 1169 2313 funditus
1184 2258 1340 2315 labefactari
1355 2268 1404 2316 eut
1420 2258 1498 2332 dejici
1518 2260 1598 2327 sinit,
1622 2260 1691 2317 dum
1710 2276 1768 2327 eos,
1782 2277 1844 2333 per·

195 2350 313 2421 negotiis
334 2348 490 2421 diligentem
514 2349 699 2422 devotumque
728 2357 884 2407 reverenter
914 2349 991 2406 exhi·
1044 2351 1193 2407 secutionis
1207 2359 1334 2423 tempore
1353 2352 1473 2423 quadem
1489 2352 1548 2408 utili
1565 2352 1725 2424 probatione
1738 2353 1844 2411 discus·

195 2442 292 2499 boetis.
318 2442 392 2514 Quia
414 2443 442 2498 in
464 2459 493 2498 re
507 2442 602 2514 procul
627 2442 710 2499 dubio
731 2443 826 2499 minus
848 2444 992 2515 vigilanter
1044 2458 1101 2510 sos,
1126 2444 1210 2499 etiam
1226 2454 1289 2515 post
1312 2445 1522 2518 trepidationem
1546 2446 1668 2518 aliquam
1690 2447 1843 2520 semetipsis

192 2536 366 2609 multumque
384 2536 565 2609 negligentius
587 2552 671 2607 quem
697 2552 794 2592 senum
815 2535 899 2592 fuerit
924 2537 989 2592 olim
1044 2534 1173 2592 fortiores
1192 2536 1267 2592 iacit.
1284 2537 1423 2607 Quoniam
1446 2546 1540 2594 autem
1555 2538 1628 2594 sieut
1645 2540 1715 2595 inter
1730 2539 1844 2612 ignavos

193 2628 320 2687 babuisse
329 2639 356 2684 te
369 2631 500 2685 cerneris.
512 2630 567 2686 Sed
581 2644 632 2685 nos
645 2629 835 2686 adolescentiae
849 2638 903 2685 tute
918 2645 991 2700 pree-
1043 2628 1128 2683 elium
1150 2645 1205 2700 quo
1225 2630 1332 2701 turpius
1351 2631 1403 2686 alio
1430 2630 1515 2702 lugiet
1537 2631 1623 2688 timor
1645 2632 1793 2698 exanimet,
1807 2635 1843 2690 ita

192 2722 269 2779 terite
292 2721 409 2794 delicte,
432 2738 479 2795 spe
503 2722 681 2778 correctionis
702 2730 757 2777 tuae
781 2730 936 2793 portantes,
960 2730 991 2777 ut
1043 2721 1124 2775 etiam
1147 2721 1222 2776 inter
1245 2732 1374 2778 strenuos
1393 2724 1550 2794 aliumque
1569 2723 1668 2780 lortius
1689 2725 1745 2781 alio
1768 2736 1842 2799 eget,

190 2816 320 2887 deinceps
342 2816 479 2887 castigetis
501 2816 626 2872 moribus
647 2815 682 2871 ad
697 2831 728 2870 ee
743 2830 804 2886 quae
822 2822 931 2886 oportet
945 2816 991 2869 in·
1044 2829 1099 2884 quo
1118 2813 1258 2871 ardentius
1273 2824 1446 2886 prorumpat,
1462 2816 1536 2871 virile
1557 2825 1651 2887 pectus
1674 2817 1840 2875 inflammet.

188 2907 989 2980 vigiles,esdebitooiiiciinostrimonemuslgiturioter
1046 2912 1105 2963 lloc
1127 2907 1252 2962 charitati
1285 2917 1339 2963 tnae
1369 2908 1567 2964 exhortationis
1593 2925 1658 2965 voce
1684 2912 1841 2969 curarimus

172 3011 287 3060 caetera
303 3003 433 3058 virtutum
447 3003 537 3059 studia
549 3003 629 3073 regiae
643 3002 811 3057 excellentie
826 3002 988 3056 convenien·
1041 3000 1251 3070 commendare,
1276 3009 1352 3057 uteo
1375 3001 1462 3073 magis
1484 3000 1513 3056 in
1528 3001 1585 3057 acie
1600 3001 1764 3059 Christianae
1779 3004 1843 3059 reli-

173 3097 235 3159 tia,
255 3110 319 3168 qnae
333 3095 379 3150 tibi
392 3096 482 3151 inesse
491 3104 630 3167 optamus,
645 3111 709 3151 cum
723 3102 749 3151 te
757 3095 870 3166 justitiae
881 3102 986 3150 amato·
1042 3093 1131 3165 gionis
1151 3103 1222 3150 stare
1243 3103 1270 3149 te
1291 3094 1407 3151 delectet
1427 3095 1497 3150 inter
1511 3094 1626 3166 primos,
1645 3112 1700 3167 quo
1719 3112 1766 3152 eos
1785 3114 1841 3154 nen

168 3200 249 3247 rem
271 3188 522 3260 misericordiaque
541 3188 687 3244 custodem
712 3188 840 3255 existere,
863 3164 1028 3244 eeclesiasc
1045 3186 1155 3242 dubitas
1174 3187 1270 3243 victori
1296 3191 1355 3243 Deo
1379 3189 1521 3259 prosimos
1546 3196 1628 3260 etque
1652 3188 1840 3261 dignissimos.

158 3280 348 3350 «tetendero,
364 3281 642 3353 pupillosviduesque
656 3290 799 3353 protegere
812 3281 847 3335 sit
864 3296 989 3336 necesse·
1046 3279 1126 3348 Quod
1153 3289 1245 3337 autem
1277 3280 1415 3352 postulasti
1441 3291 1469 3337 te
1494 3280 1572 3352 quasi
1601 3282 1703 3337 nostris
1732 3283 1841 3354 scriptis

161 3378 275 3443 riom,
292 3391 350 3431 non
368 3375 507 3431 minusad
524 3376 638 3431 internae
652 3376 746 3431 salutis
765 3374 920 3431 custodiam
936 3373 986 3429 tibi
1039 3373 1131 3443 juvari
1149 3389 1181 3429 ee
1202 3374 1362 3444 praettmniri
1386 3382 1482 3429 contra
1498 3374 1609 3429 illontm
1632 3374 1767 3431 insaniem
1793 3376 1841 3447 qui

155 3486 247 3527 esse
265 3485 414 3541 pravorum
437 3469 549 3525 consilia
570 3468 733 3540 spemende,
749 3468 922 3540 meximeque
939 3482 986 3523 ex·
1042 3463 1162 3523 neiando
1175 3481 1223 3522 ore
1243 3467 1366 3538 garriunt
1392 3465 1583 3522 auctoritatem
1608 3475 1710 3523 senctae
1728 3476 1756 3523 et
1772 3484 1840 3540 epo·
1929 3530 1935 3539 ,

153 3563 456 3620 communicatorum
480 3560 680 3618 lentilieritates
704 3559 892 3627 detestandas,
916 3559 989 3615 arbi·
1042 3559 1146 3615 stolicae
1160 3558 1233 3614 sedis
1252 3576 1307 3615 non
1329 3561 1451 3631 potuisse
1465 3576 1557 3631 regem
1577 3561 1733 3627 llenricum,
1748 3561 1839 3619 bomi-

150 3662 297 3713 tremur
322 3663 404 3727 etque
428 3656 585 3711 asserimus.
607 3654 688 3711 Unde
702 3653 863 3710 sublimitati
881 3661 937 3709 tuae
954 3668 987 3709 ex
1041 3669 1105 3709 nem
1125 3652 1290 3709 Christianae
1308 3652 1376 3724 legis
1397 3661 1628 3725 contemptorem,
1653 3655 1839 3711 Ecclesietum

147 3758 262 3821 parte
281 3748 354 3805 beati
373 3749 446 3805 Petri
465 3749 636 3821 preecipimus
655 3764 688 3804 ac
701 3764 734 3804 ex
748 3756 840 3803 nostra
857 3760 988 3819 rogemus
1041 3747 1165 3803 videlicet
1174 3746 1318 3817 etimperii
1329 3746 1539 3814 destructorem,
1548 3756 1631 3818 atque
1642 3747 1837 3804 hereticorum

146 3844 361 3900 utbianessae
371 3841 711 3913 ilemensierebiepiseopo
722 3840 805 3909 dicte,
818 3839 866 3895 sed
877 3848 988 3911 propter
1041 3849 1181 3897 auctorem
1208 3847 1236 3895 et
1263 3847 1478 3895 consentaneum
1508 3840 1763 3907 excommunicare,
1785 3856 1839 3897 nee

142 3946 250 3993 uuas
279 3934 450 4007 iniquitates,
481 3950 542 4007 quae
569 3949 625 3990 non
648 3941 816 4005 praetereunt
845 3933 986 3989 seientiam
1040 3948 1206 4007 quemquam
1224 3948 1240 3987 u
1259 3939 1429 3988 sacramento
1450 3930 1588 3987 fidelitatis
1601 3932 1660 4005 ejus
1680 3931 1836 4001 absolvere,·

135 4030 278 4097 tntam,
302 4028 547 4100 irrecuperabiliter
577 4027 716 4099 deposito,
738 4026 848 4083 nullum
872 4025 987 4082 ulterius
1040 4044 1096 4083 non
1111 4026 1180 4082 adeo
1191 4025 1374 4082 necessarium
1394 4025 1473 4081 nobis
1487 4024 1603 4092 videtur,
1619 4041 1684 4081 eum
1695 4025 1777 4098 huju
1795 4027 1834 4083 rei

136 4116 342 4180 revortitur
366 4123 494 4178 solatium
510 4122 641 4193 praebeas,
662 4120 711 4176 sed
732 4136 796 4176 eum
811 4121 849 4175 ite
865 4119 899 4173 ab
914 4119 984 4174 ami·
1040 4130 1096 4175 tent
1118 4119 1206 4174 multe
1229 4134 1261 4173 ac
1280 4118 1433 4174 certissima
1447 4117 1615 4174 documenta
1644 4120 1674 4173 iu
1693 4134 1834 4176 sacratum

125 4217 247 4273 eitia
264 4224 311 4271 tue
326 4213 466 4271 rescindas
480 4222 588 4287 atquea
602 4221 750 4284 conspeetu
765 4212 915 4285 praesentiae
929 4219 985 4269 tues
1040 4214 1241 4284 seripturarum
1256 4211 1362 4283 paginis
1376 4210 1557 4282 reperiantur.
1575 4212 1671 4287 Neque
1687 4213 1761 4268 enim
1773 4229 1835 4269 cre-

127 4314 372 4381 eontemptum
391 4308 516 4380 repellas,
538 4316 568 4363 ut
585 4316 613 4362 te
634 4315 726 4378 pateat
742 4306 867 4362 inimicos
882 4314 983 4361 sanetae
1039 4306 1131 4363 dimus
1143 4320 1190 4360 eos
1202 4304 1249 4375 qui
1265 4303 1299 4357 ad
1313 4303 1456 4358 utinulum
1476 4318 1533 4359 suae
1555 4303 1738 4360 damnationis
1764 4305 1835 4361 veri·

138 4394 326 4468 Ecclesiae,
354 4402 481 4458 videlieet
510 4401 793 4457 excommunicatione
824 4397 980 4466 induratos,
1039 4399 1087 4454 tati
1106 4396 1280 4468 impudenter
1293 4394 1450 4462 detrabunt,
1464 4403 1492 4451 et
1506 4397 1709 4461 contradicunt,
1724 4398 1782 4453 bute
1797 4397 1833 4453 ed

128 4496 358 4569 ¹'astruendo',
377 4498 468 4551 Deum
488 4494 598 4568 diligere
618 4494 826 4567 apostolicisque
845 4492 982 4549 mandetis
1039 4506 1096 4549 suae
1120 4489 1286 4547 defensionis
1315 4487 1469 4556 andaciam,
1490 4497 1549 4543 tem
1572 4488 1727 4560 ignorantia
1750 4505 1833 4560 quem

125 4588 294 4649 ¹Inonem
316 4588 435 4662 gerendo
455 4588 572 4660 gratiam
585 4588 657 4644 beati
677 4588 752 4643 Petri
766 4587 897 4643 veraciter
911 4585 984 4642 desi·
1038 4586 1145 4641 miserae
1158 4582 1358 4654 desperationis
1380 4581 1519 4647 vecordia,
1538 4589 1688 4652 coaptasse.
1708 4582 1765 4637 Nec
1784 4582 1834 4637 mi·

123 4672 286 4741 derare.
309 4684 445 4739 Praeterea
469 4684 606 4750 volumus,
630 4690 659 4737 et
680 4696 714 4736 ex
738 4689 814 4751 perte
832 4678 982 4750 apostoliea
1036 4694 1114 4744 rum;
1135 4692 1197 4733 mos
1214 4683 1256 4732 est
1269 4676 1343 4730 enim
1365 4675 1557 4745 reproborum,
1570 4673 1607 4730 ob
1629 4676 1833 4749 sttaenequitiae

121 4762 312 4833 jubemus
337 4785 367 4831 ut
390 4775 551 4832 electionem
579 4790 664 4847 quem
692 4772 813 4846 praelatae
837 4772 982 4827 Remensis
1035 4771 1243 4845 protectionem,
1253 4769 1301 4824 niti
1314 4768 1469 4823 consimiles
1477 4767 1530 4823 sibi
1541 4766 1698 4837 defendere,
1706 4771 1770 4841 quia
1780 4782 1830 4843 pto

134 4856 313 4927 hecate
327 4869 416 4926 elems
430 4877 457 4926 et
471 4869 598 4941 populus,
617 4871 678 4923 Deo
693 4874 842 4933 annuente,
859 4864 982 4922 lecturus
1036 4865 1123 4921 niltilo
1134 4861 1379 4920 babentmeudaeii
1388 4860 1571 4933 perditionem
1585 4862 1733 4920 inettrrere.
1749 4867 1831 4930 Nem,

133 4965 231 5033 θεῖ,
245 4962 326 5020 nullo
339 4963 448 5033 ingenio
461 4971 508 5019 aut
521 4961 612 5018 studio
625 4961 772 5034 quominus
790 4960 920 5016 canonice
935 4958 984 5015 bat
1037 4968 1068 5015 ut
1085 4957 1121 5014 de
1143 4956 1238 5012 multis
1258 4972 1342 5028 petico
1364 4955 1500 5024 dicamus,
1515 4956 1579 5027 quis
1603 4957 1712 5029 ignorat
1736 4972 1831 5013 vocem

132 5040 337 5130 impediam
355 5056 404 5113 sed
418 5055 483 5112 etsi
496 5056 558 5128 quis
571 5054 704 5126 impedire
718 5054 810 5125 aliquo
825 5052 915 5108 studio
934 5066 983 5107 see·
1037 5051 1145 5108 Domini
1163 5066 1195 5105 ae
1213 5050 1360 5105 salvatoris
1373 5050 1460 5105 nostri
1474 5051 1537 5106 lesu
1550 5049 1653 5106 Christi
1673 5051 1789 5107 dicentis
1805 5050 1832 5105 in

141 5150 267 5207 tutari
281 5150 441 5218 tentaverit,
460 5149 499 5205 illi
514 5150 591 5205 omni
603 5147 688 5204 modo
702 5146 884 5210 contradices,
900 5153 982 5217 atque
1037 5143 1181 5217 Evangelio
1199 5160 1205 5195 ε
1224 5146 1262 5197 Tu
1283 5158 1309 5197 cs
1322 5147 1416 5199 Petne
1428 5147 1453 5196 et
1464 5158 1545 5213 super
1556 5144 1624 5198 berre
1645 5149 1750 5213 petrem
1764 5144 1831 5199 oedi·

140 5224 216 5301 illi
225 5259 316 5318 quem
328 5258 391 5315 pers
403 5242 509 5299 iidelior
523 5250 552 5298 et
571 5240 726 5313 religiosior
743 5240 859 5310 elegerit
871 5238 981 5310 edjuto·
1035 5240 1117 5309 perebo
1129 5239 1272 5293 Ecclesitm
1287 5252 1388 5299 meam,
1403 5241 1429 5290 et
1440 5241 1528 5305 porro
1539 5238 1627 5303 inseri
1643 5252 1696 5291 rma
1708 5242 1832 5307 presule

148 5333 255 5394 *ium
271 5344 355 5394 tuum
368 5335 522 5407 impendes.
539 5338 598 5406 Age
612 5334 704 5406 igitur,
720 5341 758 5400 et,
778 5331 834 5404 iem
849 5340 931 5388 aetate
942 5331 982 5387 vir
1037 5333 1104 5387 boui
1115 5332 1241 5387 actuosus
1251 5346 1323 5395 citou
1335 5334 1360 5385 et
1371 5330 1422 5384 tibi
1433 5330 1503 5383 liobe
1514 5330 1598 5384 etates
1608 5332 1688 5398 regni
1697 5332 1831 5401 colorum,

151 5414 282 5497 saenis,
299 5429 329 5485 in
342 5428 395 5486 bec
408 5444 440 5485 re
454 5442 571 5500 procura
583 5435 685 5482 utnon
702 5424 803 5481 frustra
818 5433 873 5481 tuae
884 5425 981 5496 juren—
1036 5431 1061 5480 et
1071 5425 1246 5494 qoodmnque
1258 5424 1385 5492 ligaveris
1398 5438 1479 5493 super
1491 5428 1604 5487 terram,
1620 5426 1671 5478 erit
1682 5424 1797 5493 liqotum
1808 5431 1834 5481 et

157 5516 249 5580 tuus
260 5522 353 5595 culpis
368 5523 531 5595 pepercisse,
541 5535 593 5576 nec
603 5519 632 5575 in
643 5535 746 5575 venum
758 5527 786 5575 te
803 5518 838 5574 ad
848 5518 980 5574 emendo·
1035 5523 1065 5573 in
1077 5519 1158 5585 coelis,
1173 5523 1198 5572 et
1208 5518 1382 5587 qaroclcuuque
1392 5517 1500 5572 selectis
1509 5531 1591 5587 super
1604 5520 1716 5581 terrum,
1725 5522 1778 5574 erit
1791 5534 1833 5576 so·

163 5608 288 5673 ¹itanetn
311 5622 484 5687 exspectasse
506 5614 668 5681 videamur3
685 5628 716 5668 ee
738 5612 859 5668 martimo
880 5612 982 5666 enitere
1037 5609 1834 5682 lutumctincoltstileitlt.xva).Nunquidsuntbiereges

173 5711 216 5761 stt
230 5709 347 5765 beatum
361 5710 486 5777 Petrum,
499 5707 528 5761 in
543 5706 620 5778 eujus
632 5713 767 5777 potestate
778 5713 821 5762 est
839 5714 919 5761 tuum
938 5720 981 5760 re·
1036 5708 1158 5778 excepti?
1171 5708 1226 5761 Aut
1239 5720 1295 5761 non
1306 5712 1371 5760 sunt
1384 5704 1418 5761 dc
1436 5704 1534 5759 ovibus
1547 5718 1615 5773 quas
1633 5703 1717 5758 Filius
1735 5700 1786 5756 Dei
1800 5702 1831 5756 B.

181 5806 271 5864 snum
282 5809 312 5857 et
324 5800 488 5871 animatus,
500 5801 587 5874 quite
597 5806 688 5873 potest
703 5799 732 5854 in
744 5800 814 5856 coelo
825 5808 853 5855 et
867 5801 894 5855 in
907 5807 982 5858 terra
1037 5801 1117 5855 Petro
1126 5798 1370 5868 commisitiQnis,
1378 5810 1457 5867 rogo,
1465 5796 1493 5850 in
1501 5793 1553 5850 hac
1564 5793 1711 5851 universali
1721 5807 1836 5851 eonces-
