3870 6164
69 96 118 161 rc
638 96 979 175 nosocomus-1
996 96 1101 167 noer.
1121 96 1155 167 u.
1664 102 1718 171 su
1783 188 1787 197 ,

34 271 38 275 .
67 224 115 284 seli
133 225 266 285 &duic
274 222 393 300 jamjam
413 241 483 300 pene
496 226 599 286 labenti
614 243 808 289 succurramus
821 231 904 299 reg
950 249 1017 303 pum
1041 234 1189 291 lulleocm
1201 232 1237 290 cb
1249 222 1449 303 crdsspdcopo
1465 231 1675 297 {beomensi-ue
1687 238 1718 291 es

66 318 160 376 uiliter.
183 318 349 394 Quicunque
369 334 402 376 ex
415 318 460 377 bis
471 321 619 393 resipuerit
640 321 686 396 qui
699 323 863 395 praedictum
951 307 1070 431 29⁰³?ss
1083 303 1224 374 “ididam
1243 304 1438 389 ”immiti
1453 305 1627 386 ῑζῑΐθφῠπᾱῑχ
1639 304 1718 388 θαφ-

65 427 159 484 ,egem
169 428 226 469 Μ
239 412 409 470 embuemn,
420 413 601 485 omnipotenn·
617 418 676 472 Deo
689 432 862 489 mmm,
992 392 1020 430 m
1032 381 1165 447 preterea
1179 376 1212 432 dc
1221 374 1353 433 Mortuus
1375 379 1401 429 et
1415 375 1556 442 Golafrcdo
1565 375 1717 447 subjunget.

65 513 92 563 et
107 505 404 579 cbristismmlegcm,
416 506 439 563 si
451 522 507 564 oon
517 508 617 580 verbis,
629 510 758 581 operibus
770 519 864 567 tamen
951 492 1130 571 Gnnconms
1148 490 1304 563 episcopus,
1319 506 1415 547 Servus
1426 505 1569 548 ⁸01l0fflffl
1584 490 1644 560 ⁰⁸52
1659 493 1718 549 ΗΙ·

64 613 175 670 nepe,
199 598 272 656 sacua
284 599 351 656 auu
364 600 511 672 sueretu
527 619 535 658 ι
551 603 602 659 ere
613 603 721 673 qurum
739 605 864 672 rumor
916 597 1055 640 aramue
1071 583 1337 656 ueunoepucopq
1350 583 1468 641 salutem
1491 584 1718 657 eapostolicam

63 695 161 756 ileum
177 693 262 761 ludis
274 697 367 749 cutem
381 700 484 764 aequat
494 696 559 761 (tlt.
574 700 616 764 1);
631 712 680 752 sos
699 695 796 753 iratres
808 698 864 755 mei
917 676 1150 736 mmmm·

63 793 96 842 ct.
109 784 326 843 consacerdotes
339 785 401 843 illos
422 787 588 845 auctoritate
603 787 676 845 beati
689 790 760 846 Petri
779 791 864 849 eusd-
951 793 1041 851 Multa
1049 792 1247 868 interrogando
1261 808 1333 850 ame
1344 793 1424 851 valde
1438 803 1574 866 occupato
1587 793 1715 868 requiris,

62 877 126 952 pite,
142 878 220 937 etad
232 879 370 952 gremium
385 880 484 938 metris
497 890 601 940 nostrae
617 891 722 941 sancte
736 882 864 943 sceleste
917 893 945 944 et
958 887 1089 944 nuntium
1102 887 1151 960 qui
1171 886 1314 944 menimis
1327 886 1501 959 impellatad
1517 888 1560 943 sui
1573 888 1716 947 licentiam

62 969 198 1039 reducite,
210 981 243 1029 ut
255 973 417 1030 mereamini
430 974 562 1048 gaudium
577 975 685 1033 iocoelo
699 976 803 1048 angelis
814 977 864 1035 Dei
915 981 1096 1038 transmittis.
1105 965 1240 1051 Quocirca
1260 979 1284 1035 si
1306 995 1365 1036 non
1380 979 1448 1036 satis
1475 978 1638 1053 respondeo,
1664 997 1715 1054 pn·

62 1063 385 1124 innovarelnomnibus
394 1075 498 1137 tamen,
510 1068 581 1124 sicut
592 1067 673 1125 decet
685 1068 864 1129 charissimes
916 1073 1019 1131 tienter
1032 1071 1106 1131 feres
1124 1089 1203 1148 rogo.
1224 1073 1350 1145 Qualiter
1364 1072 1460 1145 itaque
1485 1072 1515 1130 in
1526 1088 1641 1145 corpore
1651 1090 1715 1132 meo

61 1156 141 1227 dilus,
154 1158 290 1216 bonorem
312 1158 352 1232 pii
367 1160 454 1217 Patris
469 1161 552 1217 vestri
573 1162 766 1234 apostolcmm
786 1163 864 1236 prin·
916 1166 1105 1237 mebabeam,
1120 1167 1161 1224 rel
1182 1167 1302 1239 qualiter
1324 1166 1449 1223 Romani
1472 1181 1523 1222 scu
1544 1166 1715 1225 uoumanni

61 1250 126 1324 cipis
137 1266 197 1324 pru
210 1251 298 1309 oculis
312 1253 422 1309 babete.
434 1253 598 1326 Quicunque
618 1263 713 1313 sutem
722 1256 864 1330 episcopo
916 1260 990 1317 circa
1004 1277 1051 1318 me
1062 1276 1129 1317 suos
1143 1275 1236 1317 mores
1246 1258 1407 1328 ostendant,
1416 1258 1517 1317 borum
1531 1259 1651 1332 portitor
1663 1256 1716 1316 tibi

62 1360 121 1401 mm
135 1346 179 1401 vel
191 1345 324 1403 laicorum
338 1346 437 1405 timore
449 1347 491 1404 rel
514 1347 600 1421 gratie
615 1349 736 1406 bumana
756 1350 864 1408 seducti
916 1352 1002 1411 dicat.
1018 1358 1060 1412 De
1072 1354 1133 1411 aliis
1147 1362 1241 1411 autem
1253 1354 1346 1421 rebus,
1358 1369 1441 1426 super
1451 1353 1552 1426 quibus
1571 1369 1618 1411 me
1631 1353 1716 1411 inter·

62 1454 78 1494 e
94 1440 295 1496 communiens
309 1440 381 1511 regis
392 1455 422 1497 sc
436 1456 492 1497 non
505 1441 711 1507 subtraxerunt.
724 1443 771 1501 sed
783 1444 807 1500 ei
822 1444 863 1501 la·
917 1448 1031 1521 rogasti,
1054 1449 1165 1506 utinam
1179 1448 1277 1505 beatus
1301 1451 1398 1504 Petrus
1415 1462 1463 1518 per
1476 1462 1523 1503 mc
1539 1446 1715 1519 respondeat,

63 1540 158 1589 rentes
174 1531 297 1589 animam
317 1548 396 1590 suam
415 1544 444 1591 et
462 1534 534 1591 illius
550 1534 660 1592 diabolo
677 1537 786 1593 tradere
805 1553 863 1595 non
916 1542 964 1613 qui
976 1557 1049 1614 sepe
1066 1542 1098 1597 in
1119 1557 1166 1599 me
1178 1542 1363 1615 qualicunque
1374 1556 1425 1596 suo
1439 1539 1546 1597 lamule
1560 1538 1715 1597 bonoratur

62 1625 230 1695 timuerunt,
245 1626 341 1683 sinon
358 1627 524 1699 resipuerint
539 1635 569 1685 et
591 1627 757 1702 condignam
779 1631 865 1703 poeui-
877 1614 904 1683 B
917 1635 957 1692 rel
970 1634 1105 1706 iniuriam
1117 1634 1232 1707 patitur.
1256 1633 1385 1705 Episcopi
1397 1647 1518 1705 nemque
1531 1631 1579 1703 qui
1594 1631 1652 1690 sint
1665 1647 1715 1689 ex-

65 1718 179 1776 undam
198 1719 316 1793 egerint,
330 1719 436 1777 nullam
446 1736 513 1779 cum
524 1720 565 1778 eis
579 1722 806 1781 communionem
821 1724 862 1781 vel
916 1728 1127 1795 communicati,
1143 1725 1311 1795 sacerdotes,
1326 1727 1366 1782 rel
1380 1725 1460 1792 laici,
1475 1741 1534 1781 nen
1545 1731 1589 1781 est
1599 1740 1669 1797 opus
1682 1731 1715 1783 ut

63 1810 769 1889 amicitismbebeatis.lstisuimsrmtquianimam
782 1833 862 1874 suum
915 1837 932 1878 a
951 1836 999 1878 mc
1012 1820 1232 1895 queratis,quia
1256 1818 1450 1876 indubitanter
1463 1816 1583 1875 illisuut
1598 1816 1648 1890 qui
1663 1832 1714 1875 ex-

63 1904 239 1979 stregisodio
248 1904 387 1963 babentet
397 1906 534 1975 occidunt,
547 1916 576 1964 et
590 1923 720 1981 reguum,
730 1909 861 1981 patriam,
914 1913 1190 1987 communicatoregi
1200 1912 1322 1971 ilenrico
1336 1912 1370 1979 (si
1383 1909 1426 1968 fas
1440 1918 1482 1967 est
1495 1908 1551 1968 dici
1562 1916 1625 1977 rex)
1637 1925 1714 1969 com·

63 1995 299 2071 (bristiaoamque
317 1999 480 2073 religionem
504 1998 676 2059 confundere
696 2017 754 2061 nco
767 2003 861 2061 erube
913 2006 1285 2081 municurecognosountur.
1300 2004 1452 2062 Nenenim
1467 2010 1597 2059 verentur
1610 2001 1714 2061 bume-

62 2099 146 2148 scunt.
161 2091 240 2148 Sicut
253 2092 327 2150 enim
345 2093 426 2149 nobie
447 2093 575 2150 imminet
588 2094 662 2167 quod
675 2111 723 2168 per
743 2096 861 2169 propbe-
913 2116 981 2157 nam
1004 2099 1124 2171 gratiam
1150 2099 1190 2155 rel
1213 2098 1346 2157 timmem
1365 2096 1438 2170 regie
1455 2095 1555 2153 eterni
1573 2104 1712 2168 precepto

62 2190 114 2241 tans
125 2183 247 2241 dicitw
258 2186 290 2243 Si
301 2189 565 2245 oeuuuuuutiooerte
576 2190 672 2259 iniquo
686 2191 859 2260 mlpultotcm
913 2207 1083 2265 praeponere,
1109 2207 1200 2265 neque
1213 2190 1314 2248 timent
1326 2205 1378 2247 suo
1400 2187 1496 2247 farore
1514 2187 1552 2246 ad
1573 2187 1646 2247 iram
1659 2187 1713 2247 bel

61 2279 858 2355 mcm,uns'mumejusdemcuutucrcqutrom(1lcecb.ulls
913 2286 1115 2359 omnipotentis
1127 2285 1259 2343 eumdem
1272 2299 1367 2359 regem
1381 2282 1584 2356 impellerellle
1598 2282 1713 2355 quidem

62 2378 88 2426 et
99 2371 270 2428 Maledictus
279 2375 329 2443 qus·
332 2374 461 2446 probibet
473 2375 595 2445 alodium
605 2392 687 2431 suum
698 2379 860 2446 osuupuiue
913 2379 970 2435 suis
998 2378 1235 2436 communicando
1256 2376 1441 2435 familiaribus
1462 2374 1713 2434 excommunicatis

63 2466 120 2527 Uer·
140 2468 270 2532 xistis),
283 2464 488 2523 idestrerbum
502 2468 683 2525 correctionis
696 2485 712 2525 a
727 2470 859 2540 proveri*
911 2486 962 2544 pru
975 2471 1135 2529 sunoniaca
1161 2469 1259 2527 baeresi
1277 2469 1602 2527 excommunicationem
1614 2469 1712 2527 incur·
1816 2538 1821 2547 ,
1861 2450 1866 2457 ’

62 2558 181 2617 rentium
194 2559 402 2631 increpatione,
415 2561 455 2619 ite
470 2561 522 2618 illis
536 2561 676 2632 imminet,
692 2561 716 2619 ei
730 2563 859 2621 nonobe
910 2579 972 2622 rere
986 2579 1044 2620 non
1065 2562 1178 2631 timuit,
1195 2570 1223 2619 ct
1241 2569 1273 2619 ut
1292 2561 1340 2618 alii
1354 2577 1450 2618 secum
1472 2561 1711 2619 communicando

61 2648 170 2721 duint,
184 2652 227 2709 irs
239 2653 325 2711 divini
335 2653 431 2727 judicii
442 2661 470 2714 et
481 2654 562 2724 ultio,
576 2663 697 2712 testante
718 2655 856 2725 Samuele,
910 2656 1188 2715 excommunicentur
1203 2654 1343 2711 attrahere
1356 2669 1415 2710 non
1432 2654 1580 2711 eurbescit.
1594 2659 1637 2712 De
1651 2650 1713 2713 tali·

60 2740 224 2802 idololatriae
234 2746 325 2803 scelus
340 2745 512 2816 [idololatriis
527 2748 659 2817 scelerisl.
674 2749 762 2806 Testis
775 2748 857 2807 nobie
909 2749 962 2807 bus
979 2749 1047 2824 quid
1060 2756 1146 2806 restat
1159 2754 1192 2805 ut
1216 2746 1379 2815 sentiamus,
1395 2745 1451 2802 nisi
1465 2746 1539 2819 quod
1551 2748 1583 2803 in
1596 2747 1711 2819 psalmis

59 2841 201 2907 cstDeus,
218 2838 284 2912 quia
298 2840 371 2897 nulla
391 2856 443 2898 uos
459 2841 608 2900 commoda
630 2841 856 2900 secularisvere·
909 2841 1059 2899 didicimus
1085 2843 1163 2899 llicit
1186 2842 1319 2911 insipieus
1344 2839 1475 2895 ioccrde
1496 2854 1544 2895 sue
1570 2840 1654 2901 :Nou
1673 2842 1713 2897 est

55 2939 165 3003 spectus
178 2940 277 2989 contra
292 2948 391 3006 prame
403 2934 536 3008 principes
545 2943 574 2992 et
585 2935 686 3008 impios
699 2935 855 2993 sacerdotes
910 2939 982 2993 Deus
995 2936 1078 3002 (Psul.
1094 2933 1178 3006 xiii),
1202 2941 1231 2989 et
1249 2933 1351 2988 iterum
1366 2949 1373 2987 :
1390 2932 1484 2989 omues
1499 2933 1582 2987 simul
1601 2934 1711 2999 mulctes

57 3022 182 3098 impellit,
197 3024 246 3083 sed
260 3026 444 3085 consideratio
465 3029 554 3085 nostri
566 3028 657 3098 cilicii,
679 3037 708 3086 et
721 3037 855 3103 potestas,
879 3044 884 3057 ·
909 3030 1054 3096 foetiscat
1065 3027 1351 3083 inmluutatibussuis
1360 3026 1443 3092 (Paul.
1465 3031 1530 3094 ιιι).
1542 3023 1590 3082 Pis
1603 3032 1709 3095 autem,

55 3132 108 3191 qua
121 3118 250 3191 quotidie
268 3130 460 3194 angustantur,
484 3121 641 3194 apostolice
658 3121 742 3180 sedis.
757 3122 856 3181 Melius
907 3122 957 3194 qui
981 3120 1080 3179 dicum
1099 3123 1224 3194 :Regem
1248 3136 1308 3177 nen
1321 3127 1431 3191 oportet
1454 3117 1709 3188 excommunicari;

56 3220 98 3267 est
123 3211 211 3269 nobis
234 3209 360 3271 debitam
382 3222 504 3272 mortem
527 3217 618 3272 carnis
642 3230 691 3287 per
711 3224 853 3288 tyrannos,
908 3213 972 3271 licet
988 3229 1153 3287 promagne
1167 3211 1298 3271 fatuitate
1314 3227 1367 3269 nec
1381 3211 1466 3269 mam
1480 3211 1520 3268 eis
1539 3212 1709 3285 respondere

55 3302 265 3377 siopcrtuerit,
277 3307 381 3375 subire,
400 3323 485 3381 quam
497 3315 592 3365 nestm
606 3307 726 3378 silentio,
742 3308 855 3379 timore,
907 3306 1070 3376 debeamus,
1090 3314 1187 3363 tamen
1201 3321 1238 3362 nc
1250 3304 1431 3376 impatienter
1446 3304 1560 3363 illorum
1571 3305 1708 3377 insipien·

54 3396 260 3458 rclccmmedo
279 3399 444 3458 Cbristime
458 3401 526 3475 legis
537 3400 716 3460 destructioni
735 3416 853 3458 musen-
907 3400 979 3457 tiam
1002 3399 1144 3473 preterire
1164 3397 1321 3466 videamur,
1348 3397 1388 3456 ad
1410 3405 1574 3456 sanctorum
1594 3400 1711 3458 Patrum

53 3490 114 3547 lire.
129 3492 247 3550 Sanctus
258 3491 370 3566 quidem
383 3502 477 3566 patres
490 3501 601 3561 nosnos
614 3493 718 3552 dixisse
731 3495 853 3552 scimus:
908 3493 983 3551 dicta
998 3494 1037 3549 sel
1053 3491 1127 3551 lacta
1140 3492 1203 3549 illos
1215 3491 1370 3561 mittimus,
1385 3498 1418 3547 ut
1430 3507 1479 3548 cos
1496 3491 1533 3549 ad
1548 3507 1650 3551 sanam
1664 3491 1711 3551 du·
1812 3550 1819 3563 ,

53 3583 109 3654 Qui
121 3585 212 3657 pteris
224 3584 382 3644 bominibus
400 3585 442 3643 sui
456 3586 681 3645 consideratione
692 3586 776 3645 officii
797 3603 854 3644 non
909 3586 1031 3645 ctrinam
1060 3600 1231 3643 revocemus.
1259 3583 1369 3657 Legant
1399 3584 1493 3657 itaque
1515 3584 1583 3657 quid
1612 3586 1711 3643 beatus

54 3677 231 3748 contradicit,
241 3679 397 3749 consentit3
422 3687 450 3736 et
463 3681 510 3755 qui
524 3681 671 3739 resecanda
685 3697 742 3739 non
754 3681 855 3752 aufert,
909 3680 1008 3737 Petrus
1026 3680 1057 3736 in
1070 3679 1248 3737 ordinatione
1256 3678 1345 3735 sancti
1357 3678 1511 3736 Clementis
1522 3679 1623 3752 populo
1633 3679 1712 3737 chri·

52 3770 217 3830 committit.
241 3772 427 3846 Omnipotens
455 3776 570 3842 Densa
595 3789 651 3848 quo
671 3784 768 3832 cuncte
783 3775 854 3832 bona
909 3772 1002 3831 stiano
1015 3772 1190 3845 praecepitde
1203 3786 1337 3845 ecquem
1351 3771 1525 3829 scirentnon
1537 3773 1711 3846 baberegra·

52 3865 221 3937 procedunt,
237 3865 342 3922 meritis
353 3865 477 3924 dominre
498 3875 601 3945 nostre
619 3868 739 3925 celestis
752 3868 855 3942 reginas
910 3866 979 3924 tiam
987 3867 1137 3939 pontilicis.
1154 3864 1310 3923 Addisoant
1320 3880 1371 3922 cur
1385 3865 1532 3937 Apostolus
1545 3866 1621 3923 dicat
1634 3887 1641 3924 ε
1654 3869 1711 3925 Ηο·

53 3970 88 4015 ae
107 3956 257 4017 beaterum
282 3959 470 4032 apostolorum
489 3960 561 4018 Petri
579 3968 608 4017 et
633 3961 710 4017 Pauli
725 3962 855 4018 interces-
909 3962 999 4019 butes
1022 3965 1052 4018 io
1087 3966 1218 4033 promptu
1241 3962 1355 4027 ‚uuest
1376 3976 1480 4017 omum
1500 3961 1712 4019 inobedientem

52 4049 131 4108 siene
142 4052 328 4109 cordavestra
338 4052 484 4111 confirmet
492 4060 522 4110 et
534 4053 683 4123 custodiat,
698 4062 727 4111 ct
736 4054 854 4127 Spiritus
907 4055 950 4128 (ll
962 4057 1021 4114 cor.
1035 4061 1086 4124 1);
1105 4054 1179 4111 etde
1191 4054 1293 4126 quibus
1307 4054 1376 4110 dicit
1391 4073 1398 4112 :
1413 4055 1478 4113 cum
1492 4054 1649 4125 bujrcsmodi
1662 4070 1710 4112 uec

52 4144 96 4201 sui
115 4144 235 4219 gratim
257 4145 478 4219 superinluudat,
498 4156 530 4204 ut
551 4163 614 4221 que
631 4156 697 4205 sunt
711 4146 737 4206 el
754 4147 853 4221 placita
906 4150 995 4205 cibum
1007 4164 1110 4205 morere
1122 4150 1149 4215 (l
1172 4149 1230 4207 cor.
1245 4152 1285 4214 v).
1299 4145 1482 4205 considerent
1495 4163 1545 4203 cur
1559 4146 1710 4205 zacharias

51 4235 188 4295 buente
199 4238 362 4297 mereamini
382 4256 517 4313 sponsam
535 4242 605 4313 ejus,
625 4249 744 4299 matrem
756 4240 852 4299 videli·
909 4256 981 4315 papa
995 4256 1090 4314 regem
1099 4242 1273 4297 Francorum
1282 4238 1453 4311 deposuerit,
1468 4247 1496 4294 et
1509 4255 1609 4297 omnes
1622 4240 1709 4299 Fran·

50 4338 98 4387 cet
116 4336 256 4400 nomem,
270 4331 306 4389 de
317 4330 441 4391 laudibus
450 4334 577 4408 luporum
588 4334 700 4408 eripere,
720 4343 801 4408 atque
820 4333 897 4411 adl)
918 4335 1029 4409 cigenas
1043 4350 1059 4391 a
1073 4334 1183 4391 vinculo
1192 4332 1347 4407 juramenti
1361 4330 1437 4405 quod
1449 4331 1503 4387 sibi
1521 4329 1645 4389 fecerent
1659 4333 1710 4390 ab·

50 4438 205 4497 arpennem
223 4424 297 4483 illius
308 4424 423 4500 gloriam
436 4426 473 4485 ab
491 4428 620 4485 omnbus
642 4429 761 4502 peccatis
774 4427 859 4486 ebse-
913 4428 1036 4485 solverit.
1052 4430 1084 4483 ln
1095 4427 1223 4502 Registrc
1231 4425 1305 4483 beati
1312 4423 1590 4498 Gregoriiaddiscant
1602 4424 1667 4498 quia
1678 4426 1710 4483 in

50 4515 105 4575 luti
120 4517 275 4591 menits.
914 4521 1072 4595 privilegiis,
1087 4536 1150 4594 quer
1163 4519 1345 4592 quisbusdam
1364 4517 1486 4574 ecclesiis
1500 4515 1576 4588 iecit,
1591 4534 1670 4593 reges
1681 4528 1710 4577 et

86 4611 310 4685 DstaLsursnti‚
319 4613 562 4675 ccurobatsndas
570 4615 698 4689 Augusti,
708 4613 859 4674 indictione
913 4615 1165 4674 ducescontrasua
1179 4612 1709 4678 dictavsnientesmonsolumexcom·

49 4702 282 4781 deumquarte.
912 4708 1074 4774 municarit,
1088 4705 1235 4765 sedetiam
1249 4714 1281 4762 ut
1293 4705 1431 4779 dignitate
1442 4714 1556 4763 careant
1559 4706 1706 4779 judicavit.

340 4799 517 4857 EPISTOLA
540 4799 586 4874 lli.
913 4805 972 4862 Nec
985 4800 1201 4876 pretermittant
1210 4799 1285 4874 quod
1297 4799 1395 4858 beatus
1410 4799 1576 4857 ¹tmbrosius
1589 4817 1647 4859 nen
1661 4817 1707 4859 so·

134 4908 181 4955 Ab
194 4900 408 4951 umnsrms
427 4906 600 4953 ssascoaou
615 4906 789 4953 uenerem.
913 4897 973 4955 lum
990 4912 1095 4970 regem,
1110 4894 1157 4953 sed
1166 4895 1356 4953 stiamrerera
1370 4894 1570 4966 imperatorem
1582 4894 1710 4954 Tbeodo·

359 4987 451 5051 (Almo
464 4986 555 5052 1076.)
912 4989 988 5048 sium
1000 4989 1126 5048 moribus
1135 4996 1163 5046 et
1175 4996 1312 5063 potestate
1324 5002 1384 5045 non
1395 4994 1506 5045 tantum
1521 4986 1710 5045 excommuni-

51 5074 183 5140 ⁰⁸⁸0⁹¹d¹⁸
201 5076 352 5149 ΨΜ
378 5076 492 5133 ΗΜ)
514 5078 576 5147 '⁶9²'
590 5078 857 5141 mmmmm.
912 5083 995 5154 cavit,
1012 5082 1060 5142 scd
1078 5083 1164 5141 etiam
1178 5098 1215 5140 ne
1229 5096 1398 5155 praeeumere
1409 5081 1438 5136 in
1452 5080 1514 5139 loco
1531 5081 1709 5140 sacerdotum

87 5153 150 5208 ’Μ
172 5150 354 5221 ‘PWW
368 5148 513 5232 ‘afim’
529 5151 771 5204 “mmmm
785 5162 859 5232 ⁰3³⁰?
911 5177 1070 5235 inecclesia
1087 5191 1200 5235 manere
1215 5175 1369 5234 interdixit.
1388 5172 1526 5232 Sedicrte
1547 5174 1709 5233 bocrolsmt

88 5222 857 5289 erroreuuterucesqususseruntreqcseucommomoors
991 5272 996 5283 ,
1029 5271 1035 5284 ,
1198 5270 1203 5281 ,

86 5307 147 5349 m
164 5292 411 5361 mmmm
429 5290 459 5346 ’με
478 5292 768 5361 mmmmm
789 5306 858 5361 pon.
912 5273 1037 5345 praedrctr
1052 5287 1103 5327 usn
1116 5270 1281 5344 intelilgere,
1297 5267 1371 5342 quud
1384 5268 1498 5341 quando
1524 5270 1600 5325 Deus
1612 5270 1709 5328 eccls-

87 5366 215 5435 ttpmcsp
232 5363 285 5417 ιὀιο
300 5363 436 5434 pontifices
448 5362 552 5431 rupibus
565 5362 639 5433 louge
649 5366 784 5433 prestere
807 5363 854 5418 de·
905 5365 1074 5423 eiamsuam
1088 5372 1131 5421 tcr
1144 5364 1226 5422 beato
1240 5365 1321 5429 Petro
1331 5361 1485 5431 commisit,
1495 5360 1591 5419 dicens
1605 5378 1613 5419 ε
1625 5364 1707 5423 Pasce

90 5432 858 5575 wfflfflfflgmmfflfflnffi
912 5474 971 5517 oues
984 5474 1059 5515 meos
1069 5460 1158 5525 (Jouu.
1169 5457 1243 5529 xxi),
1255 5472 1334 5530 reges
1347 5457 1495 5529 exceperit.
1510 5457 1567 5513 cnr
1584 5470 1648 5515 non·
1662 5465 1709 5561 at-

86 5520 410 5649 &mmm
454 5575 513 5647 ,ju
521 5576 684 5649 mma
695 5520 852 5645 ωαξης
912 5552 1043 5622 tendunt,
1056 5551 1098 5609 rel
1123 5551 1217 5624 potius
1236 5550 1425 5637 erubescendo
1441 5548 1620 5620 confitentur,
1640 5564 1707 5623 qum

86 5646 388 5713 umatum.
399 5648 508 5705 Moneri
521 5652 658 5721 preterea
670 5645 732 5703 cult
752 5649 854 5719 episco-
912 5645 962 5705 tubi
973 5648 1050 5706 Deus
1060 5643 1145 5703 beato
1156 5647 1239 5704 Petne
1250 5641 1438 5715 principaliter
1450 5640 1527 5701 dedit
1539 5648 1706 5713 potestatem
