3884 6158
246 321 296 379 tlt
858 310 887 366 S.
907 306 1099 366 conuertitis
1115 308 1160 365 vll
1177 310 1274 365 Pars.
1839 312 1891 368 tit

244 460 309 502 nam
326 442 362 500 ibi
376 440 508 499 memoria
519 439 625 510 lapsum
644 434 728 492 inisse
750 434 865 492 Paulum
879 450 1037 503 censemus,
1052 440 1080 504 Α
1094 435 1171 492 dium
1196 434 1496 498 adversussacerdotes
1514 433 1733 503 concubinarios,
1754 442 1784 492 et
1802 436 1892 493 Simo·

243 538 296 596 sub
308 536 396 593 sancti
407 531 529 592 odilonis
540 528 683 601 disciplina
711 528 739 585 in
753 529 839 586 rebus
850 528 1040 602 spiritualibus
1092 529 1194 596 niacos,
1216 544 1279 601 quae
1298 529 1353 586 duo
1386 528 1450 585 vitia
1476 536 1543 585 tuuc
1575 528 1709 601 temporis
1736 529 1890 587 Ecclesiam

245 646 308 689 eum
329 626 467 685 eruditum
481 623 567 681 inisse
590 622 680 696 colligi
697 630 788 696 potest
809 640 840 679 er
864 624 934 680 Vitae
953 622 1041 689 initio,
1093 622 1307 697 pessumdabant
1327 623 1355 679 in
1377 623 1527 679 Germania
1541 620 1717 694 potissimum
1737 631 1764 679 et
1777 622 1807 678 in
1819 624 1893 679 ion-

245 722 413 793 ubi-legitur,
426 717 606 774 scintillarum
626 716 761 773 visionem
785 717 886 788 saepius
900 724 1040 772 ostensam
1093 716 1268 789 gobardia.li
1291 732 1355 773 cum
1379 715 1528 772 ilenrioum
1565 716 1766 781 Germanomm
1783 731 1890 788 regem,

243 814 368 891 primitus
383 814 410 869 in
439 810 627 870 liildebrando
656 810 843 867 Cluniacensis
884 809 1041 865 monasterii
1095 811 1237 867 occasione
1266 809 1484 866 investiturarum
1504 809 1563 881 jam
1590 809 1619 865 in
1646 808 1807 882 pontiliccm
1821 808 1893 867 male

243 916 350 981 patrem
371 914 497 964 sanctum
522 905 655 963 Mriolnm
685 906 841 972 adnotasse,
868 904 951 975 eique
971 900 1041 959 illud
1094 904 1224 961 ailectum
1238 918 1301 961 suas
1318 903 1346 959 in
1362 912 1453 977 partes
1464 903 1619 971 traxissent,
1640 918 1691 959 nec
1704 902 1734 960 id
1745 902 1818 959 lcrre
1831 916 1893 975 pos·

242 1001 354 1059 Joannia
384 1000 516 1074 Baptista
538 998 680 1071 adaptasse
706 1015 714 1055 t
737 1000 793 1055 late
824 1011 892 1070 puer
925 1010 1042 1068 magnus
1094 1007 1137 1055 set
1149 997 1311 1069 Gregorius,
1326 1012 1457 1068 magnum
1475 994 1503 1052 in
1516 997 1635 1053 Ecclesia
1649 995 1786 1053 catholica
1798 995 1892 1053 incen-

242 1096 294 1153 erit
315 1110 411 1153 coram
422 1094 555 1151 Domino.
580 1092 714 1150 observat
736 1092 808 1148 idem
832 1098 929 1147 auctor
947 1090 1041 1146 lillda-
1094 1092 1170 1149 dium
1185 1091 1354 1157 excitarunt;
1379 1104 1444 1145 cum
1470 1090 1514 1147 alii
1527 1088 1658 1162 pontilici,
1680 1089 1726 1145 alii
1742 1090 1802 1161 regi
1821 1088 1893 1147 iare·

244 1188 378 1246 brandum
402 1188 607 1245 odciesccatiam
622 1189 771 1255 inpressam
785 1187 1040 1254 ialirrrrrctompro-
1095 1193 1166 1242 rent.
1181 1184 1415 1256 Pontilerrcgem
1425 1192 1557 1256 tanquam
1578 1183 1892 1240 multorumcriminum

245 1285 346 1351 (mium
358 1280 453 1347 fuisse,
467 1283 634 1337 domitorum
660 1280 700 1333 ibi
714 1281 805 1333 corais
817 1279 1000 1349 petulantiora
1016 1282 1042 1331 et
1094 1293 1184 1341 rcum,
1200 1277 1340 1335 etirustra
1360 1277 1458 1350 sapius
1483 1293 1531 1349 per
1550 1277 1656 1334 litteras
1679 1284 1706 1333 et
1718 1276 1821 1349 legatos
1840 1274 1891 1331 ad·

245 1377 600 1446 molcslicpercqrinotloais
611 1375 777 1429 etiastcutt‘c
790 1373 1042 1443 attritionemque
1095 1373 1231 1429 monitum
1243 1371 1449 1442 communione,
1460 1379 1521 1427 tum
1529 1386 1613 1444 regno
1624 1369 1749 1443 privarit.
1762 1372 1831 1439 Quae
1843 1383 1889 1426 res

246 1468 361 1527 iortasse
379 1469 407 1524 in
425 1466 592 1525 monasterio
617 1466 796 1531 cluniacensi,
818 1474 885 1521 tunc
910 1462 1041 1536 temporis
1095 1466 1159 1523 ideo
1178 1465 1330 1522 Henricum
1352 1464 1465 1537 ejusque
1474 1472 1626 1522 sectatores
1641 1462 1805 1530 commovit,
1818 1471 1852 1517 ut
1864 1470 1893 1519 et

247 1562 438 1631 celeberrimo,
465 1560 587 1635 perfecit.
611 1564 732 1618 Romam
758 1573 894 1625 reversus,
921 1557 1041 1628 indeque
1097 1560 1155 1631 ipsc
1181 1560 1341 1632 pontilicem
1366 1559 1459 1616 esede
1481 1558 1634 1617 disturbare
1660 1564 1778 1615 conatus
1799 1554 1892 1622 luerit,

245 1672 310 1714 cum
321 1656 455 1729 Gregorio
463 1655 646 1723 Vl‚exsulare
660 1661 781 1722 coactus,
793 1652 876 1710 rediit
886 1652 981 1724 procul
990 1650 1042 1707 du·
1097 1660 1238 1726 procurata
1266 1670 1315 1727 per
1338 1655 1478 1727 episcopos
1498 1653 1549 1709 sibi
1569 1651 1745 1731 adbaerentes
1761 1648 1893 1706 adversus

245 1749 292 1807 bio
306 1748 478 1820 cluniacum,
491 1748 538 1806 ubi
564 1748 662 1822 prioris
689 1748 779 1804 olllcio
793 1746 911 1802 donatus
935 1746 997 1813 luit,
1018 1745 1041 1801 si
1098 1747 1264 1818 Gregorium
1287 1748 1414 1805 Guiberti
1432 1746 1599 1804 Ravennatis
1610 1744 1753 1812 electione,
1769 1742 1814 1814 qui
1829 1741 1891 1799 Cle-

169 1914 173 1923 .
245 1850 339 1901 tamen
372 1842 425 1899 bac
455 1857 577 1915 unquam
599 1840 733 1914 dignitate
758 1840 851 1913 potius
877 1839 938 1896 luit.
966 1841 1045 1895 Certe
1059 1821 1084 1884 Β
1099 1841 1200 1897 montis
1214 1843 1253 1897 lll
1268 1841 1530 1915 nomenusurpavit.
1557 1839 1629 1897 liinc
1642 1846 1739 1896 natum
1763 1834 1893 1910 gravissi·

246 1935 374 1994 eumdem
397 1936 425 1992 in
452 1936 609 1993 monasticis
627 1933 780 2006 disciplinis
801 1932 942 1991 eruditum
960 1932 1043 1988 luisse
1097 1951 1176 1991 mum
1194 1935 1327 2003 schisma;
1347 1944 1375 1991 et
1394 1936 1585 2007 episcoporum
1611 1945 1810 2006 procerumque
1828 1944 1893 1986 con·

247 2028 310 2087 inde
321 2029 411 2102 colligi
423 2037 525 2101 potest,
540 2027 643 2100 quoda
665 2030 757 2083 Leom
776 2030 828 2095 lx,
845 2034 906 2098 post
922 2026 1043 2082 reditum
1098 2039 1196 2087 ventur
1207 2028 1364 2101 frequentes
1374 2029 1580 2102 tunotemporis
1593 2027 1681 2085 fuere.

246 2123 274 2180 in
286 2123 406 2194 Urbem,
418 2122 583 2178 monasterio
594 2122 680 2179 sancti
695 2121 770 2177 Pauli
790 2118 935 2193 praelectus
949 2119 1041 2185 inerit,
1133 2130 1160 2180 7.
1174 2125 1266 2181 Placet
1279 2122 1403 2179 ‘omnino
1423 2122 1550 2197 Gregorii
1570 2122 1671 2190 mutio,
1683 2135 1766 2193 quam
1786 2118 1814 2175 in
1826 2134 1894 2175 con-

247 2224 279 2273 ut
291 2232 324 2274 eo
338 2216 367 2272 in
390 2217 451 2272 loco
471 2216 624 2288 regularem
647 2213 829 2285 disciplinam,
856 2228 919 2285 quae
938 2213 975 2269 ibi
999 2222 1042 2269 te·
1097 2218 1157 2274 cilio
1172 2220 1299 2273 Romano
1319 2233 1391 2273 anno
1413 2223 1482 2273 1078
1508 2216 1601 2273 habito
1620 2213 1746 2271 adhibuit
1763 2210 1893 2269 inierea-

248 2317 353 2383 pucrat,
375 2309 542 2366 restitueret.
560 2310 587 2365 ls
600 2317 644 2365 est
668 2308 726 2379 ipse
750 2307 795 2378 qui
809 2322 842 2362 eo
856 2307 967 2362 nominc
979 2307 1043 2362 Vin·
1097 2311 1132 2367 da
1143 2310 1438 2367 excommunicatione.
1449 2312 1496 2366 Ut·
1505 2310 1580 2366 enim
1592 2306 1791 2381 simpliciorum
1806 2304 1894 2361 bomi-

245 2401 443 2461 docinensibus
461 2402 604 2459 ecclesiam
629 2408 732 2457 sanctae
764 2400 866 2457 Priscae
896 2401 924 2456 in
950 2407 1043 2457 monte
1097 2420 1165 2459 num
1180 2404 1226 2477 qui
1241 2403 1275 2460 ad
1292 2402 1427 2476 ejusmodi
1439 2402 1639 2460 dissensionum
1653 2415 1749 2457 causas
1769 2398 1894 2471 apprime

246 2497 383 2554 Arendno
397 2499 497 2553 Romae
512 2495 591 2551 sitam
605 2511 639 2550 eo
652 2503 733 2566 pacto
753 2494 844 2561 cessit,
860 2502 890 2549 ut
910 2494 947 2549 ibi
968 2509 1042 2549 sem-
1096 2495 1291 2554 discernendas
1311 2514 1367 2553 non
1390 2503 1468 2554 erant
1504 2494 1683 2564 sufficientes,
1717 2490 1894 2550 conscientia

244 2604 294 2662 per
305 2588 454 2647 duodecim
464 2588 591 2647 monachi
604 2587 831 2656 Vindocinonscs,
849 2602 1042 2659 necunquam
1097 2590 1181 2662 quieti
1195 2590 1360 2661 provideret,
1378 2590 1525 2647 declaravit
1547 2589 1616 2645 talea
1631 2587 1759 2645 homines
1780 2600 1893 2642 excom·

246 2683 339 2740 minus
352 2698 437 2756 quam
451 2690 515 2740 octo
527 2683 689 2751 reputaverat·
703 2683 797 2736 siccut
810 2725 816 2735 .
831 2680 862 2737 ld
871 2681 1042 2738 discimusex
1096 2683 1288 2740 municationis
1306 2685 1414 2741 vinculo
1431 2682 1579 2739 innodatos
1592 2697 1648 2738 non
1660 2695 1737 2748 esse;
1752 2678 1823 2735 sicut
1840 2694 1893 2735 ne·

247 2777 342 2833 litteris
358 2776 503 2833 Alexandri
516 2790 603 2848 papas,
619 2775 714 2847 quinto
725 2774 899 2846 pontificatus
912 2775 954 2831 sui
968 2789 1042 2829 auno
1098 2794 1151 2850 que
1164 2778 1226 2834 illos
1241 2778 1339 2851 quibus
1364 2793 1414 2851 pro
1435 2776 1604 2845 conditione,
1616 2783 1707 2842 estate,
1726 2780 1776 2829 aut
1793 2780 1893 2829 natura

246 2869 330 2938 datis,
342 2868 440 2940 quibus
460 2870 669 2925 mnoeucoticm
684 2868 830 2925 conlimrat
847 2884 878 2924 ea
902 2867 936 2925 de
955 2883 985 2924 re
998 2866 1041 2923 ia·
1097 2872 1401 2930 excommunicatorum
1409 2869 1637 2928 consuetudinem
1650 2867 1736 2924 vitare
1756 2882 1813 2922 nou
1829 2864 1893 2921 lice-

246 2972 321 3020 etam
332 2965 403 3019 inter·
417 2962 632 3020 llildebroadom
642 2962 858 3017 archidiaconum
871 2967 952 3031 otqoc
963 2977 1043 3017 carro·
1097 2966 1153 3022 bat.
1179 2965 1304 3038 Gregorii
1331 2965 1413 3022 verba
1438 2963 1602 3037 proierendn
1625 2971 1691 3019 suut
1713 2977 1746 3017 er
1768 2957 1894 3032 liugonis

246 3057 287 3112 ott
299 3042 391 3112 sancti
406 3056 484 3111 carati
505 3070 665 3110 oecortomum
687 3069 734 3108 seo
748 3058 885 3116 rectorem,
902 3054 1041 3111 moueri·
1097 3059 1308 3116 Flaviniaceusis
1319 3058 1452 3115 cbronico
1466 3055 1631 3114 virdunensi
1643 3054 1678 3112 ad
1691 3068 1797 3111 annum
1812 3056 1892 3108 toas.

244 3164 309 3207 illm
321 3147 554 3205 Vissdoeissessleffl
568 3147 707 3203 abbatem.
719 3148 779 3215 Qui
794 3146 901 3203 ῐὸῑῑθῐῐθ
917 3147 1042 3203 nonnulli
1098 3158 1133 3211 Et
1143 3156 1270 3224 quostiam
1282 3154 1389 3215 ararcltoa,
1410 3155 1525 3223 peractis
1538 3153 1636 3207 nostris
1649 3148 1828 3219 culpantibus,
1840 3162 1894 3217 pro

244 3258 309 3300 curn
322 3241 552 3297 vallumbrosano
570 3238 659 3297 ordini
676 3254 764 3312 nuper
774 3239 959 3311 ascripserint,
980 3240 1040 3298 inse
1097 3264 1179 3303 «sorren
1202 3248 1483 3302 creoramuutcottonis
1503 3245 1625 3315 quotidie
1642 3244 1732 3314 perire
1749 3244 1894 3309 cernimus,

243 3335 357 3408 exponit
370 3341 399 3391 et
408 3333 532 3391 confutat
541 3332 750 3406 papebrochius,
775 3333 942 3406 paragrapho
952 3341 979 3401 l,
994 3334 1042 3392 sed
1096 3346 1199 3414 partim
1217 3342 1380 3410 teucrorum,
1402 3342 1504 3409 pro-om
1523 3342 1604 3394 citiam
1616 3336 1891 3407 rrimiosimplicitate,

246 3429 363 3486 nullaea
382 3426 419 3484 de
431 3443 463 3485 re
476 3426 550 3502 apud
564 3426 688 3485 cmditos
714 3436 841 3485 auctores
868 3436 957 3500 potest
984 3444 1043 3486 esse
1096 3439 1199 3508 partim
1220 3438 1326 3497 timore,
1337 3436 1443 3505 purtim
1461 3436 1542 3488 ctiam
1556 3434 1640 3487 nimia
1664 3432 1829 3497 necessitate,
1849 3429 1894 3484 de-

244 3521 401 3580 difficultas.
418 3521 634 3594 Distinguendus
660 3528 813 3577 esttamen
835 3523 1043 3579 nosterHilde-
1097 3533 1164 3585 arieli
1180 3530 1374 3591 memineratis,
1404 3528 1584 3582 arratlematis
1614 3527 1785 3591 currentiam,
1809 3526 1894 3593 prout

244 3615 367 3672 brandus
380 3615 414 3670 ab
424 3615 476 3671 alio
493 3613 618 3685 ejusdcm
629 3613 748 3670 nominis
761 3614 931 3672 cluniacensi
952 3618 1042 3688 priore
1095 3640 1245 3694 possamus,
1261 3622 1298 3676 ad
1311 3627 1413 3691 tcotpus
1434 3624 1582 3691 opiportaoe
1606 3624 1794 3689 inruperit-mus.
1818 3618 1893 3687 Apo·

244 3708 301 3764 sive
313 3707 469 3779 preposito,
488 3706 534 3778 qui
557 3707 586 3762 in
601 3707 662 3763 Vita
676 3707 765 3763 sancti
781 3709 888 3764 Odonis
902 3709 1040 3767 laudatur.
1095 3719 1288 3785 stoltcat'toquc
1299 3717 1460 3770 auctoritato
1471 3713 1506 3768 ab
1520 3714 1702 3768 rrrrotltcmctis
1715 3712 1821 3767 utriculo
1834 3710 1894 3765 sub·

244 3802 351 3872 Quanta
374 3814 440 3856 vero
463 3799 543 3856 luerit
564 3799 651 3856 nostri
675 3816 738 3872 erga
764 3800 962 3872 professionem
980 3819 1041 3860 mo·
1097 3813 1228 3865 trahimus
1251 3810 1372 3863 oirbzlicct
1395 3823 1500 3872 tereres,
1524 3807 1627 3867 llberos,
1647 3820 1747 3869 scruas,
1767 3806 1891 3867 casallos,

244 3891 384 3961 nauticam,
395 3907 459 3949 cum
472 3892 506 3949 ad
526 3892 713 3965 pontificatum
724 3903 834 3951 erectus
849 3894 910 3964 iuit,
927 3912 1042 3970 propcn-
1095 3919 1141 3959 sca
1154 3904 1301 3973 otorrcipo'c,
1311 3918 1358 3957 occ
1369 3918 1420 3957 rain
1432 3903 1545 3956 crasticos
1554 3906 1579 3956 et
1597 3902 1750 3968 seminales,
1766 3904 1793 3954 ct
1805 3912 1893 3955 omncs

243 3986 296 4055 sio,
311 3984 434 4043 arteriis
447 3986 508 4058 eJus
520 3985 643 4058 epistolis
672 3987 770 4059 liquet,
783 3987 812 4043 in
829 3986 928 4059 quibus
942 3990 1041 4061 passim
1095 3999 1162 4052 alios
1176 3999 1226 4066 qai
1251 4012 1303 4051 ruat
1322 3996 1388 4050 rodco
1411 3995 1526 4049 castales
1543 3998 1614 4057 sant,
1634 3999 1666 4049 ot
1677 4009 1769 4049 eorum
1782 3993 1892 4047 corrsilio

243 4079 445 4137 monachorum
455 4078 665 4135 sanctimoniam
680 4078 774 4136 laudat
784 4095 936 4153 eorumque
947 4082 1040 4153 quieti,
1095 4090 1191 4146 scelera
1200 4094 1398 4160 perpetrentur,
1407 4093 1433 4143 ct
1442 4089 1500 4143 illos
1512 4090 1562 4159 qui
1575 4091 1729 4157 ignoranter
1741 4101 1892 4142 cacommu·

243 4172 374 4229 adversus
399 4170 536 4246 quoslibet
559 4172 599 4228 eis
625 4171 756 4239 infensos,
776 4182 890 4247 paterne
905 4176 1040 4245 providet.
1095 4185 1192 4238 aientis
1206 4185 1408 4245 communicant,
1423 4182 1541 4237 scotillos
1561 4183 1610 4252 qui
1627 4182 1894 4236 cornaranimntcam

243 4264 373 4339 Legenda
395 4274 438 4323 est
455 4281 486 4322 ea
499 4265 533 4323 de
551 4281 582 4322 re
605 4265 666 4339 ejus
687 4267 802 4340 epistola
818 4274 863 4337 13,
889 4269 937 4325 lib.
952 4285 975 4339 1,
993 4271 1040 4327 ubi
1096 4280 1133 4332 eis
1145 4279 1193 4346 qai
1205 4277 1398 4331 commorticcnt
1412 4276 1654 4331 eccoramuoicotis.
1673 4275 1829 4343 Quicunque
1846 4288 1893 4329 aa·

242 4360 399 4415 blanoscum
430 4361 583 4417 Remorum
614 4359 854 4432 archiepiscopum
890 4362 1042 4420 monachos
1095 4375 1147 4425 tem
1161 4374 1261 4432 arctor,
1274 4370 1329 4423 sice
1340 4370 1893 4439 pcrcqiu'aasaatoictortoterrccacoaa

241 4452 329 4509 mii
342 4451 462 4525 Remigii
478 4462 621 4510 mantem
637 4454 809 4525 ⁰0¹¹¹llllmiti
823 4454 954 4526 ploresad
966 4458 1039 4511 Lan-
1094 4465 1289 4517 manicatorum
1307 4464 1548 4531 aeromantiam
1567 4464 1652 4532 possit
1665 4476 1759 4529 eume,
1779 4465 1892 4515 autnon

242 4544 367 4603 francum
391 4545 500 4618 scripsit
519 4546 547 4602 iu
567 4546 685 4618 gratiam
702 4546 1172 4627 monachorumdngliae.1)bcbcl
1192 4557 1363 4618 undccmot,
1383 4554 1834 4625 cblrccommuuicoiiscocipr'ertdi
1856 4554 1892 4608 li·

243 4638 348 4696 Eorum
361 4640 506 4713 plerosque
519 4640 547 4695 in
561 4640 741 4697 cardinalium
757 4640 904 4713 collegium
917 4642 1035 4715 adlegit;
1091 4650 1323 4705 curtiirmdomos.
1336 4653 1376 4705 ut
1389 4651 1414 4704 si
1431 4651 1492 4718 qais
1507 4648 1741 4705 accommaoicctis
1763 4662 1816 4703 acri
1833 4662 1892 4703 sets·

242 4731 337 4787 statim
360 4740 443 4804 atque
456 4732 578 4805 pontilex
598 4732 652 4789 iuit
666 4734 847 4803 renuntiatus,
865 4737 1038 4793 casinensem
1092 4746 1236 4798 tertiatione·
1249 4744 1392 4814 superbire,
1407 4743 1453 4797 scd
1475 4742 1650 4797 brtmcaitctis
1671 4756 1754 4797 causo
1781 4738 1891 4810 aliquid

241 4824 372 4881 abbatem
385 4825 437 4882 sibi
450 4823 548 4883 adesse
561 4827 655 4896 voluit,
668 4842 701 4883 ac
719 4829 802 4885 morti
820 4830 961 4900 proximus
977 4832 1037 4886 llu·
1091 4836 1159 4891 dore
1176 4838 1302 4903 volucrit,
1326 4851 1378 4889 noa
1395 4835 1576 4906 probibemus.
1599 4834 1678 4892 ldem
1691 4840 1810 4891 testabar
1821 4834 1889 4889 Ber-

241 4932 342 4990 gonem
355 4918 640 4987 Diensem,0ttonem
655 4922 828 4978 exitemensi
841 4922 1038 4980 canonicomo-
1091 4928 1205 4985 tholdus
1239 4926 1454 4985 constantiensis
1480 4928 1621 5002 presbyter
1646 4928 1674 4983 in
1700 4926 1840 4984 Chronico
1855 4924 1891 4983 ad

241 5010 445 5077 nacbum,tunc
457 5011 624 5069 cardinalem
635 5012 802 5082 Ostiensem,
815 5029 847 5070 ac
862 5015 1036 5074 Desiderium
1091 5038 1194 5078 annum
1211 5027 1291 5080 tota.
1319 5024 1387 5078 llaec
1399 5021 1494 5094 procul
1517 5021 1603 5079 dubio
1628 5020 1763 5078 didicerat
1779 5020 1890 5091 Grego-

239 5102 430 5171 Casinensem,
444 5103 519 5160 solos
542 5113 575 5161 ut
588 5103 639 5161 sibi
658 5104 858 5163 substituantur
876 5107 974 5181 dignos
987 5109 1036 5166 de·
1090 5115 1146 5172 rius
1170 5130 1206 5173 ex
1221 5115 1291 5172 beati
1307 5115 1397 5173 Patris
1413 5115 1552 5172 Benedicti
1562 5115 1666 5188 regula,
1680 5113 1726 5187 qui
1752 5112 1838 5170 semel
1859 5119 1888 5169 ct

239 5195 368 5269 &suaviis
394 5211 428 5252 0¹
447 5195 548 5269 (luiblss
563 5196 618 5254 ‘1¹¹⁰
638 5197 726 5255 ultimi
746 5199 913 5257 Benedictini
928 5203 1036 5274 pontili-
1091 5211 1188 5265 iterum
1202 5217 1284 5282 vetat,
1309 5225 1344 5265 ne
1371 5207 1421 5277 illi,
1444 5208 1491 5281 qui
1504 5218 1607 5281 quanta
1622 5209 1657 5265 sit
1668 5203 1889 5289 excommunica·

145 5318 149 5331 ι
238 5288 378 5346 cecinere.
388 5289 524 5362 Denique,
537 5297 569 5346 ut
580 5289 617 5345 ait
625 5288 770 5348 ordericus
781 5292 889 5364 vitalis,
906 5295 977 5351 libro
991 5312 1035 5367 ιν,
1088 5301 1171 5357 tionis
1186 5317 1267 5374 poeua
1289 5302 1424 5375 ignorant,
1439 5318 1472 5359 ea
1485 5301 1628 5359 feriantur.
1644 5304 1679 5357 Et
1696 5298 1809 5373 quidem
1823 5312 1889 5355 euru

238 5383 305 5438 alios
319 5398 423 5453 qaoque
439 5384 590 5447 monachos,
612 5390 695 5454 prout
713 5388 784 5441 uitio
807 5387 1033 5460 docebotpromo
1090 5393 1225 5466 ejusmodi
1242 5411 1363 5453 oensurae
1385 5396 1494 5453 nonnisi
1519 5394 1555 5451 ad
1574 5392 1790 5452 aedificationem
1811 5390 1889 5448 adbi-

238 5477 288 5542 ot‘t,
301 5480 328 5533 ct
345 5476 518 5534 diversorum
540 5478 709 5536 ecclesiarum
723 5481 813 5537 tutela
832 5482 951 5553 clip-ariter
967 5500 1034 5555 prce·
1088 5485 1185 5544 bendae
1211 5489 1275 5557 sint,
1301 5490 1379 5549 aliter
1397 5488 1515 5564 agendo,
1534 5488 1562 5543 in
1596 5486 1813 5545 destructionem
1841 5498 1890 5541 eas

237 5571 313 5637 iiiii·
1087 5580 1258 5655 frequentius
1280 5582 1404 5656 usurpari
1427 5580 1567 5654 contingit.
1593 5582 1676 5639 Plura
1698 5578 1890 5637 babentnrra

214 5704 216 5709 ,
272 5670 300 5720 6.
324 5664 503 5722 Auctoritatis
515 5672 545 5723 et
559 5665 708 5740 discipline
723 5669 912 5729 ecclesiastica
930 5673 1031 5730 acerri·
1087 5676 1136 5732 riis
1149 5677 1175 5733 in
1185 5676 1320 5744 conciliis,
1332 5690 1394 5751 quie
1401 5674 1436 5732 ab
1446 5689 1479 5731 eo
1492 5673 1622 5747 pontifice
1633 5680 1798 5749 congregem
1808 5678 1887 5737 aunt,

237 5772 299 5813 Μ
318 5756 416 5815 lind&
432 5756 484 5815 luit
509 5759 670 5833 Gressofisssss
689 5768 747 5817 tam
770 5770 833 5818 ante
859 5779 944 5836 quam
970 5774 1033 5835 post
1086 5768 1122 5824 ad
1136 5768 1289 5842 discipliuae
1307 5768 1494 5827 ecclesiasticae
1513 5768 1726 5833 restitutionem,
1740 5765 1887 5825 vitiorum·

235 5848 334 5907 initum
348 5850 548 5924 pontificatum.
559 5853 695 5911 Fervebat
707 5854 882 5957 potiafflrum
899 5855 960 5928 eius
974 5864 1032 5917 stu·
1086 5860 1376 5933 quoexstirpationcm
1400 5861 1745 5935 praeciosarumque
1771 5858 1819 5917 bic
1832 5854 1881 5917 iu·
