3870 6164
114 288 187 343 stt
431 274 434 279 ’
490 280 519 337 S.
539 275 699 335 GREGORll
718 277 763 334 vit
781 276 857 335 OPP.
876 274 963 332 atas
981 274 1025 332 tlt.
1044 300 1081 317 ·-
1098 273 1254 332 concitis
1272 274 1427 335 ROMNA.
1736 274 1784 333 int

134 420 322 477 mccessores,
350 403 467 461 Domino
491 404 660 476 inspirante,
676 402 882 459 comtitncrunt
901 406 972 469 οιΑ
1023 398 1636 475 lV.Sednecreliquaonneilispsrsipeadero
1644 400 1783 468 deboram,

134 504 213 561 nulla
228 498 436 574 beretsynodus
450 500 694 571 preterttomann
703 494 934 553 sedisauctorita·
987 496 1014 549 in
1036 494 1135 567 quibus
1152 494 1241 551 mults
1263 510 1400 566 nusquam
1428 494 1493 553 alibi
1511 496 1634 563 insents,
1659 495 1784 553 missa·

136 606 204 655 mm.
219 598 336 653 &notras
350 592 638 666 quoqusntlranasius
655 588 933 662 praesulAlerrandri-
986 588 1064 646 sticre
1087 597 1180 645 minen
1202 587 1397 661 dispensationi
1421 590 1590 653 armenus,
1625 589 1784 663 rrpeslnttrtr

136 689 259 761 nus,qui
276 704 334 745 non
355 686 472 743 minima
495 700 558 758 pers
582 684 687 743 llicnni
713 683 822 741 concilii
834 682 886 739 luit
904 681 932 739 in
987 698 1049 755 qnae
1062 682 1399 755 quidemasnperioribus
1415 682 1585 742 consancta
1601 684 1784 741 unedonibos

137 783 249 857 epistola
261 782 296 839 ad
305 782 424 839 Felicem
440 796 541 853 papam
556 796 617 851 cap.
633 786 660 849 t,
670 779 707 834 ita
719 777 786 835 dicit
802 795 810 834 r
828 776 935 835 Scimus
988 778 1066 832 nullo
1089 776 1173 833 modo
1196 776 1363 849 discrepant,
1390 794 1454 833 cum
1478 778 1644 835 Christianae
1666 776 1784 851 religion

138 878 167 935 in
178 876 290 935 llicaeua
303 892 402 947 rusque
413 873 518 949 synodo
530 882 718 930 trecentorum
726 872 825 929 decem
834 880 863 929 et
871 879 934 929 octo
988 870 1159 943 apertissime
1177 870 1348 929 conveniant
1364 871 1542 944 Huiusmodi,
1563 872 1693 944 inquam,
1717 872 1784 944 espi-

136 971 330 1043 apiscopnrum
350 970 385 1025 nb
407 968 538 1025 omnibns
559 966 732 1023 concorditer
744 982 804 1023 esse
824 966 936 1021 robora-
990 965 1046 1022 tuln
1061 964 1089 1020 iu
1104 963 1271 1037 quibuslibet
1290 965 1414 1023 conciliis
1436 965 1559 1035 intents,
1572 965 1737 1023 nullatenus
1756 964 1784 1021 ab

138 1073 199 1121 tum
214 1080 271 1121 non
290 1062 502 1135 debereabsque
514 1062 636 1119 Romani
649 1060 787 1133 pontilicis
799 1058 936 1115 sententia
990 1058 1082 1133 aliquo
1097 1058 1229 1116 nnrntiro
1240 1066 1306 1116 sunt
1328 1056 1537 1127 conoemnends,
1554 1061 1712 1131 presertim
1729 1076 1783 1117 eun

138 1158 254 1215 concilia
278 1156 417 1213 celebrari.
442 1154 496 1213 Sed
519 1164 548 1211 et
574 1155 661 1213 beatae
683 1154 828 1211 memoriae
847 1153 936 1209 Julius
991 1153 1047 1224 ipsa
1061 1153 1164 1225 reliqna
1183 1153 1299 1209 eoncilia
1312 1166 1346 1209 es
1363 1154 1612 1209 sacratissimarum
1628 1152 1784 1210 anctoritate

138 1268 207 1325 papa
228 1250 343 1322 idipsum
361 1266 421 1322 cap.
449 1250 636 1321 aprolltotur,
660 1248 775 1305 dicens:
797 1247 851 1319 ipsi
872 1261 936 1303 roro
991 1247 1166 1302 sanctionum
1192 1246 1366 1303 descendisse
1384 1263 1440 1303 nnn
1465 1245 1640 1313 dubitentur,
1668 1262 1734 1319 quar
1745 1264 1783 1320 per

138 1346 237 1417 primae
258 1344 331 1401 sedis
352 1344 484 1401 Ecclesiae
505 1341 743 1399 convoetmdarurn
767 1341 935 1414 generalium
989 1339 1109 1411 singulas
1127 1340 1280 1412 provincias
1303 1340 1368 1397 bina
1392 1341 1584 1413 episcoporum
1600 1340 1719 1398 enuntia
1744 1356 1783 1397 su·

139 1437 310 1511 synodorum
320 1438 383 1511 Jura
391 1447 419 1495 ot
424 1437 526 1510 judicia
544 1436 735 1509 episcoporum
745 1436 877 1507 singulari
885 1433 937 1506 pri·
990 1433 1096 1489 nuntius
1124 1432 1184 1490 lieri
1212 1434 1369 1490 firmissime
1385 1433 1545 1491 decernunt.
1566 1436 1648 1501 idne,
1668 1434 1783 1507 inquam,

139 1531 237 1603 rileqio
244 1517 404 1603 evangelicis
413 1539 442 1587 et
449 1530 608 1602 apostolicis
619 1538 703 1602 etque
716 1529 854 1586 canonicis
865 1544 936 1585 con·
991 1528 1243 1584 boetusrtnscletus
1257 1527 1292 1583 sb
1308 1527 1368 1599 ipso
1388 1528 1510 1600 principe
1523 1528 1721 1600 apostolorum
1734 1544 1784 1601 pre

138 1640 214 1681 aena
233 1633 301 1681 sunt
326 1624 469 1681 institutis.
497 1625 810 1696 B.·quoqrreDamssus
827 1638 895 1695 papa
909 1623 937 1677 in
990 1622 1085 1693 sbpter
1097 1620 1238 1677 ordinatus
1253 1621 1281 1676 in
1302 1621 1419 1678 decretis
1432 1622 1489 1678 sais
1512 1637 1575 1693 cap.
1597 1623 1785 1679 ttoertissine

138 1717 257 1775 decretis
270 1718 332 1775 suis
349 1734 409 1789 esp.
426 1724 444 1775 s
462 1716 534 1775 banc
545 1716 637 1775 intulit
650 1717 837 1775 sententiam:
860 1716 941 1772 Nulla
994 1714 1124 1772 decernit.
1148 1714 1339 1787 congregatio,
1359 1715 1459 1787 lnquit,
1480 1724 1661 1772 summorum
1677 1731 1728 1789 prr
1739 1718 1784 1772 sin·

140 1828 264 1885 unquam
287 1812 401 1868 concilia
421 1819 482 1869 rata
492 1812 620 1884 leguntur
633 1825 694 1883 qun
712 1826 770 1867 nou
790 1818 855 1867 nrut
874 1809 941 1865 inita
955 1802 979 1873 B
995 1808 1074 1883 pulos
1085 1824 1172 1865 annes
1185 1808 1244 1865 lieri
1259 1808 1329 1865 solet
1339 1807 1469 1865 etdebot.
1484 1810 1545 1866 linc
1564 1808 1785 1867 excellentissim

139 1905 288 1979 apostolica
306 1906 481 1977 quetoritate.
502 1906 658 1961 liisarrtem
676 1904 819 1961 sententiis
834 1907 868 1961 tt.
888 1904 938 1959 lsi·
991 1902 1114 1976 synodus
1134 1902 1243 1959 Nicone
1266 1918 1326 1974 esp.
1354 1909 1372 1958 t
1396 1902 1551 1959 constituit
1582 1904 1675 1973 Bone,
1700 1904 1785 1977 inqrrit,

16 2006 23 2015 ‘
135 1998 231 2067 dorus,
244 1999 359 2055 rimator
367 1999 573 2071 scripturarum
597 1998 801 2070 sagacissimus,
821 1997 939 2054 fideliter
991 1994 1090 2068 pluam
1103 1995 1304 2068 singulisannis
1319 2012 1367 2067 per
1381 2006 1607 2069 unamquamque
1621 1998 1784 2070 proslneisn

139 2091 312 2163 astipulatur,
334 2091 429 2149 dicens
440 2110 447 2147 :
459 2090 634 2163 synodorum
650 2106 713 2147 roro
736 2090 939 2164 congreganda-
961 2086 966 2097 '
992 2088 1034 2145 bis
1046 2089 1072 2144 iu
1087 2102 1160 2146 anno
1174 2088 1290 2146 concilis
1303 2087 1445 2153 celebrari,
1460 2098 1491 2145 ut
1502 2090 1695 2147 communiter
1708 2090 1786 2147 ornei-

139 2198 203 2241 rnm
229 2183 378 2242 auotoritas
404 2183 561 2255 apostolicae
579 2184 638 2239 sedi
658 2184 763 2257 privata
789 2185 939 2241 commissa
994 2182 1044 2239 bus
1069 2183 1152 2239 simul
1180 2182 1312 2257 episeopis
1340 2182 1512 2255 congregatis
1533 2182 1722 2241 discutiantur
1748 2185 1789 2241 lan·

139 2284 338 2349 estpotestate,
357 2293 408 2333 uec
428 2278 514 2333 ullam
534 2284 623 2334 ratam
647 2293 709 2333 esse
732 2277 849 2350 legimus
876 2292 939 2349 qurc
989 2275 1111 2348 jusmodi
1119 2276 1294 2347 questiones.
1306 2276 1788 2348 ltertrGonstentinnpolitsnumeon

20 2374 23 2379 '
139 2370 541 2443 cirrsnonlnoritanotoritste
554 2378 718 2443 corrgrcqata
735 2369 857 2427 etinlta.
872 2374 940 2427 ilaec
993 2369 1101 2438 cilium,
1124 2369 1449 2443 enumeratispririlegiis
1468 2369 1645 2429 diversarum
1664 2372 1786 2429 berlais·

139 2464 270 2521 monnica
284 2471 402 2521 testatur
424 2464 582 2521 auctoritas.
604 2466 673 2519 llroc
691 2464 873 2521 ecclesiastica
900 2463 941 2520 lri-
993 2479 1068 2531 rum,
1088 2480 1148 2535 cap.
1163 2470 1180 2518 t
1194 2463 1358 2519 coustituit:
1374 2466 1484 2521 serrata
1499 2463 1595 2537 regula
1609 2478 1676 2538 qn·
1694 2467 1786 2537 scripit

138 2558 223 2614 storia
241 2557 364 2615 roborat.
389 2558 457 2613 iloee
478 2558 566 2613 sancti
584 2542 683 2614 Patres
704 2557 883 2614 confirmant.
910 2558 939 2616 si
995 2566 1038 2613 est
1051 2557 1086 2613 dc
1105 2556 1361 2629 gubernationibus,
1385 2555 1563 2613 manifestum
1588 2558 1727 2631 estquod
1745 2560 1786 2615 ills

138 2666 205 2723 erqo
216 2651 260 2707 illa
273 2658 392 2723 quatuor
404 2649 519 2707 concilia
532 2650 608 2707 omni
626 2651 789 2707 auctoritate
803 2659 937 2720 carerent,
995 2666 1058 2723 quoe
1073 2657 1138 2705 sunt
1150 2666 1198 2722 per
1212 2664 1437 2723 unamquamque
1449 2651 1622 2724 provinciam
1638 2651 1723 2725 ipsias
1734 2668 1789 2723 pro

138 2744 192 2801 nisi
209 2744 398 2816 principaliter
417 2759 451 2800 err
470 2743 588 2800 decretis
609 2748 803 2801 llonrenorum
831 2744 940 2817 pontill-
994 2744 1089 2801 vinciae
1102 2743 1224 2816 synodus
1245 2745 1395 2816 dispenset,
1409 2745 1481 2801 sieut
1499 2745 1614 2803 Ilicseno
1628 2746 1787 2803 cornutis

139 2852 203 2893 eunt
222 2836 381 2893 llrmitatem
410 2837 577 2907 obtinerent,
607 2838 670 2910 quis
701 2837 813 2894 inliciari
841 2839 943 2910 poterit
998 2846 1105 2894 cretum
1127 2848 1187 2893 esse
1208 2838 1338 2894 concilio.
1368 2840 1439 2893 ltcm
1462 2838 1689 2897 Chalcedonense
1713 2840 1794 2897 nond·

138 2929 364 3005 qnantodecreta
386 2945 434 3002 per
460 2931 714 3004 ipsosapostolicos
733 2931 809 2988 viros
823 2933 946 3004 promul.
1000 2932 1069 2987 lium
1082 2946 1141 3003 cap.
1158 2930 1291 2988 sedicit:
1308 2932 1433 2988 Decrevit
1445 2940 1541 2988 sonets
1553 2932 1682 3005 synodus
1703 2948 1792 2991 mun

137 3034 200 3099 gata
222 3024 320 3098 majori
346 3025 523 3081 veneratione
538 3024 621 3097 digua
657 3026 760 3081 merito
783 3035 947 3083 censeantur
999 3025 1066 3081 dnm
1088 3040 1206 3082 canones
1228 3029 1340 3081 Petrum
1353 3024 1435 3082 bisin
1448 3042 1521 3082 anno
1547 3028 1697 3099 episcopos
1710 3028 1738 3083 ln
1759 3025 1794 3083 id

139 3134 222 3192 quarn
235 3118 292 3192 ipsa
309 3118 434 3187 conniis,
447 3134 511 3191 quae
531 3134 588 3175 non
607 3134 657 3190 per
675 3118 798 3192 ipsorum
812 3120 945 3191 apostoli·
960 3169 983 3233 c
998 3118 1090 3189 ipsum
1108 3119 1135 3173 in
1149 3130 1375 3191 unamquamque
1387 3119 1555 3192 provinciam
1570 3120 1734 3185 contenire,
1746 3136 1794 3193 qno

138 3228 238 3269 eorum
260 3213 448 3284 praesentiam,
470 3211 520 3269 sed
536 3218 645 3269 tantum
658 3228 709 3285 per
722 3228 819 3270 eorum
832 3212 946 3285 legatio·
999 3212 1227 3283 metropolitanus
1244 3212 1357 3269 constes
1376 3213 1541 3285 probaverit,
1559 3222 1588 3269 et
1614 3214 1795 3287 corriperes

140 3321 209 3362 nem
230 3306 389 3363 authentica
411 3306 470 3362 lieri
492 3306 692 3363 merebantur?
717 3306 761 3363 Sic
785 3307 859 3363 enim
874 3307 947 3379 legat
998 3304 1127 3377 qrrertnn
1144 3305 1268 3363 tartessia
1282 3307 1452 3363 emerserint.
1467 3310 1546 3363 Patet
1568 3322 1636 3381 ergo
1656 3307 1733 3383 quod
1749 3322 1795 3363 str-

138 3398 389 3472 sedisapostolicae
413 3400 574 3457 eorumdem
602 3400 796 3473 principalium
817 3402 946 3459 concillo·
999 3399 1126 3456 tlrentlraa
1139 3401 1295 3457 sanctiones
1310 3401 1392 3457 etiam
1415 3400 1590 3472 provincialia
1608 3402 1729 3458 concilis
1743 3402 1796 3457 lieri

139 3509 204 3549 rurn
229 3494 386 3551 sanctiones
411 3494 539 3566 primaria
563 3494 768 3566 subscriptione
798 3495 945 3568 apostolica
1001 3495 1174 3568 praecipiunt,
1188 3494 1263 3567 quod
1283 3495 1419 3551 incasmrrr
1432 3495 1623 3567 proriperent,
1648 3496 1797 3552 nisirtnns

139 3586 197 3643 rice
214 3587 423 3644 canonisabant.
438 3590 545 3658 Nempe
568 3588 620 3644 snb
641 3588 762 3661 piissimo
780 3588 944 3662 imperatore
1000 3587 1163 3646 eorumdem
1190 3588 1370 3645 conciliorum
1392 3588 1547 3659 probabiles
1576 3590 1732 3645 senwntias
1748 3588 1796 3645 ob·

140 3680 332 3748 Cerretanum,
353 3696 470 3751 magnos
489 3679 572 3736 Osius
584 3680 770 3738 Cordubensis
789 3683 944 3754 episcopus,
1001 3696 1109 3741 serrare
1118 3683 1305 3739 decernerent.
1316 3680 1400 3739 Unde
1409 3690 1438 3738 et
1450 3683 1479 3737 in
1490 3682 1575 3738 tertio
1586 3684 1724 3740 Toletano
1735 3697 1796 3739 son

140 3772 234 3827 Victor
257 3781 287 3828 et
311 3772 471 3829 Vincentius
494 3773 644 3845 presbyteri
665 3778 800 3831 Romanae
818 3776 946 3833 Ecclesia
1001 3778 1064 3833 cilio
1078 3775 1222 3832 universali
1236 3775 1380 3833 decretum
1399 3783 1442 3831 ost
1468 3776 1542 3844 :Qui
1560 3778 1682 3834 concilis
1703 3776 1796 3833 ortlro·

140 3873 261 3937 exparte
274 3866 362 3922 soracti
376 3866 501 3923 silvestri
515 3882 592 3938 papea
601 3867 713 3924 Nicaeno
731 3868 849 3925 concilio
874 3884 945 3941 prar-
1000 3871 1137 3926 derorum
1160 3870 1352 3940 episcoporum
1378 3882 1501 3925 consona
1525 3870 1710 3927 sanctissimis
1733 3884 1795 3942 qnt·

142 3957 268 4029 luerunt,
286 3966 315 4016 et
327 3959 417 4031 ipsum
432 3959 575 4031 principali
595 3960 795 4031 subscriptione
818 3961 946 4019 lirmave-
1001 3972 1063 4019 tuor
1077 3963 1198 4019 conciliis
1212 3979 1266 4019 non
1285 3963 1394 4035 recipit,
1416 3962 1562 4019 anathema
1574 3964 1621 4021 sit.
1637 3966 1798 4035 Quicunque

142 4059 215 4108 runt.
231 4056 302 4109 item
321 4052 494 4124 temporibus
513 4052 660 4109 Theodosii
681 4054 799 4127 junioris
823 4058 942 4128 Augusti
1002 4065 1113 4129 ergoet
1134 4057 1235 4113 borum
1266 4057 1444 4113 conciliorum
1459 4056 1671 4115 rationabilibus
1690 4056 1797 4113 statutis

142 4155 254 4203 sanctus
270 4146 386 4219 cyrillus
405 4146 559 4219 patriarcba
583 4147 788 4205 Alexandrinus
812 4157 840 4205 st
863 4154 949 4205 Arce-
1001 4152 1113 4207 obsiare
1137 4159 1263 4219 cenatur,
1288 4150 1404 4207 enema
1426 4150 1614 4223 superioribus
1639 4150 1799 4208 audienticis

144 4240 207 4297 dius
220 4240 364 4313 episeopus
382 4256 416 4297 es
430 4240 507 4296 ltalia
522 4240 579 4297 rice
596 4240 745 4298 beatissimi
763 4258 842 4315 papae
857 4244 946 4301 Goele-
1001 4245 1187 4301 sanctionibus
1206 4245 1235 4300 in
1254 4243 1405 4317 pericnlum
1427 4256 1508 4301 snum
1536 4244 1683 4301 dissentire
1702 4244 1798 4317 probs·

144 4334 209 4390 stlni
218 4333 669 4407 lipbosinoooncilioprsriuerunt,
686 4343 716 4393 et
729 4336 820 4408 ipsum
832 4347 941 4410 sposto-
1001 4350 1057 4398 tur.
1073 4344 1175 4397 Beatus
1195 4353 1304 4411 quoquo
1324 4337 1444 4395 isidorus
1456 4338 1486 4395 in
1501 4338 1622 4409 quadarn
1637 4354 1687 4397 sus
1706 4336 1798 4411 proria-

143 4426 197 4485 lica
216 4428 274 4485 riee
291 4427 547 4487 conobcrsvsrunt.
575 4432 644 4486 item
667 4437 793 4502 tempore
819 4434 949 4490 biarciani
1002 4436 1076 4493 tione
1087 4435 1122 4492 de
1135 4432 1287 4491 canonibus
1300 4450 1359 4505 cap.
1377 4439 1408 4489 tt
1425 4432 1564 4505 prredletis
1576 4432 1798 4491 radonibnsasti

144 4522 275 4595 principis
286 4522 449 4579 Pasclrnslua
458 4530 486 4577 ct
495 4522 647 4579 Lucentius
656 4521 774 4595 episcopi
786 4532 815 4581 et
832 4526 943 4583 Boulis·
958 4540 984 4605 Ι)
1000 4531 1109 4604 pulntur
1122 4528 1175 4585 lroo
1188 4525 1274 4584 modo
1288 4544 1296 4583 r
1311 4528 1398 4583 Nesse
1418 4526 1501 4583 etiam
1514 4535 1637 4599 oportet,
1662 4528 1731 4597 ,licet
1752 4540 1798 4583 cto
1821 4554 1833 4562 -

144 4617 203 4673 eins
214 4615 355 4689 presbyter
367 4616 464 4674 vices.
480 4617 583 4673 leonis
596 4617 710 4689 paprein
730 4618 948 4679 Glralcedonensi
1003 4635 1061 4683 tera
1081 4639 1139 4680 non
1156 4622 1341 4688 infirmentur,
1353 4628 1473 4693 qustuor
1486 4636 1547 4678 esse
1562 4620 1721 4693 principalis
1734 4634 1797 4677 coa-
1814 4646 1833 4657 -

146 4708 262 4765 eoncilia
273 4724 321 4781 per
337 4707 483 4766 duodecim
509 4708 720 4767 diescelebrato
735 4711 815 4783 primi
838 4712 950 4771 inerunt
1003 4719 1075 4775 cilia.
1094 4718 1143 4774 llis
1163 4724 1256 4771 autern
1283 4715 1462 4779 enomeratis,
1488 4712 1628 4771 snbiniert
1653 4714 1682 4771 itr
1705 4712 1833 4771 sedent

145 4801 847 4877 quietnnatoliopatriarchasConstantinopolitano
861 4808 950 4881 quod·
1003 4812 1136 4884 capitulo:
1159 4808 1212 4867 Sed
1236 4808 1299 4865 etsi
1314 4823 1376 4879 qum
1394 4816 1459 4865 sunt
1484 4808 1599 4865 concilia
1622 4820 1688 4881 quse
1715 4804 1833 4865 mast?-

145 4894 211 4951 dsm
226 4894 709 4970 privilegiamreconcitiemurpcnti
722 4899 868 4958 liberaliter
887 4918 950 4959 con·
1005 4910 1101 4964 Patres
1126 4904 1229 4976 Spiritu
1243 4902 1293 4959 Dei
1322 4902 1395 4974 pleni
1418 4910 1581 4967 sanrsntnt,
1598 4909 1662 4974 post
1685 4902 1833 4959 istorum

146 4987 328 5056 tradiserunt,
340 4988 488 5061 etreliqnls
500 4990 609 5046 statutis
626 4992 776 5063 apostoliea
802 4994 859 5052 rice
881 4994 948 5051 sub·
1003 5008 1121 5073 quatuor
1142 4997 1335 5055 auctoritatem
1349 4996 1426 5053 omni
1442 4994 1685 5053 mansntstsbllits
1697 4996 1789 5069 ripere
1807 5004 1833 5047 ss

145 5082 323 5155 scripserunt,
335 5090 367 5139 nt
388 5082 458 5138 libor
471 5082 592 5140 Liberatl
606 5084 828 5157 Carthaginensis
839 5086 948 5144 diaconi
1004 5095 1051 5149 Est
1064 5102 1129 5165 erpo
1151 5092 1277 5165 dignum,
1290 5098 1320 5145 nt
1329 5099 1358 5147 et
1370 5088 1530 5163 hujusmodl
1542 5088 1731 5147 consiliorum
1745 5096 1804 5145 sn-
1820 5100 1833 5137 s

145 5174 291 5233 deeodem
308 5174 426 5232 cannito
444 5182 570 5233 testetur.
586 5180 655 5235 Haee
669 5187 760 5235 autem
774 5180 870 5237 omnia
889 5194 948 5237 ms·
1001 5187 1069 5242 tutis
1093 5184 1314 5257 obtemperetur:
1336 5184 1359 5240 si
1382 5185 1457 5239 enirn
1477 5199 1531 5239 non
1559 5197 1654 5255 parvas
1678 5181 1833 5239 sttdbd-

146 5266 273 5325 niiestins
304 5268 350 5325 ille
375 5268 485 5339 ridebit,
514 5266 669 5343 quicunque
694 5272 857 5331 eorumdem
880 5290 947 5331 con·
1001 5288 1117 5345 canent,
1131 5278 1155 5334 si
1168 5278 1230 5348 quis
1243 5277 1387 5350 cuiuslibet
1400 5277 1483 5333 unlus
1496 5276 1619 5333 bominis
1641 5288 1713 5333 ssne
1734 5288 1784 5333 osa
1813 5286 1833 5325 1

147 5362 277 5419 ciliorum
296 5361 514 5435 subscriptiones
536 5364 661 5423 studiose
674 5368 856 5439 perspexerit.
877 5372 948 5442 Ergo
1002 5370 1402 5443 silioacqniesceredetreetat,
1416 5369 1618 5442 quantomagis
1629 5360 1833 5442 reprebmlfi

148 5456 330 5513 reverentiam
350 5457 406 5515 sive
425 5457 623 5528 obedientiam,
646 5476 733 5533 quem
759 5462 948 5521 secretissimis
1003 5465 1058 5521 bile
1077 5464 1193 5533 videtur,
1213 5464 1236 5521 si
1256 5466 1318 5535 quls
1331 5464 1505 5537 impudenter
1518 5464 1630 5521 resistat
1642 5454 1833 5537 trajecere&

148 5552 186 5606 tv
206 5550 327 5607 corollis
342 5550 419 5623 justa
434 5554 462 5609 s.
483 5553 648 5625 Gregoriuru
660 5554 760 5611 morito
774 5556 948 5625 exhibemus,
1002 5558 1183 5615 conciliorum
1210 5558 1330 5628 statutis,
1350 5575 1406 5617 non
1429 5558 1523 5627 unius,
1544 5556 1594 5615 ssd
1620 5558 1833 5631 plurimos&

146 5642 265 5701 decretis
275 5644 432 5716 apostoliea
441 5645 515 5703 sedis
527 5647 833 5723 nullateonsdensqarn,
846 5650 914 5719 inae,
923 5652 948 5709 si
1003 5652 1179 5721 sapientium,
1190 5652 1355 5711 auctoritate
1365 5661 1393 5709 et
1403 5650 1509 5725 jndicio
1519 5652 1636 5724 prolstls
1648 5648 1833 5724 stmsptc

148 5738 337 5809 possibileest,
345 5738 494 5797 studiosius
504 5740 813 5813 impenderedebemus,
822 5756 885 5801 oum
892 5744 950 5804 elne
1003 5744 1081 5803 batis.
1096 5749 1203 5818 liemps
1222 5746 1381 5820 hujusmodi
1392 5746 1623 5819 conciliisplrsres
1635 5744 1833 5805 utbolisi·

84 5840 88 5847 ·
147 5844 244 5888 eorum
258 5833 477 5891 auctoritatenec
486 5833 545 5907 ipss
556 5834 719 5893 conciliatas
730 5845 804 5895 esset
816 5837 947 5911 recipere.
999 5838 1096 5897 esirnii
1111 5838 1239 5899 doemres
1252 5836 1409 5899 interiuisss
1418 5839 1558 5915 repertur,
1572 5847 1607 5899 rrt
1616 5840 1649 5897 is
1660 5820 1833 5899 atinus.
