3870 6164
136 288 204 343 ttae
588 256 732 342 hPPEND.
752 285 795 341 ill.
816 314 852 326 -
871 284 1082 343 monumenta
1099 288 1329 344 ansechisus.
1626 358 1630 376 Ι
1713 287 1781 342 stat
1840 360 1848 365 -

134 409 296 470 criminibus
321 409 377 465 suis
404 407 604 466 satisfacientes
627 409 727 466 divinis
754 411 932 467 sacramentis
946 412 974 477 Α
988 411 1023 467 de
1038 412 1175 469 oblatione
1190 413 1344 485 percipere,
1357 412 1511 469 'anathema
1527 413 1570 467 sit.
1588 435 1601 460 ι
1624 415 1685 469 Hoc
1698 410 1780 468 etiam

132 505 292 578 iudicantur
306 503 421 576 indigui,
442 512 546 574 quanto
565 503 716 576 magisilli,
735 505 853 575 quinon
874 521 934 576 poe-
989 516 1082 578 caput,
1103 508 1182 580 jutta
1207 507 1278 562 l’etri
1297 506 1413 578 apostoli
1437 507 1638 560 attestationem
1663 507 1781 561 insuam

133 599 238 666 nitere,
256 597 303 653 sed
321 597 415 668 culpas
428 614 490 652 suas
504 597 560 670 jam
578 596 686 653 dudum
701 598 853 670 publicatas
872 615 933 670 pcr—
988 600 1110 671 ipsorum
1137 601 1287 673 pernicicm
1311 600 1489 672 depravantes
1512 603 1550 666 (ll
1571 601 1641 655 Patr.
1664 610 1720 666 ιιι),
1746 600 1781 656 ita

133 692 260 750 tinaciter
274 689 423 748 defendere
436 696 595 749 conantur?
611 692 670 764 qui,
690 701 717 746 et
735 691 775 766 [G.
791 696 835 759 tt,
848 709 931 748 cano·
988 697 1167 767 pronuntiant
1182 715 1188 750 ε
1204 719 1217 745 ι
1234 697 1396 769 Quicunque
1408 697 1573 752 recusaverit
1588 695 1702 750 missam
1717 709 1781 749 con-

134 786 226 855 nibus]
246 785 384 841 obstinato
405 785 498 842 animo
516 784 672 843 resistentes
694 786 780 842 etiam
801 787 933 858 Spiritum
985 789 1072 862 jugati
1085 790 1244 861 presbyteri,
1258 790 1402 847 anathema
1415 791 1461 857 sit,
1475 814 1487 837 »
1499 789 1602 844 scilicet
1616 797 1647 844 ut
1659 804 1706 844 eos
1715 803 1781 843 ana·

135 889 264 939 sanctum
276 878 465 959 blasphemare
474 879 632 950 probantur.
650 880 695 936 Sic
704 878 775 935 eninr
789 883 821 936 B.
835 883 934 936 Dema·
988 883 1180 940 thematizatos
1194 900 1253 939 esse
1264 882 1453 940 demonstrent
1465 885 1521 956 qni,
1537 883 1693 955 apostolicis
1703 882 1781 938 insti·

135 990 184 1032 sus
198 990 266 1047 papa
287 973 316 1029 in
331 972 445 1044 epistola
460 978 514 1040 (25,
531 990 558 1046 q.
577 982 602 1041 t,
622 991 647 1029 c.
664 980 692 1040 5,
718 976 875 1040 Violatores)
898 974 934 1030 ad
987 979 1054 1033 tutis
1066 978 1471 1045 obedientes,incontinentium
1484 977 1705 1050 presbyterorum
1717 976 1782 1032 mis·

136 1071 165 1127 S.
182 1067 325 1125 Aurelium
344 1066 583 1140 Carthaginensem
600 1066 835 1140 archiepiscopum
852 1077 934 1125 testa·
988 1087 1033 1129 sas
1055 1071 1177 1144 recipere
1195 1070 1356 1127 detrectent.
1382 1071 1434 1129 Sed
1460 1071 1570 1127 frustra.
1596 1074 1665 1126 Nam
1680 1069 1782 1143 praedi-

136 1172 183 1221 tur
197 1181 203 1218 :
222 1185 235 1211 ι
249 1160 413 1227 Violatores,
425 1161 524 1232 inquit,
538 1177 678 1218 canonum
693 1162 839 1219 voluntarii
850 1162 934 1236 gravi·
988 1174 1062 1222 ctum
1073 1174 1155 1238 caput
1170 1166 1229 1222 illos
1242 1175 1351 1223 tanturn
1366 1165 1576 1222 anathematizat
1590 1165 1637 1236 qui
1650 1171 1783 1237 respuunt

136 1264 179 1314 ter
198 1273 213 1312 a
234 1257 283 1313 SS.
302 1254 429 1311 Patribus
447 1254 617 1327 Judicantur,
633 1264 661 1311 et
675 1271 691 1312 a
706 1265 801 1312 sancto
821 1256 932 1328 Spiritu,
988 1260 1137 1334 presbyteri
1161 1261 1341 1328 oblationem,
1365 1276 1421 1316 non
1444 1259 1489 1332 qui
1514 1259 1596 1315 modo
1617 1258 1709 1326 babet,
1735 1256 1784 1314 scd

137 1350 229 1424 (cujus
246 1348 375 1405 instinctu
393 1364 425 1405 ac
454 1347 528 1406 dono
548 1349 640 1405 dictati
659 1355 732 1417 sunt)
758 1350 931 1422 damnantur,
987 1354 1033 1426 qui
1045 1353 1186 1427 quondam
1199 1354 1292 1410 habuit
1307 1370 1430 1410 uxorem.
1452 1357 1492 1410 Eo
1511 1352 1584 1409 enim
1598 1360 1733 1424 tempore,
1747 1358 1781 1407 ut

136 1444 269 1519 quoniam
290 1442 481 1516 blasphemare
503 1442 636 1515 Spiritum
661 1453 787 1501 sanctum
813 1462 869 1501 non
890 1445 933 1500 in·
989 1447 1119 1520 prologus
1141 1448 1308 1522 Gangrensis
1328 1448 1438 1505 concilii
1452 1455 1580 1516 testatur,
1595 1454 1673 1502 erant
1695 1443 1785 1502 baere·

137 1553 258 1613 congrue
275 1537 458 1610 videnturqui
473 1545 568 1594 contra
582 1535 692 1594 cosdem
708 1554 801 1595 sacros
815 1554 936 1596 canones
988 1541 1034 1598 tici
1062 1551 1212 1599 sectatores
1234 1541 1376 1615 cujusdam
1399 1537 1515 1597 Eustasii
1539 1538 1709 1614 [Eustatlrii],
1736 1537 1783 1612 qui

136 1632 361 1691 nonnecessitate
370 1632 516 1703 compulsi,
526 1632 573 1688 sed
584 1630 712 1700 libenter,
720 1640 751 1688 ut
760 1633 935 1704 premissum
990 1634 1130 1708 legitimas
1141 1637 1251 1708 nuptias
1264 1637 1341 1709 quasi
1355 1635 1472 1692 mortale
1490 1635 1594 1691 crimen
1615 1631 1784 1690 condemna-

137 1733 192 1794 est,
203 1725 599 1800 aliquidautproterveagunt,
610 1733 658 1783 aut
669 1726 933 1800 loquipraesumunt,
989 1729 1065 1798 bant,
1080 1740 1232 1787 asserentes
1241 1730 1347 1786 nullum
1367 1730 1395 1785 in
1407 1728 1544 1802 conjugali
1565 1727 1651 1801 gradu
1665 1727 1786 1799 positum

138 1828 188 1878 aut
198 1818 449 1877 iacerevolentibus
462 1827 560 1891 sponte
574 1819 759 1877 consentiunt.
774 1821 848 1879 talis
862 1820 936 1879 enim
950 1795 975 1858 Β
990 1840 1066 1897 spem
1081 1823 1181 1880 babere
1198 1823 1271 1895 apud
1285 1827 1385 1881 Deum.
1408 1822 1490 1880 Unde
1506 1830 1534 1879 et
1554 1820 1705 1878 oblationes
1723 1836 1787 1892 pre·

137 1913 318 1988 praesumptio
333 1912 478 1970 manifeste
493 1929 579 1969 unum
593 1929 680 1987 genus
693 1922 735 1971 cst
748 1914 937 1987 blasphemen-
989 1919 1174 1991 sbytcrorum,
1188 1918 1272 1975 etiam
1286 1926 1350 1975 ante
1363 1916 1565 1974 ordinationem
1581 1915 1703 1987 legitime
1717 1931 1787 1972 con-

138 2009 214 2066 tium
228 2008 356 2079 Spiritum
381 2015 517 2065 sanctum.
539 2006 621 2078 Quia,
637 2015 668 2065 ut
686 2008 742 2081 jam
766 2009 937 2081 praelibatum
987 2011 1160 2085 jugatomm,
1177 2011 1312 2084 respuisse
1331 2009 1488 2067 traduntur.
1505 2009 1612 2081 Quippe
1637 2009 1789 2080 legitimum

138 2110 191 2168 est,
207 2111 304 2160 contra
320 2118 386 2159 cum
405 2101 462 2175 agit
475 2101 553 2174 cnjus
568 2110 636 2159 nutu
651 2111 678 2158 et
690 2101 777 2176 gratia
791 2103 878 2160 sancti
894 2119 937 2160 ca·
992 2105 1155 2180 conjugium
1176 2121 1226 2177 pro
1248 2104 1360 2161 mortali
1374 2103 1493 2160 crimine
1516 2103 1688 2174 deputantes,
1707 2100 1787 2174 quale

138 2211 226 2255 nones
238 2195 304 2253 editi
317 2206 392 2253 sunt.
408 2219 421 2245 ι
991 2199 1075 2257 etiam
1089 2199 1110 2254 si
1129 2198 1192 2272 quis
1201 2197 1254 2256 hoc
1267 2207 1393 2270 tempore
1407 2206 1578 2270 perpetrasse
1591 2194 1736 2268 detegitur,
1751 2194 1790 2250 al·

174 2293 272 2364 ltaque
288 2289 326 2346 illi
351 2288 508 2346 sacerdotes
522 2289 570 2362 qui
583 2297 640 2345 tam
660 2289 826 2364 gravissimis
840 2291 936 2349 crimi·
991 2294 1044 2350 tari
1059 2293 1214 2350 ministrare
1233 2292 1308 2365 juxta
1323 2307 1443 2349 canones
1465 2306 1520 2346 non
1535 2289 1712 2362 permittitur.
1731 2291 1789 2346 lle·

137 2384 261 2444 minibus
273 2392 337 2441 sunt
361 2383 488 2455 obligati,
505 2383 562 2440 imo
578 2384 624 2456 qui
640 2399 689 2455 pro
713 2384 815 2442 eisdem
837 2401 938 2442 secun·
993 2388 1048 2444 rito
1068 2387 1150 2461 igitur
1164 2385 1387 2443 anathematizati
1406 2393 1473 2441 sunt
1490 2383 1573 2440 iidem
1588 2382 1790 2452 haeretici,do-

140 2477 347 2538 dumcanonica
357 2477 481 2535 instituta
487 2476 546 2549 jam
559 2476 938 2547 suntdamnati,nullatenus
992 2480 1177 2556 gmatizantes
1196 2489 1292 2536 contra
1315 2479 1380 2535 illud
1402 2478 1527 2551 Apostoli
1550 2498 1557 2534 ε
1577 2502 1589 2527 r
1612 2478 1639 2535 Si
1654 2478 1790 2551 acceperis

139 2573 195 2631 nisi
217 2572 246 2628 in
260 2571 408 2645 perniciem
422 2586 501 2627 suam
524 2571 677 2627 sacrificare
702 2580 827 2643 possunt.
844 2570 938 2641 Unde,
992 2590 1118 2641 uxorem,
1129 2588 1185 2628 non
1194 2572 1308 2645 peccasti
1322 2574 1347 2639 (l
1355 2573 1416 2627 Gor.
1427 2577 1492 2638 vn).
1504 2594 1517 2621 n
1530 2574 1565 2627 Et
1576 2571 1642 2626 illud
1655 2591 1660 2625 :
1673 2595 1686 2620 a
1698 2573 1791 2643 Opor-

139 2674 169 2725 οἱ
181 2665 222 2723 illi
243 2682 300 2722 nen
314 2681 412 2737 pamm
426 2664 599 2738 deliquerunt
613 2665 651 2733 [C.
669 2668 714 2735 n,
729 2665 939 2738 delinquerentl,
992 2674 1033 2723 tet
1046 2667 1205 2739 episcopum
1220 2666 1300 2721 unius
1316 2665 1409 2721 ureris
1428 2679 1487 2721 esse
1506 2665 1595 2720 virum
1611 2666 1637 2730 (t
1651 2667 1718 2720 Tim.
1734 2679 1788 2734 1113

140 2760 296 2835 quicunque
307 2759 374 2832 ipsis
386 2759 413 2814 in
426 2758 565 2830 propriam
579 2775 676 2816 necem
690 2758 844 2816 sacrificare
864 2776 940 2817 usur·
996 2765 1049 2818 tet.
1066 2765 1098 2828 r).
1117 2779 1131 2813 s
1147 2761 1224 2832 Saepe
1238 2758 1354 2830 positum
1369 2768 1463 2813 autem
1475 2757 1563 2813 nostri
1578 2756 1720 2829 apostolici
1736 2765 1791 2816 sta·

141 2853 281 2929 pentibus,
298 2869 346 2926 per
362 2853 455 2909 solitas
468 2852 658 2924 responsiones
671 2853 699 2908 in
719 2853 804 2910 missa
825 2853 941 2911 scienter
993 2862 1084 2911 tutum
1097 2852 1165 2909 nulli
1175 2852 1303 2926 prohibet
1315 2851 1411 2908 audire
1426 2848 1626 2908 missamillius
1640 2849 1793 2922 presbyteri

142 2947 285 3022 cooperari
309 2955 515 3019 praesumerent.
537 2948 599 3002 lion
621 2947 694 3003 enim
717 2962 767 3019 pro
787 2963 869 3019 parvo
884 2947 940 3005 cri·
995 2948 1145 3022 qui,jurta
1159 2946 1339 3019 apostolicam
1358 2944 1577 3018 permissionem,
1598 2951 1662 3000 ante
1682 2959 1793 3002 sacrum
1843 2936 1850 2945 ’

142 3043 221 3101 mine
234 3041 391 3110 baberetur,
415 3040 437 3098 si
463 3040 525 3114 quis
548 3040 628 3097 alicui
651 3041 772 3113 seipsum
794 3040 942 3099 crudeliter
996 3043 1131 3110 ordinem,
1148 3057 1231 3099 unam
1250 3049 1362 3099 tantum
1375 3056 1491 3097 uxorem
1507 3039 1613 3103 habuit,
1635 3037 1745 3111 quando
1764 3046 1793 3096 et

142 3134 280 3195 occidenti
294 3134 411 3193 misum
424 3139 629 3206 cooperaretur.
652 3135 855 3208 Sapientissime
876 3152 941 3209 ergo
996 3138 1056 3195 sine
1069 3136 1183 3194 crimine
1198 3151 1312 3193 uxorem
1326 3136 1426 3192 ducere
1442 3133 1545 3206 potuit,
1565 3133 1624 3202 sed,
1645 3131 1715 3189 illius
1729 3148 1792 3206 pre·

92 3245 93 3249 ’
141 3237 238 3289 noster
250 3229 418 3303 apostolicus
440 3229 573 3302 populum
589 3228 746 3303 hujusmodi
761 3239 942 3303 presumpto-
996 3231 1100 3305 sbyteri
1112 3231 1168 3303 qui,
1191 3241 1286 3287 contra
1306 3229 1480 3302 Apostolum,
1495 3229 1525 3284 in
1543 3227 1659 3284 crimine
1673 3226 1794 3285 fornica·

142 3339 209 3383 rum
223 3322 450 3397 usurpationibus
469 3323 602 3380 interesse
622 3322 777 3395 prohibuit,
801 3340 869 3397 quas
886 3341 944 3381 non
997 3325 1079 3382 tionis
1093 3324 1233 3397 detegitur
1248 3323 1348 3397 jacere,
1364 3338 1447 3394 quem
1461 3321 1512 3394 ipsi
1523 3321 1638 3394 apostoli
1654 3329 1683 3378 et
1695 3321 1794 3393 reliqui

143 3419 237 3477 solum
251 3416 413 3476 ductoribus
426 3432 533 3485 earum,
548 3415 597 3474 sed
611 3426 638 3474 et
653 3417 839 3490 receptoribus
854 3418 942 3491 perni-
996 3418 1084 3476 sancti
1095 3422 1189 3475 Patres
1201 3432 1398 3489 successorque
1409 3431 1506 3473 eorum
1520 3424 1615 3472 noster
1629 3415 1809 3488 apostolicus

143 3511 234 3571 mosae
248 3526 309 3570 esse
322 3527 380 3568 non
388 3510 535 3585 ignoravit.
551 3509 595 3568 Sic
610 3511 687 3567 enim
700 3511 756 3584 ipse
772 3510 910 3568 Dominus
926 3528 943 3568 a
997 3511 1211 3570 asacratissimo
1225 3509 1319 3567 officio
1338 3525 1522 3583 segregavere.
1537 3510 1622 3581 igitur
1633 3510 1794 3583 quicunque

143 3607 217 3665 core
229 3605 341 3680 ejusque
356 3604 530 3678 sequacibus,
543 3604 716 3662 sacrificandi
728 3603 853 3661 cilicium
864 3620 944 3662 usur·
997 3605 1153 3680 hujusmodi
1165 3606 1386 3679 presbyterorum
1401 3604 1499 3660 missas
1512 3604 1624 3676 respuit,
1640 3603 1796 3660 nullatcnus
1828 3642 1831 3656 .

142 3700 287 3776 pentibus,
311 3698 431 3772 reliquos
456 3698 527 3756 lilios
550 3699 632 3757 lsrael
654 3697 794 3756 discedere
813 3699 945 3772 pracepit
997 3709 1090 3757 umen
1119 3699 1252 3772 superiori
1278 3697 1501 3755 Eustasianorum
1525 3697 1794 3768 [Eustathianorum]

143 3795 239 3865 (Num.
250 3799 323 3866 xvi),
339 3809 374 3851 ne
384 3793 502 3865 peccatis
513 3809 610 3850 eorum
623 3793 836 3861 involverentur,
850 3794 944 3867 sicque
997 3794 1161 3852 anathemati
1169 3793 1330 3867 subjacebit,
1343 3808 1406 3849 cum
1417 3792 1522 3864 optime
1533 3793 1666 3864 Apostolo
1676 3808 1794 3849 consen·

143 3887 332 3948 crudelissima
347 3895 436 3945 morte
458 3903 522 3943 cum
542 3885 645 3944 eisdem
660 3887 785 3945 damnari
803 3903 944 3945 mereren-
999 3889 1050 3946 tiat
1062 3889 1109 3962 qui
1129 3896 1156 3945 et
1171 3886 1359 3945 sacerdotibus
1380 3885 1577 3944 continentiam
1599 3886 1704 3955 indicit,
1719 3894 1747 3943 et
1759 3885 1794 3942 b·

143 3990 200 4041 tvvs.
214 3983 287 4040 llam
298 3982 351 4055 ipsi
366 3981 566 4051 heresiarche,
581 3980 715 4049 videlicet,
728 3983 809 4046 core,
823 3983 942 4055 Datban,
997 3983 1071 4041 deles
1099 3980 1355 4060 prevaricatoribus
1381 3995 1542 4038 sermonum
1567 3979 1626 4053 ejus
1648 3979 1793 4039 admisceri

144 4083 174 4155 et
188 4074 305 4146 serron,
325 4092 389 4134 cum
402 4077 528 4133 universa
549 4090 648 4131 eorum
662 4073 816 4132 substantia
837 4076 890 4132 vivi
908 4076 945 4135 ad
998 4093 1055 4134 non
1070 4077 1215 4149 permittit.

144 4168 287 4229 infernum
301 4169 493 4242 eximproviso
505 4168 713 4225 descenderunt.
728 4170 863 4242 sequaces
880 4186 944 4228 vero
1033 4170 1194 4228 Notandum
1216 4178 1308 4226 autem
1330 4168 1404 4242 quod
1426 4175 1519 4227 noster
1533 4168 1696 4243 Gregorius,
1714 4166 1795 4242 juxta

143 4279 244 4325 eorum
258 4264 408 4337 perignem
423 4278 587 4337 egressuma
605 4262 726 4319 Domino
740 4262 852 4335 penitus
865 4279 944 4322 com·
998 4265 1046 4321 SS.
1062 4267 1176 4320 Patmm
1189 4271 1301 4329 statuta,
1314 4262 1389 4335 prius
1402 4263 1608 4319 incontinentes
1621 4262 1794 4336 presbyteros

143 4357 208 4418 buri
221 4365 384 4416 mernerunt
398 4358 501 4426 (thid).
515 4357 624 4414 Horum
635 4356 718 4428 igitur
732 4356 903 4414 subitaneam
917 4366 945 4415 et
999 4357 1092 4415 officio
1111 4356 1237 4428 privavit,
1257 4355 1436 4428 postmodnm
1450 4357 1552 4429 populo
1565 4372 1600 4412 nc
1620 4371 1717 4413 eorum
1732 4346 1794 4413 ortt·

144 4451 350 4511 sevedmimam
365 4451 499 4508 ultionem
514 4449 553 4506 illi
569 4449 714 4523 diligenter
730 4451 883 4520 attendant,
899 4451 945 4524 qui
999 4453 1040 4509 cia
1054 4451 1186 4524 reciperet
1199 4448 1353 4507 interdixit.
1370 4448 1450 4506 Unde
1464 4464 1523 4506 non
1537 4457 1597 4506 tam
1618 4448 1793 4506 incontinen-¹

142 4553 243 4604 watra
255 4544 403 4618 apostolica
424 4551 558 4618 praccepta
578 4543 758 4601 interdictum
778 4544 831 4601 sibi
851 4561 941 4604 sacer·
956 4557 983 4623 Β
997 4547 1067 4604 tium
1079 4560 1161 4620 quam
1173 4561 1221 4616 pro
1232 4542 1426 4601 incontinentia
1433 4543 1628 4601 damnatorum
1639 4543 1736 4600 missas
1746 4560 1796 4600 au·

141 4637 375 4698 dotaleoilicium
389 4638 528 4695 obstinata
544 4636 698 4694 temeritate
711 4643 855 4711 usurpant.
998 4641 1056 4699 dire
1080 4639 1232 4713 prohibuit,
1254 4654 1289 4693 nc
1308 4645 1335 4694 ct
1349 4637 1466 4709 populus
1484 4637 1562 4711 juxta
1588 4637 1794 4697 antiochenum

182 4733 241 4791 lice
260 4732 347 4790 otiose
367 4740 486 4789 mortem
507 4734 575 4789 Ozae
593 4730 776 4802 considerent,
798 4733 858 4806 qui,
880 4749 945 4790 cum
998 4734 1143 4793 concilium
1166 4732 1217 4790 sub
1231 4730 1515 4788 excommunicatione
1531 4740 1688 4804 poneretur,
1703 4732 1725 4789 si
1745 4748 1795 4790 co·

142 4824 238 4885 David
250 4841 344 4884 arcam
360 4825 473 4883 Domini
487 4825 521 4883 de
534 4825 682 4884 Philistiim
695 4825 722 4881 in
735 4841 807 4882 novo
821 4827 944 4898 plaustro
997 4845 1062 4887 rum
1077 4826 1168 4884 cilicia
1185 4826 1304 4898 recipere
1317 4835 1507 4897 presumeret.
1523 4829 1583 4898 lpse
1599 4835 1693 4883 antem
1708 4827 1794 4899 Spiri-

143 4919 299 4990 reduceret,
313 4936 328 4978 a
342 4920 465 4978 Domino
476 4935 618 4993 percussus
632 4919 746 4989 interiit,
761 4935 793 4977 co
813 4921 885 4993 quod
899 4938 943 4979 ar·
997 4931 1043 4980 tus
1055 4920 1387 4993 sanctuspersamuelem
1398 4919 1559 4992 prophetam
1571 4920 1652 4978 docet
1663 4921 1796 4993 populum

143 5030 220 5084 um,
236 5013 299 5071 licet
312 5013 371 5087 jam
390 5029 527 5083 casuram,
546 5030 632 5071 manu
646 5022 799 5071 sustentare
812 5031 946 5087 praesum·
1001 5024 1032 5073 ut
1049 5013 1187 5071 mnonicis
1206 5012 1424 5070 institutionibus
1444 5013 1530 5070 nostri
1547 5014 1689 5087 apostolici
1703 5013 1796 5086 potius

144 5108 237 5185 pserit
255 5110 293 5175 (ll
309 5111 376 5178 Rea.
398 5107 449 5179 vt).
472 5107 500 5164 Si
526 5107 600 5165 enim
625 5107 670 5164 ille
691 5106 792 5165 merito
806 5109 887 5182 periit
900 5109 947 5182 qui
1000 5109 1111 5167 obediat
1122 5123 1208 5182 quam
1217 5107 1377 5181 hujusmodi
1387 5116 1618 5181 praesumptorum
1626 5106 1756 5164 sacrificia
1766 5108 1795 5164 in

143 5209 255 5262 temere
271 5202 383 5276 quidem
403 5201 579 5275 sedbenigne
594 5217 688 5258 arcam
702 5202 817 5259 Domini
838 5211 947 5261 tantum
1000 5203 1153 5277 periculum
1176 5219 1257 5260 suum
1283 5203 1408 5276 recipiat.
1432 5202 1509 5260 Dicit
1528 5202 1601 5259 enim
1624 5200 1763 5271 Scriptura
1786 5220 1793 5256 :

145 5295 249 5370 tetigit,
261 5304 364 5369 quanto
376 5296 464 5370 magis
475 5295 531 5364 ille,
546 5296 595 5368 qui
605 5304 700 5353 contra
714 5294 791 5353 laset
801 5296 846 5370 jus
858 5297 947 5370 ipsum
1002 5320 1016 5350 ι
1040 5298 1140 5355 biclior
1150 5304 1191 5354 est
1202 5295 1355 5354 obedientia
1368 5312 1453 5371 quam
1464 5296 1593 5364 victimer,
1608 5301 1637 5349 et
1644 5293 1798 5350 auscultare

145 5405 251 5462 corpus
264 5390 377 5447 Domini
390 5398 559 5448 contrectare
568 5389 672 5464 sibique
685 5389 859 5464 incorporare
874 5408 945 5465 pree·
970 5396 971 5400 ’
1003 5391 1092 5465 magis
1102 5407 1187 5464 quam
1199 5389 1301 5448 oiierre
1313 5391 1422 5465 adipem
1436 5390 1562 5458 arictum,
1576 5387 1710 5461 quoniam
1720 5389 1799 5464 quasi

145 5483 239 5545 sumit
251 5482 397 5557 indignus?
1002 5492 1150 5560 peccatum
1172 5485 1306 5542 ariolandi
1323 5494 1375 5554 est,
1390 5498 1556 5557 repugnare;
1574 5489 1602 5538 et
1619 5483 1698 5554 quasi
1712 5485 1799 5542 scelus

187 5577 264 5637 Cae.
285 5577 366 5636 xlx.
387 5577 506 5650 Quidam
525 5585 620 5635 tamen
634 5578 701 5636 satis
714 5578 841 5653 imperite
852 5587 948 5639 nostro
1002 5578 1584 5652 idololatrioe,nolleaquiescereffltcc.xv).
1597 5579 1800 5651 rigiturpopu·

144 5671 305 5747 apostolico
319 5670 452 5746 objiciunt
460 5681 591 5746 quartum
606 5673 770 5746 Gangrensis
783 5674 891 5731 concilii
903 5690 949 5732 ca·
1005 5674 1064 5743 lus,
1088 5673 1247 5746 apostolicis
1264 5671 1398 5729 institutis
1421 5668 1560 5741 obediens,
1580 5671 1801 5730 inobedientium

144 5765 294 5844 pitulum:
317 5788 330 5817 e
353 5764 514 5840 Quicunque
533 5766 667 5824 discernit
680 5782 696 5824 a
716 5767 885 5842 presbytero,
903 5769 950 5841 qui
1007 5763 1804 5837 sacerdotumoliicia[G.li.,sacrificia1velsecramerito

144 5873 270 5922 uorem
284 5857 393 5931 babuit,
411 5860 486 5935 quod
501 5877 559 5923 non
579 5868 705 5936 oporteat
717 5877 751 5922 eo
772 5862 951 5923 minuente
1005 5870 1125 5931 recusat,
1142 5878 1178 5920 ne
1192 5861 1289 5932 etipse
1298 5857 1582 5923 crimenidototatrte
1589 5859 1823 5930 mammeam
