3870 6164
136 219 188 275 sor
347 190 350 195 ’
477 216 503 271 s.
526 212 749 271 santonum
770 214 1441 273 esenoecauumnss.-nmrsmuss.
1559 208 1566 239 ¹

135 339 352 407 laetificaverunt,
374 338 493 412 sapienti
507 339 568 394 riro
581 338 649 395 satis
665 353 725 395 esse
739 338 846 396 dietum
857 338 931 413 judi·
948 344 975 408 Α
988 355 1100 413 regum,
1113 338 1157 396 sel
1169 338 1284 407 ducum,
1304 345 1354 394 aut
1368 338 1516 406 comitum,
1528 353 1577 395 seu
1588 337 1675 413 quaeli

136 436 338 508 ratisponens
363 434 426 505 quia
447 432 625 505 omnipotens
643 435 728 497 Deus,
752 448 834 506 snpra
848 448 933 506 quam
987 450 1041 506 gua
1062 441 1110 490 aut
1139 448 1223 505 prava
1237 447 1365 503 persona,
1382 441 1533 505 praesumat
1546 432 1597 489 sibi
1620 432 1675 488 ins

137 528 267 597 dicimus,
288 528 316 584 in
330 535 357 583 te
371 535 398 582 et
413 540 461 597 per
473 533 502 581 te
521 525 556 583 ad
573 525 708 582 bonorem
717 541 799 584 suum
814 526 935 599 dignabi·
988 528 1094 599 aliquas
1111 526 1298 599 {proprietatis
1318 526 1503 594 conditiones,
1532 542 1592 582 non
1619 525 1675 583 baca

137 632 182 679 tur
192 620 308 694 operari.
325 620 394 689 Quae
405 634 470 676 sero
482 619 510 675 in
530 619 627 676 litteris
639 619 731 677 minus
744 628 824 688 sunt,
838 620 935 692 legatis
986 621 1067 693 juris,
1086 637 1141 677 non
1157 619 1317 687 advocatiae,
1339 634 1395 675 non
1416 619 1592 685 investitura,
1614 634 1675 676 non

136 714 249 772 tuistibi
264 729 329 770 rooe
342 712 458 769 dicenda
478 713 680 771 commisimus.
695 714 757 786 lpse
768 722 862 770 autem
874 729 936 769 om·
988 714 1056 770 libet
1074 714 1229 787 potestatis,
1254 728 1317 786 quae
1340 713 1457 769 libertati
1479 712 1636 769 monasterii
1659 728 1675 768 n

134 808 261 881 nipotens
273 811 346 864 Deus
359 815 387 863 et
400 810 483 864 Pater
493 805 650 862 nosterboc
663 815 713 864 tuo
725 806 820 874 cordi,
831 806 935 864 cbaris-
988 806 1136 875 vindicare,
1151 822 1208 863 non
1228 815 1392 863 ornamenta
1407 806 1542 875 ecelesiae,
1562 807 1620 863 sire
1633 821 1675 879 por

136 903 208 959 sime
226 900 276 969 lili,
295 901 332 956 ita
344 900 477 973 inspirare
490 907 574 972 atquo
587 899 709 972 plantare
722 899 937 957 misericorditer
989 915 1040 956 nes
1057 900 1196 967 invadere,
1215 899 1349 969 minuere,
1369 899 1412 955 rel
1428 899 1560 967 alienare3
1579 898 1630 956 sed
1644 899 1675 956 its

136 995 273 1068 dignetur,
289 1000 423 1066 quatenus
447 1000 476 1048 et
489 991 518 1048 in
535 991 589 1049 boc
608 992 710 1049 monio
729 993 830 1050 merito
851 993 937 1050 virtu·
990 994 1067 1051 omni
1087 993 1211 1051 seculari
1233 1002 1368 1066 potestate
1382 1008 1506 1062 securus,
1521 1001 1550 1049 et
1566 996 1675 1051 Roman

135 1097 196 1145 tum
211 1097 449 1158 tuorumregnum
465 1095 547 1143 tuum
567 1092 596 1142 et
613 1087 766 1158 potentiam
779 1096 888 1161 augeat,
910 1095 938 1143 et
991 1087 1115 1144 libertate
1136 1087 1256 1160 quietus,
1278 1087 1350 1143 siout
1368 1095 1478 1143 constat
1492 1086 1672 1144 cluniacense

136 1182 166 1238 in
180 1181 274 1238 futuro
289 1195 354 1236 mm
374 1178 474 1236 sanetis
494 1179 604 1251 regibus
616 1179 651 1237 ad
670 1194 754 1253 regna
773 1182 937 1253 supercoele
991 1179 1106 1237 sterium
1118 1188 1146 1236 et
1160 1180 1331 1237 Massiliense
1345 1195 1472 1247 manere;
1491 1179 1577 1239 abbas
1591 1187 1675 1236 auten

135 1275 185 1331 stia
207 1272 453 1344 inexcogitabiliter
483 1273 597 1329 meliora
628 1271 744 1330 feliciter
772 1273 936 1330 introducat.
992 1273 1309 1346 satumquemroluerit
1324 1273 1417 1346 eligat.
1433 1273 1550 1342 Quodsi
1564 1274 1587 1329 is
1606 1280 1675 1345 post

135 1372 237 1424 Amen.
252 1366 448 1424 cenomanensi
463 1366 589 1438 episcopo
607 1367 663 1422 tuis
682 1366 817 1438 precibus,
833 1367 939 1440 justitia
992 1365 1145 1437 noniuerit
1158 1367 1230 1423 utilis
1246 1367 1422 1436 monasterio,
1437 1382 1471 1424 eo
1485 1375 1604 1436 remoto,
1618 1366 1675 1423 aliu

136 1459 266 1530 dictante,
289 1457 411 1516 iacentes
427 1457 553 1516 oisroium
573 1460 728 1532 episcopale
756 1459 936 1518 reddidimus.
993 1461 1098 1517 stituat.
1121 1460 1296 1533 Privilegium
1319 1469 1413 1517 autem
1442 1460 1516 1533 quod
1538 1459 1620 1517 bonae
1644 1476 1675 1517 m

138 1552 275 1610 abbatem
289 1568 400 1625 quoque
421 1553 576 1610 monasterii
592 1554 683 1610 Saneti
703 1553 788 1620 Petri,
807 1553 883 1626 quod
897 1563 939 1611 est
992 1553 1177 1626 prodecessor
1203 1562 1296 1610 noster
1325 1554 1481 1611 Alexander
1508 1562 1603 1610 contra
1629 1568 1675 1610 sar

138 1646 299 1714 Cenomani,
312 1646 487 1703 absolvimus.
993 1650 1106 1704 Patmm
1125 1655 1227 1704 statuta
1250 1648 1343 1721 aliqua
1364 1646 1540 1720 subreptione
1565 1646 1608 1703 rel
1630 1647 1675 1704 des

173 1742 243 1796 Data
253 1741 362 1810 Rome,
372 1738 581 1798 vrssKalendas
591 1740 668 1810 Maii,
682 1739 833 1798 indictione
846 1742 937 1798 tertis.
955 1726 979 1790 Β
992 1741 1121 1798 inductus
1135 1739 1226 1796 eidem
1244 1740 1306 1796 loco
1320 1740 1395 1807 lecit,
1410 1740 1439 1795 in
1461 1755 1516 1812 quo
1531 1738 1674 1796 Everardo

387 1846 564 1903 EvtsTopg
580 1847 687 1903 χχιιι,
993 1833 1104 1906 eiusque
1116 1833 1233 1906 posteris
1246 1832 1427 1898 advocatiam,
1451 1842 1479 1889 et
1500 1831 1670 1906 praeficiendi

199 1963 240 2005 sn
253 1962 441 2005 wrnsnnssnrs
454 1963 603 2005 snnsrsu
616 1962 878 2006 nsnssnnrnrssnss.
993 1934 1155 2000 Ρθῑθδῑθῑθῐῃ
1178 1934 1205 1983 θῑ
1218 1927 1302 1983 sotim
1314 1927 1353 1983 tei
1367 1926 1629 1983 administrationem
1643 1941 1675 1983 ct

441 2047 535 2109 (nuno
544 2042 634 2114 1080.)
992 2035 1044 2077 uos
1056 2019 1195 2076 canonicae
1207 2020 1383 2076 correctionis
1396 2022 1529 2076 sententia
1544 2036 1593 2092 per
1607 2035 1675 2092 apos

139 2146 285 2219 Awobat
297 2145 370 2217 quod
392 2162 486 2201 curam
505 2148 769 2204 mmmmm&
789 2146 939 2203 Sclumoris
992 2112 1163 2169 functionem
1178 2121 1287 2170 utentes
1304 2112 1490 2180 infirmamus,
1505 2113 1675 2186 infringimus

174 2219 331 2287 mperes,
351 2232 463 2287 eumque
481 2219 614 2272 „acastum
641 2233 720 2272 suum
742 2219 880 2273 compenis
902 2218 939 2272 aa
993 2221 1142 2277 canamus,
1156 2214 1194 2271 et,
1210 2222 1244 2262 ne
1257 2222 1305 2279 per
1318 2206 1371 2262 boc
1392 2206 1506 2278 alicujus
1526 2206 1674 2263 temeraria

173 2288 502 2416 ssssistiaei‘duffnnyrtibffii
516 2288 939 2415 sgbmiitllgnffltslttzeioeinwggttffi
994 2307 1035 2357 tas
1059 2301 1088 2355 in
1100 2298 1243 2356 audaciam
1257 2314 1314 2356 suae
1335 2299 1494 2372 perditionis
1518 2307 1654 2371 erumpat,

175 2375 549 2500 quiuqnamji'ortsltcoccnt.
573 2431 748 2500 Prioilepium
765 2430 799 2484 ab
820 2430 938 2487 Alenus·
994 2393 1042 2449 ¹¹⁰²
1057 2401 1218 2449 mmmm
1239 2410 1267 2448 ¹¹¹
1282 2400 1390 2448 “mum
1408 2408 1579 2450 remmus·
1596 2395 1624 2449 8¹
1647 2409 1675 2466 Ψ

175 2502 225 2556 uro
245 2502 272 2556 ll
286 2541 294 2568 ,
309 2502 372 2555 olim
384 2501 535 2570 deceptrices
554 2501 675 2564 inducto,
698 2515 848 2556 coarctatam
870 2505 937 2557 Evc-
993 2495 1088 2544 ⁰⁰1lil⁸
1102 2485 1155 2543 ¹²00
1167 2486 1276 2544 ⁸²¹1¹b¹0
1288 2495 1455 2558 praeoeptum
1471 2494 1599 2542 ⁰⁰⁵²i¹¹¹¹¹
1613 2494 1675 2559 pert

177 2573 260 2627 sardo
280 2572 409 2656 normae.¹
423 2574 629 2656 constantiensis
653 2574 777 2656 Ecclesiae
784 2574 905 2643 preside
921 2590 940 2626 a
993 2580 1033 2636 ire
1046 2580 1206 2648 tentaverit,
1223 2581 1337 2653 gratiam
1358 2580 1429 2636 beati
1451 2580 1523 2636 Petri
1546 2595 1576 2636 se
1596 2595 1657 2636 non

141 2670 145 2676 ²
176 2645 295 2700 Ronmrsn
309 2644 431 2700 Ecclesia
448 2644 628 2707 dsscordante,
643 2645 761 2699 coracedst
780 2649 814 2699 ut
828 2645 940 2698 obbcsa
1040 2675 1046 2685 ·
1166 2694 1173 2708 ,
1213 2673 1230 2730 d
1303 2675 1308 2686 ·
1503 2673 1509 2726 Ι
1544 2673 1569 2728 b·
1598 2681 1626 2729 et
1647 2681 1675 2730 ω

176 2730 329 2784 quocstsspue
359 2715 483 2783 religioso
505 2716 627 2784 episeopo
651 2731 712 2785 pura
737 2715 774 2769 cd
792 2716 939 2786 episcopale
993 2690 1174 2744 mmmm’
1196 2690 1211 2780 ὃ,
1233 2682 1411 2779 minusque
1425 2689 1500 2729 seme
1513 2715 1529 2778 ’,
1562 2689 1608 2778 ¹⁸.

176 2786 288 2853 offlam
311 2787 451 2855 pertimeat
472 2787 615 2855 suscipiat,
641 2787 683 2841 vel
712 2786 938 2859 adapostolicam
992 2776 1182 2838 competentes
1203 2767 1337 2834 inducias,
1352 2783 1374 2823 Si
1398 2783 1455 2822 non
1478 2775 1666 2838 resipuerltet

175 2861 263 2912 sedem
278 2860 411 2911 recurret.
992 2869 1069 2918 mum
1084 2877 1165 2917 suum
1180 2859 1326 2918 emendare
1340 2861 1547 2931 contempserit,
1564 2859 1636 2917 sciat
1650 2875 1675 2917 st

175 2958 345 3016 Graeceius
355 2957 507 3031 episcopus,
523 2973 618 3015 sersus
632 2972 773 3015 serrorum
788 2958 852 3026 Dei,
870 2961 936 3015 Ws-
990 2954 1165 3010 anathemate
1187 2953 1357 3021 innodatum,
1381 2963 1409 3010 et
1428 2969 1443 3008 a
1464 2955 1588 3026 corporis
1601 2961 1631 3009 et
1650 2969 1675 3010 sa

139 3064 253 3109 trenno
264 3050 355 3108 abbati
370 3051 570 3124 Hirsaugiensis
592 3051 762 3120 monasterii,
776 3051 895 3107 salutem
909 3059 938 3108 et
991 3047 1127 3104 Dominici
1144 3047 1341 3104 communione
1353 3047 1485 3103 alienum.
1499 3046 1570 3103 lllud
1583 3046 1668 3104 edam

140 3142 317 3215 apostolicam
330 3142 563 3200 benedictionem.
955 3145 1081 3211 cenante
1095 3141 1228 3198 libertatis
1245 3157 1348 3197 munus
1361 3140 1581 3198 confirmandum
1595 3140 1675 3214 subju

176 3232 316 3306 Quoniam
331 3236 500 3308 pervenitad
515 3252 566 3293 nos
579 3234 655 3308 quod
670 3236 765 3309 religio
784 3243 939 3294 masuram
992 3234 1136 3307 adjicimus
1160 3241 1201 3300 ut,
1218 3234 1241 3289 si
1262 3235 1354 3307 aliquo
1374 3242 1500 3306 tempore
1513 3233 1675 3290 Constantie

140 3328 299 3386 monasterii
312 3329 404 3385 Sancti
427 3329 573 3386 salvatoris
590 3329 660 3402 juris
679 3328 835 3402 apostolica
849 3329 938 3399 sedis,
992 3327 1082 3384 clesiae
1103 3327 1251 3400 prmsidens
1271 3329 1305 3384 ab
1323 3328 1475 3399 apostolica
1499 3327 1563 3384 sede
1578 3327 1675 3384 discor.

141 3422 185 3479 eui
200 3423 283 3479 otiam
298 3422 444 3479 duodecim
466 3423 553 3492 aurei,
575 3439 696 3496 quomm
715 3422 811 3496 viginti
829 3424 939 3480 unciam
992 3421 1069 3492 eique
1082 3420 1238 3477 inobediens
1249 3419 1331 3477 luerit
1343 3422 1439 3491 (praed,
1453 3421 1634 3476 confirmante
1647 3422 1675 3478 St

141 3514 256 3586 iaciunt,
277 3531 311 3571 ex
328 3514 426 3571 eodem
447 3516 615 3573 monasterio
639 3516 718 3571 annis
738 3515 853 3589 singulis
876 3532 939 3588 per·
991 3520 1126 3586 peccatum
1146 3516 1283 3569 ariolandi
1296 3520 1323 3570 ct
1336 3515 1503 3569 idololatriae
1525 3515 1607 3570 scelus
1621 3519 1663 3571 cst

61 3632 65 3639 ·
141 3607 210 3663 solri
238 3608 352 3675 debent,
378 3609 423 3664 siti
447 3609 473 3664 in
500 3609 560 3664 villa
586 3609 724 3681 scaphusa
751 3609 890 3679 [Satiusa],
912 3609 940 3666 in
992 3613 1099 3677 xxxv),
1112 3609 1218 3664 dicente
1232 3623 1341 3680 quoque
1354 3607 1434 3663 beato
1450 3608 1618 3664 Ambrosio:
1638 3609 1675 3662 «ἶ

142 3699 299 3772 episcopatu
324 3700 532 3768 constantiensi,
554 3701 713 3756 obsecrante
742 3702 843 3759 comite
867 3706 940 3759 Bur·
993 3717 1057 3757 cum
1072 3709 1247 3757 esseconstat
1261 3701 1306 3772 qui
1319 3703 1452 3756 Romanae
1463 3701 1591 3756 Ecclesiae
1604 3716 1661 3757 non

142 3791 225 3848 cardo
250 3792 369 3864 virisque
397 3793 533 3865 religiosis
554 3792 737 3862 hortantibus,
757 3810 791 3850 eo
809 3795 942 3853 duntaxat
994 3791 1042 3849 dat
1059 3817 1073 3842 ι
1087 3798 1107 3862 ),
1124 3794 1201 3850 liceat
1214 3794 1306 3849 abbati
1327 3792 1379 3850 sibi
1395 3794 1504 3866 suisque
1521 3809 1675 3867 aquocunq

142 3891 239 3940 tenore
262 3885 415 3956 susceperit
435 3893 466 3941 ut
487 3884 632 3957 pretiosus
655 3901 759 3954 comes,
781 3887 828 3958 qui
846 3888 897 3943 sibi
912 3888 940 3943 in
994 3886 1072 3957 gioso
1089 3889 1218 3959 episcopo
1241 3887 1373 3958 placuerit
1391 3887 1588 3954 ordinationes,
1606 3903 1675 3945 cona

141 3975 256 4049 praelato
269 3978 437 4035 monasterio
449 3977 584 4049 quasdam
599 3979 674 4052 quasi
693 3979 817 4051 proprias
844 3979 941 4036 condi·
993 3995 1041 4035 nes
1062 3987 1091 4036 et
1107 3995 1169 4051 qum
1186 3979 1220 4036 ad
1247 3980 1398 4052 episcopale
1418 3980 1539 4036 officium
1554 3981 1675 4052 pertinet

141 4069 232 4128 tiones
251 4069 419 4140 vindicabat,
447 4070 559 4127 dimissa
580 4079 661 4143 atque
686 4072 840 4129 renuntiata
865 4073 941 4129 omni
993 4080 1051 4129 tere
1068 4081 1149 4145 atque
1167 4074 1314 4145 suscipere,
1328 4074 1368 4129 rel
1391 4073 1623 4146 adapostolicam
1637 4090 1675 4132 se

141 4162 265 4221 saeculari
279 4171 426 4236 potestate,
446 4164 536 4220 locum
557 4163 648 4236 ipsum
663 4164 780 4222 liberum
795 4180 857 4223 esse
877 4182 939 4238 per·
994 4181 1113 4223 currere.
1133 4166 1331 4224 observatores
1344 4176 1438 4223 autem
1456 4167 1539 4239 hujus
1558 4167 1647 4224 nostri
1663 4185 1675 4240 p

44 4326 52 4341 ἱ
142 4256 276 4326 mitteret,
299 4255 422 4313 studium
442 4256 598 4315 dilectionis
617 4265 672 4316 tuae
685 4258 843 4330 probantes,
864 4259 940 4333 quod
994 4260 1184 4316 remissionem
1193 4260 1317 4316 omnium
1329 4269 1625 4332 peecatorumsuorum
1633 4269 1663 4318 et

141 4348 247 4407 iactum
260 4359 302 4407 est
315 4351 463 4421 apostolica
483 4351 645 4407 auctoritate
661 4351 821 4424 firmamus;
836 4361 864 4409 ot
877 4353 938 4426 quia
993 4351 1469 4425 bonamanominocousequantur.
1617 4344 1621 4351 ’

142 4458 192 4515 per
205 4451 233 4500 te
248 4443 323 4499 locus
330 4443 375 4500 ille
382 4443 461 4511 (sicut
470 4443 632 4517 audirimus)
641 4445 676 4502 ad
686 4445 821 4519 religionis
827 4454 938 4513 statum,
1030 4451 1133 4502 Actum
1146 4447 1290 4503 Lateranis
1298 4456 1394 4503 octavo
1406 4446 1474 4521 [uss]
1483 4446 1547 4504 ldus
1556 4447 1675 4517 Maii,in‹

143 4537 265 4593 Domino
279 4538 438 4604 miserante,
462 4538 547 4609 coepit
565 4550 725 4612 assurgere,
740 4554 803 4608 nos,
822 4539 938 4612 inqunn·
950 4519 979 4588 Ῐ)
991 4538 1079 4596 tertia.

142 4626 345 4699 tum'satemus,
355 4639 514 4702 perpetuam
524 4631 588 4688 illuc
596 4632 749 4688 sanctitatis
760 4632 937 4688 stabilitatem
1244 4635 1417 4691 epistota
1438 4637 1529 4691 XXV.

143 4722 286 4795 providere
305 4723 445 4796 cupientes
466 4722 629 4781 fraternitati
658 4733 713 4782 tuae
736 4740 819 4798 snper
841 4741 938 4782 coeno·
1111 4752 1153 4793 m
1167 4750 1669 4795 flurufflnfflfifflgmofluu,

143 4814 221 4871 bium
234 4814 301 4872 illud
314 4815 504 4873 sollicitudinis
515 4826 616 4875 nostrae
630 4817 718 4874 ricem
728 4819 936 4887 committimus,
1297 4836 1388 4897 (Anno
1414 4837 1502 4898 sopp)

142 4905 247 4963 scilicet
271 4915 303 4964 ut
332 4906 429 4964 iratres
459 4907 497 4965 ibi
528 4908 678 4983 disciplinis
711 4911 871 4985 regulariter
894 4913 937 4968 in·
992 4927 1129 4980 Hortatur
1153 4928 1185 4978 ns
1206 4927 1256 4981 pes·
1274 4926 1399 4980 bonmem
1425 4941 1474 4979 spo
1504 4929 1647 4996 ΨΜ

142 5006 260 5068 struere,
286 5015 379 5058 mores
399 5015 497 5057 eorum
525 5001 667 5076 vitamque
690 5011 877 5077 competenter
894 5005 937 5060 in·
1063 4998 1197 5065 Deumque
1213 4998 1275 5050 ²⁰i2'8
1289 4997 1392 5051 canons
1402 4999 1505 5066 integro
1518 4998 1593 5052 ctrdt
1606 4998 1675 5074 elsim

142 5091 274 5149 struendo
297 5108 328 5149 ea
345 5108 407 5166 qum
432 5092 468 5150 ad
486 5094 639 5151 animemm
661 5097 778 5154 salutem
800 5098 938 5170 pertinent
1023 5100 1624 5171 Gnsnonsnsepiseopus,sersusservorum
1637 5102 1675 5157 De

142 5183 286 5258 vigilanter
299 5185 447 5258 providere,
467 5202 500 5243 ac
520 5189 637 5245 maxime
656 5197 689 5246 ut
705 5189 772 5245 inibi
793 5190 877 5247 abbas
891 5206 937 5247 se·
991 5206 1109 5249 nsnnuo
1127 5193 1185 5266 regi
1199 5193 1361 5265 Auglomm,
1373 5193 1489 5250 salutem
1502 5200 1530 5249 et
1548 5192 1675 5265 apostolis

141 5278 263 5335 cundum
271 5278 937 5357 Deumordineturprooures.Praetcreautstepe-
991 5285 1184 5342 nediotionem.

142 5370 190 5426 lati
212 5372 374 5429 monasterii
396 5371 493 5430 iratres
515 5375 575 5431 sine
598 5375 785 5449 inquietudine
809 5379 937 5450 proposi·
1026 5377 1170 5435 Credimus
1184 5378 1356 5450 prudentiam
1371 5387 1489 5436 rostram
1515 5395 1571 5436 non
1590 5379 1675 5438 latere

141 5471 201 5519 tum
218 5479 299 5520 suum
321 5466 430 5522 valeant
448 5467 570 5524 mondus
592 5476 620 5525 et
637 5469 798 5542 propensius
811 5472 935 5543 exsequi,
991 5469 1043 5526 bus
1061 5471 1120 5526 aliis
1144 5471 1347 5528 excellentiores
1367 5473 1546 5545 apostolicam
1566 5481 1594 5529 et
1616 5475 1675 5546 regi

141 5570 174 5613 ac
187 5557 370 5628 omnipotenti
378 5559 936 5638 Dominodebitaederotionisobsequium
990 5562 1107 5636 gnitates
1120 5563 1184 5621 buio
1204 5564 1310 5622 mundo
1324 5565 1360 5622 ad
1379 5567 1440 5638 ejus
1460 5567 1590 5639 regimina
1611 5581 1675 5623 omn

140 5648 311 5707 instanteset
328 5660 467 5725 gratanter
479 5655 627 5724 exsolvere,
640 5655 769 5713 volumus
780 5665 809 5714 et
821 5666 934 5730 aposto·
989 5665 1047 5713 tem
1068 5660 1157 5713 Deum
1179 5658 1357 5716 distribuisse.
1378 5660 1453 5716 Siout
1474 5660 1549 5716 enim
1563 5658 1600 5716 ad
1613 5675 1675 5717 mus

139 5741 188 5797 lica
203 5743 367 5802 auctoritate
390 5745 564 5818 precipimus
584 5756 616 5806 ut
637 5749 728 5805 nullus
747 5749 932 5819 sacerdotum,
989 5748 1185 5820 cbritudinem,
1199 5752 1286 5808 oeulis
1297 5754 1403 5810 carneis
1422 5753 1538 5810 diversis
1552 5753 1675 5827 tempori
