3870 6164
86 293 138 347 tos

626 289 726 345 nitran
744 289 925 344 SECUNDUS.
946 318 980 329 -
1001 288 1104 343 arist.
1126 287 1189 341 titt.

119 417 189 472 Data
199 416 297 471 Romu
312 414 340 469 in
355 413 459 486 synodo
478 413 610 482 secunda,
628 412 762 470 Kalendis
777 414 878 481 lilartii,
894 418 921 481 Α
970 416 1040 468 Data
1051 412 1161 476 Roma,
1172 413 1352 467 certationes
1361 410 1459 480 blartii,
1470 411 1617 507 indictione
1628 411 1733 491 deciam

84 509 233 566 indictione
248 505 358 564 decima
376 508 469 564 tertia.

349 619 526 674 epistota
545 620 617 675 Llll.

379 730 470 792 (Anno
492 727 584 797 toti.)

80 839 260 896 duricordium
278 852 358 907 super
368 840 547 891 controuersia
564 835 634 892 irater
654 841 833 894 moravensem
855 846 880 895 et

122 913 284 977 Propensem
307 909 439 978 episcopos
464 909 497 962 de
518 909 692 977 quisbusdam
720 911 793 966 bonis
813 929 830 965 a
852 929 880 967 se

112 984 143 1035 in
157 982 268 1036 missilia
288 980 432 1035 amborum
444 983 566 1050 partium
580 996 690 1037 assensu
706 986 879 1053 compositam

112 1055 236 1123 exponit.

113 1166 296 1222 Gnuoontas
305 1165 463 1238 episcopas,
473 1181 570 1222 servus
584 1181 731 1235 servorum
745 1169 804 1225 Dei.

111 1259 253 1328 Quoniam
265 1258 298 1314 ad
314 1257 478 1314 memoriam
498 1274 661 1331 semperque
675 1260 877 1318 dilucidandam

71 1368 225 1409 causarum
257 1352 493 1423 negotiorumque
516 1351 657 1408 veritatem
680 1352 747 1409 nihil
775 1356 876 1426 aptius,

69 1446 143 1502 nihil
173 1444 327 1501 durabilius
350 1461 436 1517 qaam
461 1444 664 1516 Scripturarum
689 1447 799 1517 paginas
822 1436 886 1505 ers-¹

67 1540 219 1606 timemus,
241 1538 360 1610 qualiter
380 1538 414 1594 lis
433 1546 460 1595 ct
472 1536 620 1605 discordia,
639 1541 789 1610 quainter
807 1557 877 1598 con-

73 1633 176 1690 iratres
211 1641 332 1699 nostros,
368 1631 492 1688 videlicet
520 1635 656 1688 Joannem
687 1635 877 1691 Moravensem

72 1727 249 1799 episcopum,
285 1734 313 1782 et
341 1725 517 1782 Geboardum
544 1727 774 1800 [Hieronymum
805 1731 876 1784 alias

936 506 1025 563 tertia.

1194 621 1369 677 EPISTOLA
1394 623 1466 678 LIV.

1167 776 1211 816 aa
1237 774 1499 817 ennceustrsos.

1232 890 1324 951 (Anno
1345 889 1437 950 1075.)

934 1026 1034 1080 Scribit
1043 1039 1071 1078 se
1080 1025 1233 1094 deposuisse
1247 1026 1276 1077 iu
1288 1022 1389 1092 spriada
1399 1024 1558 1091 Dionysium
1569 1038 1658 1078 eorum
1672 1028 1728 1095 epi-

968 1111 1086 1165 scopum,
1100 1101 1127 1150 et
1146 1110 1232 1149 omncs
1248 1097 1398 1164 quicunque
1412 1096 1437 1147 ei
1447 1094 1607 1216 fidelitatem
1616 1095 1728 1165 jurave·

970 1173 1033 1221 earet
1050 1184 1067 1220 a
1086 1169 1246 1220 sacramenti
1264 1166 1369 1220 einmrlo
1383 1165 1445 1218 abso

968 1242 1061 1293 tarum
1079 1243 1110 1293 at
1124 1253 1212 1291 amires
1226 1238 1314 1307 fideles
1336 1238 1371 1291 ad
1386 1251 1446 1292 crem
1461 1236 1648 1309 capellendum
1661 1240 1730 1313 ipsis

967 1311 1073 1365 ancilia
1093 1312 1158 1365 sitit.

968 1449 1146 1505 Ganooaras
1162 1448 1315 1520 episcopus,
1330 1463 1424 1503 servus
1437 1463 1580 1504 servorum
1596 1448 1660 1517 Dei,
1674 1449 1730 1505 uni-

933 1543 1017 1599 versis
1040 1541 1182 1598 catholicis
1208 1540 1375 1597 Placentinae
1399 1541 1540 1611 Ecclesiae,
1564 1542 1729 1601 salutemet

931 1636 1109 1708 apostolicam
1135 1634 1364 1691 benedictionem.

967 1730 1054 1801 Super
1084 1727 1248 1786 confusione
1268 1727 1400 1785 Ecclesiae
1422 1738 1530 1798 vesun,
1554 1722 1726 1787 dilectissimi

73 1818 264 1892 Gebeardumi
284 1822 459 1891 pragensem,
474 1818 508 1875 de
530 1818 693 1890 quibusdam
707 1819 824 1877 decimis
848 1831 875 1877 et
890 1813 984 1887 Batti,
998 1822 1044 1878 dia
1062 1821 1098 1878 ad
1115 1838 1167 1877 nos
1181 1822 1290 1894 querela
1303 1820 1392 1877 delata
1407 1830 1459 1889 est,
1474 1830 1502 1877 et
1514 1823 1642 1879 contritio
1664 1825 1723 1879 ani-

72 1913 201 1969 curtibus
222 1911 269 1968 dia
293 1921 433 1985 protracta
456 1920 512 1979 est,
530 1911 642 1968 tandem
668 1930 716 1984 per
736 1915 872 1986 pactionis

74 2006 299 2064 convenientiam
323 2007 353 2061 in
367 2006 514 2078 apostolica
533 2005 596 2062 sede
620 2006 800 2063 determinata
824 2010 872 2074 sit,

73 2117 124 2174 per
138 2101 245 2156 litteras
261 2108 370 2156 nostras
391 2116 447 2155 non
460 2099 543 2155 modo
564 2101 758 2171 prementibus,
776 2102 823 2158 sed
844 2113 872 2159 et

72 2194 186 2261 futuris,
197 2201 296 2250 notam
309 2192 370 2249 lieri
378 2192 516 2249 volamus.
533 2195 601 2249 llaec
614 2194 687 2249 euim
702 2211 794 2264 causa,
809 2212 871 2252 curn

76 2290 103 2344 in
116 2287 334 2345 secundanostri
348 2287 611 2358 pontificatasanno‚
624 2288 805 2346 residentibus
818 2307 870 2346 una

74 2382 221 2439 nobiscum
248 2383 275 2437 in
302 2381 410 2437 basilica
437 2381 585 2438 salvatoris
610 2383 705 2438 maltis
729 2382 869 2451 iratribus,

75 2475 234 2532 convocatis
252 2475 335 2531 etiam
359 2484 387 2531 et
411 2491 504 2531 coram
521 2475 616 2546 positis
631 2475 798 2547 supradictis
812 2479 869 2549 epi·

71 2571 177 2642 scopis,
203 2568 239 2626 ad
261 2568 429 2624 audientiam
455 2576 580 2624 nostram
609 2576 637 2623 et
659 2569 744 2625 totius
766 2570 870 2628 ibidem

66 2662 227 2736 cougregati
251 2662 356 2718 concilii
377 2662 480 2734 perlata
499 2662 545 2726 sit,
569 2661 617 2718 diu
641 2671 668 2718 et
689 2663 808 2719 multum
825 2665 870 2719 in-

72 2757 169 2829 quisita
184 2765 266 2827 atque
277 2754 384 2823 rimata,
396 2764 474 2811 tanta
486 2755 663 2826 ambiguitate
679 2764 705 2811 et
722 2757 870 2827 perplexio·

73 2851 152 2906 nibus
166 2850 287 2906 involuta
304 2848 442 2905 videbatur
460 2858 492 2904 at
504 2849 538 2904 ad
557 2849 692 2905 sinceram
707 2851 827 2906 veritatis
842 2860 869 2906 ct

74 2943 184 3014 justitiae
207 2943 424 3014 explorationem
448 2958 496 3014 per
521 2959 552 2997 ea
580 2959 643 3014 quae
666 2951 733 2999 tunc
749 2942 867 3000 adhibita

75 3047 136 3093 sunt
145 3035 254 3110 judicia
268 3036 379 3108 perduci
399 3052 454 3092 aon
470 3045 570 3107 posset.
586 3038 689 3092 Veram
709 3053 744 3092 ne
759 3038 867 3095 illorum

74 3131 214 3188 altercatio
237 3130 339 3201 absque
360 3130 433 3201 pacis
455 3129 606 3185 interventu
624 3130 725 3186 diutius
746 3141 793 3187 aut
813 3132 866 3188 ira·

924 1931 1032 1971 marum
1056 1931 1205 1986 rerumque
1226 1923 1377 1971 vestrarum
1403 1914 1505 1971 iactam
1528 1932 1576 1987 per
1600 1916 1725 1988 iniquum

924 2017 1061 2080 pastorem
1072 2024 1261 2081 saepenumero
1276 2017 1424 2081 paternum
1438 2008 1568 2065 cruciavit
1581 2008 1724 2066 affectum.
1764 2058 1786 2087 ..a

924 2102 1149 2174 Exspectavinms
1172 2102 1299 2158 arborem
1319 2101 1421 2157 maiam
1454 2109 1485 2159 at
1511 2100 1614 2159 iaceret
1638 2102 1725 2160 bonos

924 2195 1040 2264 fructus,
1067 2195 1114 2252 sed
1140 2195 1272 2267 plantatio
1293 2195 1387 2268 iniqua
1410 2194 1540 2252 radicitus
1571 2197 1664 2253 vitiata
1696 2181 1742 2254 et¹

923 2289 995 2346 sicca
1011 2305 1059 2361 per
1071 2298 1162 2345 totum
1174 2289 1304 2361 patientia
1319 2289 1438 2346 deterior
1454 2299 1505 2358 est,
1522 2299 1624 2346 terram
1637 2307 1723 2348 occa·
1786 2322 1790 2327 ·

923 2391 984 2455 pate
1000 2384 1147 2455 quinetiam
1162 2381 1197 2437 ad
1213 2383 1357 2438 infamiam
1381 2383 1466 2438 totius
1479 2384 1606 2440 Ecclesiae
1624 2385 1723 2457 germi-

923 2485 971 2531 nat
986 2475 1103 2532 iructam
1115 2475 1268 2547 reprobam
1283 2477 1310 2531 in
1322 2491 1500 2532 communem
1516 2485 1644 2543 mortem,
1657 2488 1685 2534 et
1696 2480 1724 2535 in

923 2577 1020 2625 vestrae
1035 2569 1194 2640 perditionis
1208 2569 1373 2640 exemplum.
1392 2570 1482 2638 Quem
1495 2570 1561 2626 olim
1575 2572 1650 2627 omni
1665 2572 1724 2629 oili·

913 2663 965 2718 ,cio
982 2663 1126 2733 privatum,
1147 2661 1251 2717 reddita
1275 2662 1326 2717 sibi
1346 2663 1406 2717 sola
1421 2654 1615 2720 communione
1629 2667 1721 2723 Eccle-

922 2757 979 2823 sia,
1000 2756 1092 2810 multis
1106 2755 1188 2809 minis
1212 2771 1244 2809 ac
1263 2754 1385 2825 precibus
1407 2757 1550 2812 contestati
1572 2773 1670 2815 sumus
1690 2770 1721 2816 ut
1768 2813 1770 2817 .

922 2858 1084 2921 procuraret
1096 2847 1198 2903 habere
1215 2863 1311 2919 pacem
1334 2848 1486 2916 vobiscum,
1502 2849 1612 2906 redditis
1626 2861 1653 2907 et
1675 2868 1721 2908 re-

922 2943 1024 2999 stitutis
1040 2957 1101 3014 quae
1122 2941 1281 3011 abstulerat,
1297 2957 1362 2996 cum
1376 2957 1446 3013 aqua
1467 2943 1609 2999 ministerii
1626 2945 1718 3014 [sorte

921 3052 1040 3109 curaque
1049 3036 1203 3091 ministerii.
1216 3036 1365 3091 liramcui
1374 3035 1598 3105 restitutionem,
1608 3046 1719 3111 etspem

922 3130 1033 3202 majoris
1046 3128 1170 3185 berreircii
1185 3128 1322 3196 dedimus,
1335 3130 1356 3186 si
1369 3129 1497 3185 mandata
1509 3140 1637 3187 servaret.
1653 3132 1718 3201 Sed,

74 3223 562 3295 ternaodiaautaliquapericulosa
583 3224 647 3279 hinc
666 3225 868 3304 seliilincstu-
886 3202 981 3279 Clieo
1010 3224 1132 3292 nolente,
1163 3223 1214 3278 sub
1239 3222 1320 3294 hujus
1345 3222 1542 3279 misericordiae
1565 3224 1718 3282 velamento

74 3318 112 3376 dia
133 3317 306 3384 accenderet,
333 3333 396 3372 cum
424 3317 539 3372 consilio
563 3316 680 3373 iratrnm
710 3328 867 3376 nostrorum

74 3429 182 3470 calisam
197 3412 236 3467 ita
259 3427 291 3466 er
308 3426 388 3481 aequo
402 3409 494 3465 dirimi
508 3411 701 3472 constituimus
715 3422 745 3468 ut
764 3413 865 3482 carnia,

73 3507 103 3564 de
116 3507 217 3580 quibus
231 3506 301 3561 inter
314 3520 361 3560 eos
373 3505 519 3560 contentio
535 3504 616 3572 ieret,
628 3521 676 3576 per
688 3506 809 3562 mediant
823 3507 866 3562 di-

74 3602 237 3665 viderentur,
252 3598 336 3654 ethic
351 3613 435 3653 uuam
454 3597 498 3653 illc
510 3599 622 3654 alteram
635 3609 740 3671 partem
757 3601 864 3656 interint

73 3695 171 3768 absque
184 3693 262 3750 omni
281 3690 466 3764 inquietudine
484 3699 617 3755 tenerent,
641 3693 729 3749 donec
750 3693 772 3748 si
787 3711 864 3765 aper·

72 3790 135 3845 tiara
152 3786 256 3861 judicia
278 3786 333 3842 sivo
356 3787 458 3858 scripto
477 3794 523 3841 aut
538 3788 666 3858 congruis
686 3787 802 3843 testibus
820 3789 864 3843 in-

71 3883 161 3939 venire
175 3887 287 3953 possent
298 3878 504 3952 diligentissime
517 3880 721 3950 investigarent.
734 3881 775 3938 nd
791 3881 864 3952 quod

70 3974 234 4043 iaciendum,
246 3990 280 4028 ne
292 3972 366 4030 forte
378 3972 541 4028 suscitanda
555 3973 609 4028 litis
622 3973 728 4028 inlicita
741 3974 863 4030 alterutri

71 4067 181 4125 daretm
198 4066 318 4130 occasio,
343 4066 489 4121 terminum
514 4080 622 4137 quoque
641 4066 679 4120 eis
705 4066 798 4121 decem
818 4083 865 4122 an-

70 4178 167 4219 nornm
189 4160 366 4233 praedximus,
391 4168 423 4214 ut
452 4158 498 4231 qui
516 4160 597 4214 certis
623 4159 864 4230 approbationibus

69 4256 252 4329 adjrrstitiam
265 4270 294 4309 se
310 4253 461 4325 pertingere
477 4268 555 4324 posse
572 4252 695 4319 conlidit,
709 4254 779 4309 intra
794 4269 862 4324 prae·

69 4350 183 4406 libatum
205 4348 355 4404 terminum
376 4345 561 4418 proclamandi
581 4355 608 4401 et
623 4347 805 4419 consequendi
816 4348 862 4418 jus

69 4442 198 4499 Ecclesiae
211 4456 269 4497 sure
281 4440 417 4496 licentiam
432 4450 461 4495 et
482 4448 644 4511 potestatem
659 4438 772 4506 habeam
793 4450 820 4495 et
840 4440 861 4495 si

919 3318 1019 3390 operiri
1043 3325 1152 3389 peccata
1166 3315 1357 3371 inobedientias
1381 3316 1450 3388 ciue,
1465 3331 1517 3387 qua
1537 3332 1610 3390 saepe
1630 3316 1716 3374 olien-

918 3411 996 3468 derat
1010 3427 1071 3478 nos,
1087 3418 1114 3466 et
1128 3418 1221 3482 operta
1235 3411 1369 3481 impunita
1385 3410 1511 3481 relinqui,
1524 3411 1623 3467 iterum
1638 3428 1717 3469 men-

919 3505 985 3560 titus
1005 3513 1055 3572 est,
1082 3513 1164 3575 atque
1183 3504 1225 3558 vir
1250 3502 1392 3559 maniieste
1415 3504 1579 3576 sacrilegus,
1600 3516 1627 3561 et
1647 3507 1717 3565 ntul-

918 3607 1011 3655 torum
1033 3597 1168 3653 scelerum
1191 3612 1269 3664 rcus,
1301 3597 1405 3653 monita
1431 3606 1523 3653 nostra
1547 3598 1721 3670 posthabuit,

918 3695 1089 3764 Quapropter
1111 3690 1271 3746 immutabili
1294 3691 1426 3746 sententia
1448 3699 1549 3748 sancite
1570 3692 1667 3764 synodi
1687 3702 1716 3749 et

918 3785 1086 3842 irrevocabili
1119 3800 1253 3840 consensu
1293 3784 1419 3840 omnium
1452 3785 1713 3843 circumsedentium

917 3878 1032 3937 iratram
1060 3878 1223 3951 Dionysium
1253 3877 1393 3949 quondam
1424 3876 1527 3934 dictum
1557 3881 1713 3952 episcopam

916 3974 1022 4046 absque
1042 3973 1096 4028 ulla
1119 3988 1241 4044 unquam
1256 3987 1304 4044 spe
1328 3972 1561 4029 reconciliationis
1583 3974 1616 4028 ab
1635 3975 1712 4030 omni

916 4066 1058 4139 episcopali
1084 4065 1190 4122 honore
1219 4064 1412 4137 deposuimus,
1439 4074 1467 4121 ct
1488 4066 1519 4122 in
1550 4077 1713 4139 perpetuam

915 4160 1069 4233 negandam
1082 4159 1134 4215 sibi
1150 4158 1315 4215 audientiam
1330 4158 1519 4226 decrevinrus3
1535 4169 1562 4216 et
1583 4160 1714 4232 quincun-

916 4271 969 4326 que
982 4254 1032 4309 sibi
1044 4253 1204 4309 irrlelitatem
1214 4254 1386 4324 Jnraverunt,
1401 4268 1436 4307 ne
1449 4262 1545 4309 contra
1558 4252 1611 4310 lroc
1622 4254 1714 4313 decre·

917 4355 976 4404 turn
990 4348 1054 4414 sint,
1078 4345 1113 4403 ab
1128 4346 1203 4402 omni
1220 4346 1327 4400 vincalo
1344 4346 1508 4401 sacramenti
1529 4346 1707 4404 absolvimus.

917 4440 1051 4496 Dabimus
1065 4440 1147 4496 etiarn
1161 4454 1271 4510 operam
1286 4447 1316 4492 ut
1329 4454 1426 4493 omnes
1442 4437 1535 4494 lidcles
1544 4441 1629 4495 sancti
1640 4442 1712 4496 Petri

1603 270 1915 346 'ros·'

1456 1168 1533 1219 emsa.
1551 1167 1639 1220 Aitse
1652 1182 1730 1221 cura·
1803 1194 1809 1211 ι

68 4537 185 4593 alterum
200 4536 313 4601 horum,
335 4534 376 4590 vel
397 4542 538 4604 utrosque,
552 4533 628 4604 quod
648 4549 705 4589 non
723 4542 861 4605 optamus,
877 4548 903 4611 1)
917 4535 1046 4606 adjuvent
1066 4549 1117 4589 vos
1133 4535 1159 4588 in
1182 4531 1341 4604 expellendo
1356 4531 1432 4604 lupo,
1448 4541 1475 4586 et
1489 4532 1642 4589 ordinando
1664 4548 1709 4605 pa·

68 4630 177 4687 interim
200 4626 278 4684 obire
293 4628 446 4699 contigerit,
467 4642 639 4683 successores
654 4642 751 4682 eorum
768 4628 796 4683 in
821 4645 862 4684 ea·
916 4636 1005 4684 stores
1017 4627 1063 4698 qui
1080 4643 1123 4681 res
1136 4634 1236 4681 vestras
1249 4624 1371 4696 diripuit,
1385 4634 1412 4679 et
1426 4640 1542 4697 corpora
1552 4626 1712 4700 animasque

66 4724 128 4781 dam
150 4722 277 4796 pactione
294 4730 322 4777 et
335 4721 530 4777 constitutione
554 4736 714 4792 permanere
733 4719 860 4778 debeant.
916 4721 1089 4792 sequentium
1104 4734 1133 4774 se
1148 4718 1176 4773 in
1192 4717 1309 4783 foveam,
1332 4717 1405 4773 sicut
1423 4718 1517 4774 oculus
1539 4719 1711 4791 tenebrosus,

66 4819 104 4873 En
116 4833 149 4874 ea
169 4824 264 4873 autem
279 4823 354 4887 parte
375 4831 427 4887 qna
440 4813 569 4885 praelatus
588 4812 731 4881 terminus,
750 4824 799 4870 aut
811 4816 862 4871 sab
916 4815 1010 4870 mittit.
1028 4812 1110 4870 Unde
1121 4828 1170 4867 vos
1182 4811 1254 4866 cives
1268 4811 1317 4866 Dei
1336 4811 1540 4878 confortamini,
1558 4815 1621 4884 quia
1637 4817 1712 4872 Deus
1809 4840 1812 4845 ·

65 4911 183 4977 silentio,
205 4917 252 4964 aut
274 4924 329 4963 non
352 4917 460 4964 ostensa
481 4907 599 4962 veritatis
618 4916 644 4961 et
654 4907 777 4980 justitiae,
802 4924 863 4980 prc-
913 4907 1060 4963 nobiscum
1088 4914 1140 4971 est,
1167 4912 1195 4960 et
1228 4903 1290 4960 licet
1314 4904 1490 4962 adversentur
1509 4905 1587 4963 nobis
1608 4910 1713 4965 turritae

64 5014 123 5077 pter
136 5019 224 5076 quam
238 5004 350 5068 clamet,
365 5001 560 5073 approbatione
574 5001 749 5057 transductus
769 5001 861 5069 inerit,

63 5098 157 5155 nullus
172 5096 300 5168 deinceps
313 5098 403 5163 locus,
415 5095 488 5150 nulla
502 5093 668 5150 acclamandi
683 5096 802 5162 occasio,
817 5104 865 5151 aut

63 5207 147 5264 snper
167 5190 263 5248 haere
277 5187 441 5245 renovandae
463 5188 623 5259 questionis
646 5188 752 5244 lieentia
772 5204 864 5258 super·

62 5287 110 5343 sit.
133 5287 197 5340 lloc
221 5283 304 5352 igitur
328 5281 411 5338 modo
434 5281 646 5353 praenominatos
671 5282 863 5352 episcopusin

61 5387 160 5435 nostra
176 5376 324 5449 praesentia
349 5374 515 5448 pacificatos,
531 5383 558 5430 et
580 5376 745 5447 praescriptae
767 5375 865 5431 dillini-

62 5472 130 5530 tioni
141 5479 262 5543 gratum
275 5478 306 5525 ut
318 5467 440 5525 videatur
456 5471 550 5537 [sorta
568 5468 719 5536 videbatur,
736 5472 862 5537 lirani,

60 5566 227 5622 adlribcates
255 5578 411 5626 assensum,
438 5562 472 5618 ad
495 5563 603 5635 propria
627 5578 692 5618 cum
715 5564 862 5634 apostolica

59 5657 254 5716 benedictione
268 5665 296 5713 et
306 5655 424 5712 iraterna
436 5655 566 5712 charitate
580 5656 744 5712 dimisimus.
759 5659 820 5712 iloc
829 5655 863 5711 ab

60 5751 195 5809 omnibns
215 5750 379 5806 inviolatum
403 5757 431 5805 et
452 5758 584 5822 perpetuo
598 5749 790 5806 inconcussum
806 5748 864 5805 iore

63 5843 218 5917 apostolica
238 5842 402 5900 auctoritate
417 5844 589 5918 praecipimus
610 5850 692 5914 atqua
712 5842 861 5900 sancimus.

916 5001 998 5056 arbes
1013 5010 1094 5056 torrae
1109 4999 1245 5065 Chanaan,
1267 5008 1295 5054 et
1317 5000 1438 5070 gigantea
1454 5016 1571 5072 corpora
1592 5000 1711 5058 filiorum
1786 5000 1790 5005 ’

918 5094 1018 5159 Erash.
1034 5093 1090 5149 dux
1105 5102 1197 5149 tamen
1217 5099 1311 5147 noster
1334 5097 1414 5148 lesus
1434 5109 1499 5149 cum
1513 5110 1581 5149 sono
1601 5095 1715 5166 intrepi·

917 5187 969 5244 dus
994 5198 1097 5244 terram
1119 5185 1307 5258 promissionis
1333 5186 1494 5257 ingreditur.
1519 5189 1569 5242 Est
1590 5182 1664 5242 enin'r
1688 5197 1717 5244 et

917 5283 975 5353 ipsc
996 5281 1072 5353 gigas
1085 5281 1120 5336 ad
1134 5279 1300 5335 currendam
1315 5279 1386 5333 viam
1401 5279 1446 5349 qni
1467 5279 1534 5335 dicit
1549 5299 1556 5335 :
1575 5281 1715 5350 confidite,

917 5392 964 5445 eqo
975 5378 1029 5429 eici
1041 5375 1173 5428 mrmdum
1185 5376 1271 5438 (doura.
1287 5376 1360 5437 xvi).
1386 5372 1469 5442 Quod
1482 5374 1504 5428 si
1521 5374 1582 5446 quis
1604 5390 1654 5445 pro
1667 5374 1717 5430 de·

915 5467 1036 5524 fensionc
1051 5468 1167 5539 justitiae
1191 5466 1325 5522 moriatur
1345 5482 1377 5520 ex
1403 5466 1491 5530 voltis,
1507 5466 1633 5537 precibus
1653 5484 1719 5538 apo-

918 5562 1052 5616 stolorum
1074 5561 1147 5616 Petri
1162 5568 1189 5615 et
1214 5559 1289 5614 Pauli
1310 5559 1345 5614 ab
1368 5557 1497 5614 omnibus
1513 5560 1631 5629 peccatis
1650 5560 1717 5614 libe·

918 5663 1006 5710 retur.

954 5751 1024 5804 Data
1047 5752 1156 5813 Romae,
1176 5763 1196 5803 v
1215 5750 1305 5802 Nonas
1328 5745 1427 5811 Martii,
1448 5742 1594 5799 indictione
1608 5741 1717 5799 decima

918 5842 1009 5898 tertia.
