3870 6164
189 278 240 339 rer
655 258 658 271 “
802 272 831 329 s.
851 270 1042 330 eancoaius
1060 270 1107 331 vn
1123 270 1222 331 aare.
1785 275 1836 328 res

187 411 322 471 tuentem,
341 411 371 461 et
384 411 443 459 tam
464 402 586 458 immane
607 397 698 456 scelus
723 396 818 455 ulcisci
842 405 981 471 paratum,
998 399 1025 464 Α
1037 395 1131 470 coepit,
1145 410 1248 469 quem„
1256 393 1307 452 sibi
1320 408 1426 466 suoque
1436 408 1522 467 regno
1539 393 1654 464 timens,
1662 394 1797 453 haetenus
1807 412 1839 454 ee

189 498 348 571 eriperetur,
362 506 444 570 atque
458 493 581 568 pristinas
593 492 712 550 libertati
723 490 985 549 resdtueretur.sed
1038 491 1131 547 colere
1147 497 1176 546 ct
1194 487 1332 562 obsequiis
1354 486 1531 561 irequentarc
1550 488 1699 546 simulavit.
1722 491 1783 560 Qua
1803 491 1838 548 de

188 607 254 650 cum
267 594 396 649 Romano
413 588 517 663 populo
532 585 639 644 vindice
651 595 761 645 motum
772 585 860 643 scelus
874 585 984 642 irritum
1038 600 1121 643 causa
1134 584 1235 641 iterum
1249 586 1349 641 Rome
1360 581 1484 656 synodali
1498 597 1636 640 consensu
1649 584 1838 640 excommuni-

75 730 80 745 .
188 685 329 744 redditum
344 692 427 751 esset,
442 683 514 741 idem
529 682 678 740 Guibertus
697 688 806 752 accepta
831 695 929 752 apapa
950 680 982 736 li·
1038 687 1127 748 catus,
1146 694 1243 752 regno,
1264 677 1339 750 quod
1356 676 1505 749 liudolpho
1526 676 1657 735 collatum
1675 677 1738 746 luit,
1754 678 1838 751 digne

188 780 277 838 matie
287 783 452 837 Ravennam
466 793 496 834 se
508 775 638 843 contulit,
651 774 743 848 ibique
756 774 984 846 conspirationem
1038 772 1137 847 privari
1154 772 1312 844 promeruit.
1326 771 1375 828 llle
1389 785 1471 837 veru,
1482 769 1576 827 habito
1590 786 1656 828 cum
1677 772 1837 829 schismati·

187 873 332 933 rebellium
341 871 531 946 episcoporum
546 867 800 944 Langobardorum
814 867 985 926 machinatus
1041 868 1085 925 cis
1109 866 1293 924 conciliabulo
1311 864 1445 922 Brixiensi
1473 863 1656 938 [Bxirineueil,
1684 866 1711 922 io
1735 865 1837 922 absen-

187 966 247 1026 iuit
262 967 400 1024 isenricus
411 965 512 1022 timore
525 964 666 1021 monum
681 962 792 1020 solutus
815 963 985 1036 contempsit
1039 970 1095 1020 tem
1106 960 1284 1034 depositionis
1304 959 1468 1016 sententiam
1481 957 1558 1029 terri,
1576 959 1655 1031 eique
1671 958 1837 1019 Guibertum

189 1060 303 1134 impiere
323 1076 356 1118 ea
373 1074 436 1132 qure
450 1056 608 1131 apostolice
628 1055 703 1114 sedis
722 1055 819 1130 legatis
838 1064 904 1114 ente
922 1072 985 1129 pro·
1037 1055 1195 1114 schismatis
1218 1062 1371 1118 auctorem,
1398 1067 1472 1126 serpe
1496 1053 1773 1110 excommunicatum
1808 1062 1837 1110 et

188 1154 312 1225 ruberet,
326 1149 673 1226 etqueexcommuoioatos
693 1165 709 1207 a
727 1149 857 1223 pontifice
883 1150 985 1223 reecpit
1037 1149 1204 1222 deponente,
1218 1148 1248 1206 in
1262 1145 1421 1221 pontiilcrtn
1432 1146 1574 1221 subrogari
1588 1145 1738 1231 mandarit.
1750 1149 1836 1205 cum

188 1256 217 1306 ee
228 1247 303 1305 ierit.
319 1248 409 1322 Quem
430 1252 622 1318 contemptum
636 1259 698 1301 cum
711 1243 835 1317 pontifex
851 1258 910 1301 non
923 1242 984 1300 diu·
1038 1258 1093 1318 que
1111 1242 1215 1300 interea
1241 1240 1408 1314 Rudolpbne
1424 1256 1475 1298 rex
1501 1240 1625 1311 obiisset,
1638 1241 1752 1315 eiusque
1768 1256 1837 1298 nece

188 1341 243 1399 tius
256 1339 431 1398 tolerandum
446 1354 507 1397 esee
526 1347 659 1414 putasset,
681 1336 810 1395 eumdem
835 1352 929 1411 regem
949 1336 984 1394 nd
1038 1335 1403 1396 resGermenieiutatiore
1419 1343 1494 1393 stem
1517 1334 1661 1393 collocem
1688 1342 1792 1405 essent,
1807 1337 1836 1393 in

188 1433 334 1494 dicendam
348 1448 461 1491 caumnr
473 1450 520 1507 per
536 1433 639 1506 legatos
653 1431 879 1489 Romamcitarit
889 1432 926 1490 ad
939 1448 983 1506 sy·
1038 1432 1145 1489 ltaliam
1161 1431 1265 1503 pararit
1292 1429 1451 1498 adrentum,
1476 1435 1508 1485 ut
1527 1429 1692 1503 Gregorium
1721 1445 1835 1504 papam,

187 1527 294 1586 nodum
306 1527 430 1600 proxima
447 1527 656 1600 quadragesima
681 1525 909 1599 congregandam.
926 1529 983 1583 Ex·
1037 1540 1120 1600 quem
1137 1523 1188 1583 eibi
1207 1523 1426 1581 inlensiesimum
1444 1523 1569 1596 putabat,
1581 1539 1596 1581 e
1608 1522 1672 1581 sede
1688 1523 1761 1580 Petri
1786 1525 1837 1581 de·

188 1621 261 1695 cepit
279 1621 324 1679 llle
341 1621 519 1695 legationem,
541 1621 588 1678 sed
609 1635 793 1693 magnacum
819 1621 984 1677 contumelia
1039 1628 1162 1695 poneret,
1172 1619 1284 1693 ejusque
1298 1617 1489 1675 adversarium
1499 1616 1664 1675 Guibertum
1676 1617 1835 1691 antipapam

188 1715 325 1790 pontilicis
344 1714 458 1773 eosdem
476 1722 569 1787 postea
588 1714 698 1787 abjecit,
721 1713 882 1787 indictoque
899 1716 979 1771 Wnr-
1037 1715 1065 1772 in
1089 1729 1120 1771 ea
1139 1713 1296 1770 collocaret.
1319 1712 1444 1783 Cumque
1463 1711 1560 1768 urbam
1588 1710 1738 1769 Leoninaru
1761 1711 1836 1768 binis

187 1809 315 1868 mutiensi
325 1809 513 1869 conventiculo
527 1808 687 1881 pontilicem
695 1809 837 1866 absentem
848 1807 883 1864 de
893 1807 983 1864 cnmi·
997 1771 1023 1834 B
1039 1808 1145 1866 ricibns
1163 1807 1264 1864 irustra
1277 1814 1410 1864 tentatam
1423 1814 1451 1862 et
1461 1805 1604 1863 obsessam
1617 1815 1680 1878 post
1689 1805 1834 1862 biennium

171 1904 269 1962 'nibus
280 1903 395 1977 objectis
407 1902 622 1960 condemnatum
637 1918 685 1975 per
699 1903 864 1959 sententiam
875 1902 985 1974 deponi,
1038 1916 1095 1961 suae
1107 1901 1307 1976 persecutionis
1325 1908 1517 1973 expugnasset,
1537 1900 1703 1958 Guibertum
1719 1903 1835 1957 Raven-

188 2012 305 2071 eemque
319 1997 368 2069 ipsi
391 1996 524 2055 insinuari
539 1997 652 2053 curarit.
676 1995 785 2069 Legatis
809 1999 930 2053 Romam
944 2011 986 2052 rc·
1037 2005 1130 2055 uatem
1149 1996 1304 2069 perjurum,
1332 1993 1491 2066 depositum
1509 2002 1538 2050 st
1559 1993 1835 2062 anathematizatum,

188 2091 284 2157 tersis,
299 2090 391 2147 habita
416 2099 458 2147 est
479 2090 608 2163 postridie
631 2090 764 2163 synodus,
788 2089 817 2146 in
845 2089 985 2162 quadum
1038 2089 1110 2164 apud
1120 2092 1367 2148 sanctnmPetrum
1383 2103 1431 2160 per
1439 2088 1625 2145 alutinensem
1645 2094 1674 2144 et
1684 2087 1836 2146 Ariminen·

188 2184 228 2242 iili
240 2183 356 2258 injurias
372 2182 424 2240 eibi
448 2184 582 2256 irrogatas
603 2183 773 2251 retulissent,
799 2182 985 2255 litterrequee
1037 2200 1098 2243 sem
1112 2184 1255 2256 episcopos
1276 2183 1336 2256 jam
1350 2182 1444 2239 multis
1459 2189 1528 2238 ante·
1541 2179 1621 2238 annis
1640 2179 1783 2254 depositos
1807 2189 1836 2239 et

189 2291 253 2352 rege
267 2277 358 2336 mbas
370 2278 490 2335 recitatae
505 2277 631 2345 inissent,
644 2292 699 2333 una
719 2292 782 2333 cum
801 2291 866 2349 rege
879 2277 986 2334 Henri-
1039 2277 1293 2336 excommunicatos
1304 2276 1511 2340 inthronizavit,
1527 2276 1610 2349 eique
1632 2275 1782 2334 clementis
1795 2278 1836 2332 lll

188 2369 385 2445 ceslgeiridus
404 2371 585 2443 Mogontinae,
604 2370 770 2428 Wilbslmus
793 2371 984 2443 Trajcctensis,
1038 2386 1142 2429 nomen
1156 2370 1300 2444 imposuit.
1315 2373 1407 2443 ipsam
1424 2386 1491 2428 vero
1505 2372 1626 2427 Romam
1641 2369 1736 2442 ejusve
1760 2371 1835 2427 cives

188 2472 218 2523 et
235 2464 376 2523 liebertus
398 2464 610 2537 Bambergensie
631 2464 760 2522 Ecclesiae
786 2463 984 2538 archiepiscopi
1038 2465 1161 2523 nonnisi
1176 2481 1224 2538 per
1248 2464 1408 2522 triennalem
1429 2463 1603 2522 obsidionem
1628 2479 1697 2522 auro
1721 2463 1836 2522 undem

188 2558 421 2616 exeommunicati
434 2556 556 2616 inemnt.
575 2561 672 2615 batam
687 2558 849 2615 sententiam
863 2557 985 2631 pontiiex
1039 2568 1067 2617 et
1081 2560 1194 2633 pecunie
1206 2559 1380 2632 expugnavit,
1395 2573 1477 2632 qnam
1490 2559 1576 2615 armis
1587 2558 1698 2615 vincere
1718 2572 1774 2615 non
1788 2574 1836 2631 po

191 2651 322 2710 omnibus
342 2652 491 2711 subditise
514 2653 673 2725 juramento
696 2651 833 2710 bdelitatis
851 2652 985 2709 absolutis
1038 2662 1119 2711 teret.
1134 2654 1286 2727 Gregorius
1301 2668 1369 2726 papa
1382 2668 1446 2710 cum
1469 2653 1562 2725 paucis
1582 2652 1721 2709 nobilibus
1741 2654 1772 2709 in
1786 2669 1834 2710 ea·

191 2745 342 2816 intimarit,
372 2760 487 2819 eamque
510 2746 705 2819 Deuslcontra
732 2745 987 2805 excommunicatos
1038 2748 1149 2806 stellum
1161 2747 1255 2804 Sancti
1270 2747 1366 2820 angeli
1382 2762 1412 2804 se
1431 2746 1535 2820 recepit
1558 2745 1683 2803 :interea
1701 2762 1835 2804 coronam

189 2840 303 2897 ilenrlci
317 2839 438 2898 lautores
453 2841 598 2913 episcopos
612 2840 768 2898 interuentu
788 2841 886 2897 mortis
898 2840 984 2914 pesel-
1038 2841 1153 2914 imperii,
1169 2856 1251 2915 quem
1273 2843 1423 2915 Gregorius
1446 2840 1619 2898 sobismatieo
1637 2848 1665 2896 et
1681 2854 1837 2897 excommo-

186 2948 240 2992 mae
261 2942 407 2991 exsecutus
420 2933 483 2991 luit.
497 2936 619 2992 serenes
642 2949 658 2991 a
678 2950 742 3007 rege
761 2934 932 3004 deiecerunt,
957 2942 985 2991 et
1037 2936 1130 2992 niceto
1152 2934 1309 3008 imperatori
1331 2935 1446 2993 solemni
1472 2935 1528 2992 ritu
1548 2932 1674 2991 conterre
1694 2948 1781 3007 usqne
1802 2934 1836 2994 ad

185 3026 318 3085 adversus
332 3042 397 3085 eum
406 3026 584 3085 formidando
598 3036 733 3100 apparatu
750 3028 844 3100 praelio
859 3027 983 3083 insurre-
1038 3029 1197 3101 sanguinem
1211 3037 1394 3097 recusaverat,
1407 3029 1537 3085 Clemens
1554 3027 1681 3100 antipapa
1695 3028 1752 3101 regi
1763 3028 1836 3085 sebi·

187 3128 298 3179 xerunt.
314 3121 445 3178 Similiter
460 3122 543 3177 etiem
565 3120 701 3192 principes
717 3120 873 3178 Germanias
896 3119 983 3191 malo·
1001 3123 1152 3214 cematico
1167 3122 1334 3195 imponit,'et
1347 3121 1648 3195 pseudoimperatorem
1663 3121 1836 3195 pmudopon.

187 3214 372 3287 resepiseopl,
391 3228 542 3285 omnesque
555 3211 661 3280 iideles,
675 3227 756 3284 quos,
770 3212 836 3271 dum
862 3212 984 3285 pontiicx
1037 3215 1104 3274 tilex
1118 3215 1266 3273 constitnit.
1282 3216 1407 3287 Cumque
1419 3215 1448 3272 in
1463 3216 1599 3272 Aventino
1616 3223 1711 3272 monte
1728 3231 1757 3273 ee
1771 3232 1836 3274 con·

187 3314 285 3379 rogatu
304 3305 455 3364 Hermanni
471 3306 603 3362 blerensis
620 3305 740 3380 episcopi
766 3307 985 3364 commonuisset
1038 3311 1147 3378 tineret,
1162 3309 1292 3383 urbisque
1311 3309 1481 3367 obsidionem
1504 3308 1642 3368 indefesso
1655 3308 1746 3367 studio
1771 3325 1836 3383 pro·

187 3406 222 3458 ut
244 3414 339 3474 regem
361 3399 397 3457 ad
424 3397 614 3472 peonitentiam
638 3399 826 3468 hortarentur,
851 3400 985 3457 Triburim
1037 3412 1207 3478 sequeretur,
1226 3403 1376 3478 Gregorius
1394 3420 1409 3460 a
1431 3403 1554 3460 lieberto
1580 3403 1836 3461 Nortbmannorum

188 3502 354 3552 conuentum
372 3492 546 3561 indixerunts
571 3493 599 3550 in
627 3509 696 3568 quo,
713 3493 780 3551 dum
801 3493 837 3552 de
851 3494 905 3551 alio
920 3509 985 3567 rege
1038 3498 1107 3556 doce
1125 3497 1286 3564 subsidium,
1302 3496 1377 3570 quod
1390 3501 1524 3554 Romanae
1546 3497 1739 3572 nectesteper
1758 3497 1837 3573 jura-

188 3589 346 3648 Germanire
361 3587 485 3662 eligendo
505 3595 642 3661 ageretur,
657 3588 795 3645 ilenricus
809 3602 859 3661 per
878 3589 984 3662 legatos
1038 3600 1165 3648 mentum
1185 3593 1354 3665 promiserat,
1381 3591 1545 3663 imploravit.
1566 3591 1619 3664 Qui
1638 3591 1733 3648 eandm
1758 3592 1839 3650 novis

188 3696 284 3755 pacem
297 3681 402 3754 rogarit
421 3689 449 3737 et
461 3681 680 3738 emendationem
695 3696 805 3737 morum
824 3682 951 3754 promisit
977 3702 983 3739 :
1039 3686 1124 3758 copiis
1135 3685 1307 3759 congregatis
1317 3685 1344 3742 in
1360 3686 1467 3740 ltaliam
1482 3683 1615 3742 advniens
1626 3684 1778 3742 Henrlcum
1797 3685 1839 3743 lu·

187 3775 329 3847 aliquoties
351 3774 486 3845 repulsam
503 3789 608 3847 passus,
627 3775 678 3832 bac
693 3774 802 3833 tandem
826 3774 885 3849 lege
905 3792 984 3833 reee—
1039 3780 1122 3853 gavit,
1137 3779 1280 3853 ipsumque
1294 3778 1452 3852 pontiilcem
1467 3777 1761 3847 ieliclssimelibererit,
1774 3795 1838 3837 om·

189 3875 253 3942 ptus
267 3876 318 3935 est,
334 3875 374 3935 ut,
389 3867 509 3925 dimissis
519 3868 766 3926 excommunicatis
780 3884 848 3942 quos
862 3869 986 3937 fovebat,
1039 3888 1143 3945 nesqne
1165 3871 1430 3945 pseudosardinalee,
1451 3889 1524 3946 quos
1550 3872 1699 3930 Guibertus
1719 3873 1838 3946 pseudo

188 3963 318 4019 Romano
332 3960 452 4034 pontifici
465 3977 495 4019 se
508 3962 693 4033 submitteret,
717 3977 803 4035 seque
815 3978 864 4034 por
875 3964 984 4019 Ronla-
1039 3966 1162 4042 pontifex
1174 3975 1320 4035 creaverat,
1334 3967 1375 4023 vel
1387 3967 1484 4024 saliem
1503 3984 1518 4024 a
1534 3980 1599 4025 sero
1621 3966 1755 4039 pontifice
1775 3967 1838 4024 abs·

188 4070 257 4112 num
280 4055 435 4128 pontideem
456 4070 473 4112 a
493 4056 602 4113 noculo
622 4056 918 4114 excommunicationis
938 4056 987 4113 ab·
1039 4069 1170 4130 traxerat,
1191 4061 1259 4119 urbe
1277 4061 1385 4133 expulit.
1400 4061 1507 4132 Quibus
1527 4061 1657 4132 expulsis,
1684 4061 1838 4135 Gregorius

189 4148 260 4208 seiri
279 4157 449 4223 procuraret.
464 4152 557 4207 Paruit
569 4166 627 4219 rex,
647 4150 855 4222 veniensquein
869 4151 978 4207 ltaliam
1039 4155 1191 4213 concilium
1203 4159 1302 4213 Itomae
1312 4155 1496 4228 congregarit,
1507 4153 1838 4229 quopscudopontibcem

189 4242 348 4317 upnntilice
362 4243 565 4302 absolutionem
584 4244 711 4301 obtinuit.
728 4245 833 4301 Verum
855 4243 985 4301 schisma·
1037 4265 1101 4306 cum
1114 4249 1384 4322 pseudoimperatore
1396 4248 1517 4306 Henrico
1528 4249 1629 4305 iterum
1639 4248 1838 4307 exeommuni-

188 4336 307 4395 ticnrum
328 4345 357 4394 et
373 4338 634 4396 concubinariorum
660 4338 849 4412 episcoporum
871 4338 984 4410 instiga·
1037 4343 1118 4400 cavit.
1135 4345 1232 4400 Postea
1249 4342 1283 4399 ab
1304 4341 1371 4399 urbe
1390 4341 1522 4399 recedens
1545 4343 1689 4400 Cassium
1712 4343 1837 4413 advenit,

187 4432 264 4489 tione
276 4430 372 4490 accidit
386 4432 475 4490 utrix
489 4432 517 4489 in
535 4433 715 4491 Germaniam
729 4447 864 4501 reversus,
880 4432 983 4489 iterum
1037 4444 1118 4510 atque
1134 4435 1197 4493 inde
1208 4434 1244 4492 ad
1255 4434 1436 4492 dedicandam
1447 4435 1587 4493 basilicam
1605 4437 1694 4513 sancti
1707 4436 1836 4496 blettbaei

189 4527 218 4584 in
232 4527 347 4611 pristina
358 4526 535 4584 relaberetur.
553 4530 622 4583 llam
643 4541 706 4583 cum
721 4526 858 4584 Guiberto
872 4513 1024 4600 aliisqueD
1039 4529 1157 4604 apostoli
1189 4528 1333 4587 Salernum
1363 4546 1393 4586 se
1414 4531 1541 4598 nonnulii,
1565 4530 1654 4602 ibique
1682 4532 1839 4603 permansit

188 4620 350 4694 quibusdam
359 4620 506 4678 rebellibus
526 4635 628 4676 nouem
650 4620 869 4693 conjurationem
892 4621 986 4677 adrer-
1039 4622 1298 4699 usqueadobitum,
1314 4624 1480 4698 quirentigit
1492 4623 1624 4697 vigesimo
1637 4633 1736 4698 quarto
1760 4625 1836 4694 blaii,

190 4728 238 4772 sus
259 4713 418 4788 pontificem
430 4712 613 4773 ioedissimam
636 4715 783 4772 contraxit.
807 4715 891 4786 Quod
919 4715 986 4772 drrxn
1040 4716 1727 4792 annoCbristiredemptoris1085,cumsedisset
1750 4734 1839 4777 annos

187 4808 322 4881 principes
333 4808 492 4866 Germaniae
512 4809 714 4884 cognovisset,
730 4808 888 4867 inconsulto
914 4811 986 4866 Gre·
1039 4812 1197 4884 duodecim,
1211 4829 1336 4871 mensem
1350 4828 1436 4870 unum
1448 4821 1476 4869 et
1488 4811 1547 4870 dies
1559 4819 1629 4871 tres.
1646 4813 1796 4871 Sanctitate
1810 4821 1840 4870 ct

189 4902 268 4975 gorio
281 4901 474 4976 liudolpbum,
492 4903 596 4960 Sueriae
610 4902 721 4972 ducem,
748 4904 774 4960 in
791 4919 886 4978 regem
899 4903 987 4976 elege-
1040 4907 1180 4966 miraculis
1203 4916 1265 4980 post
1300 4916 1418 4964 mortem
1450 4905 1628 4977 clarissimus,
1654 4907 1779 4980 sepultus
1796 4916 1840 4966 est

188 5002 266 5065 runt,
281 4994 631 5070 ductumquebloguntiam
654 4995 817 5070 asigeirido
835 4998 985 5055 consecrari
1040 5002 1111 5058 intra
1124 5000 1263 5058 basilicam
1287 5000 1373 5058 sancti
1389 4999 1504 5072 apostoli
1523 5008 1551 5057 et
1575 5001 1748 5074 evangelistae
1767 5004 1839 5058 blat-

189 5099 327 5147 curaruut.
343 5092 381 5147 lle
400 5090 495 5147 bellica
505 5098 600 5148 contra
616 5091 796 5164 lindolpbum
821 5106 947 5165 suscepta
959 5099 987 5148 et
1040 5095 1114 5163 tbaei,
1127 5110 1212 5168 quam
1224 5096 1304 5169 paulo
1319 5102 1380 5151 ante
1399 5092 1505 5150 obitum
1520 5092 1612 5152 divim
1637 5094 1720 5153 cultui
1742 5111 1840 5154 conse·

187 5181 306 5242 leliciter
320 5192 398 5257 gesta
413 5184 505 5242 factrus
514 5186 620 5251 elatior,
634 5186 798 5259 Gregorium
810 5194 984 5244 contemnere
1041 5197 1174 5247 creverat.
