3870 6164
207 227 259 284 ras
821 211 850 269 s.
870 190 1061 271 aemonius
1078 208 1126 268 vn
1142 207 1244 268 esee.
1485 174 1489 186 '
1807 208 1860 265 roc
1920 276 1923 283 ,

206 351 261 425 agi,
275 347 351 423 prius
373 345 456 405 etiam
480 356 565 416 quam
587 337 667 398 tertia
682 337 725 398 die
750 345 865 396 ventum
881 337 965 397 fuerit
980 338 1010 396 in
1023 342 1050 409 Α
1063 337 1092 395 in
1106 335 1228 411 partibus
1241 329 1410 402 Teutonicit,
1434 331 1704 406 locoettcmpores
1725 328 1793 388 volis
1808 330 1861 389 de-

207 442 357 520 syoodum,
371 439 468 500 defecit
482 445 578 495 contra
591 432 737 493 veritatem
756 433 807 491 niti
824 448 889 509 pars
912 433 1006 493 altera.
1060 431 1151 500 finito,
1164 438 1229 488 ante
1239 427 1416 504 presentiam
1430 435 1550 485 vcsuam
1573 426 1614 483 vel
1634 426 1788 500 legatorum
1811 441 1860 482 ve-

207 540 314 612 Nempe
326 535 442 610 Spiritus
456 531 545 591 sancti
566 530 647 604 ignis,
661 529 848 588 emolumenta
869 528 1008 602 palearum
1059 534 1191 594 utrorum,
1213 524 1343 583 dominus
1375 530 1469 581 noster
1488 538 1537 579 rex
1559 520 1725 594 liudulphus
1741 521 1781 578 vel
1797 521 1856 593 ipse

208 644 384 700 consumens,
400 637 429 687 ct
449 626 555 701 fulgore
578 640 629 683 suo
655 622 755 682 falsam
770 623 862 681 lucem
877 621 1007 681 diverbe·
1061 621 1158 689 veniet
1170 618 1211 676 vel
1221 617 1366 692 episcopos
1382 625 1411 675 et
1424 616 1517 675 fideles
1530 631 1596 674 snos
1610 616 1716 684 mittet3
1732 623 1861 689 paratus-

207 727 293 786 rando
308 722 498 790 obtenebrans,
510 720 600 779 noctis
612 717 760 792 caliginem
771 716 853 775 vertit
864 716 892 773 in
905 717 1006 775 lucem.
1059 729 1113 789 que
1131 713 1183 771 erit
1198 712 1335 787 judicium
1362 710 1397 770 de
1422 726 1504 769 causa
1515 709 1593 784 regni
1613 709 1715 778 subire,
1730 709 1864 783 nulloque

208 814 332 889 Denique
343 811 534 886 berengarius,
559 808 642 881 huius
669 806 769 865 erroris
791 807 931 881 magister,
946 813 1009 879 post
1060 807 1256 882 maloingenio
1268 813 1433 865 conventum
1448 805 1552 863 avobis
1566 804 1622 862 sive
1647 804 1745 879 legatis
1757 804 1857 861 vestris

207 910 289 984 longo
309 916 435 981 tempore
457 903 669 979 dogmatizatam
698 901 881 975 impietatem,
902 915 1008 958 errasse
1060 902 1240 961 constitutum
1253 900 1399 975 impediet3
1418 907 1446 958 et
1459 898 1797 975 postquamindecertum
1812 913 1861 955 ve—

208 1018 237 1063 te
259 1018 355 1061 coram
375 999 492 1059 concilio
515 996 652 1071 frequenti
672 993 824 1064 confessus,
844 994 1008 1068 veniamque
1060 996 1290 1055 strumnuntium
1301 995 1413 1066 videbit,
1426 994 1461 1053 de
1481 1009 1548 1068 pace
1572 993 1601 1051 in
1616 1008 1700 1068 regno
1714 993 1860 1052 statuenda

206 1098 347 1173 pustulam
366 1104 394 1153 et
408 1110 500 1162 orans,
511 1107 572 1151 eam
582 1108 615 1149 cx
631 1088 780 1164 apostolica
790 1090 933 1148 clementia
948 1104 1007 1148 me·
1061 1101 1089 1150 et
1101 1090 1300 1160 confirmanda,
1315 1088 1433 1149 studebit
1452 1097 1485 1146 ut
1502 1089 1600 1163 legatio
1614 1096 1704 1146 restra
1714 1088 1861 1161 provenire

129 1198 131 1202 ’
206 1192 272 1262 ruit,
291 1190 444 1264 juravitque
468 1188 540 1246 sicut
555 1188 584 1244 in
594 1185 823 1260 consequentibus
832 1184 1006 1242 continetur:
1061 1185 1095 1244 ad
1119 1201 1212 1260 pacem
1235 1184 1308 1260 regni
1323 1191 1351 1243 et
1362 1183 1537 1242 concordiam
1560 1182 1657 1256 possit.
1675 1184 1746 1241 flaec
1765 1182 1862 1241 omnia

119 1286 121 1291 '
159 1300 165 1304 ·
239 1292 267 1344 9.
292 1289 351 1358 Ego
378 1283 577 1357 berengarius,
598 1280 682 1340 corde
696 1279 778 1338 credo
801 1286 830 1339 et
851 1294 900 1336 ore
921 1278 1007 1336 confl-
1061 1281 1290 1350 observabuntur,
1313 1278 1364 1336 nisi
1378 1287 1514 1353 quantum
1531 1294 1565 1335 ex
1579 1285 1668 1336 vestm
1684 1275 1792 1336 licentia
1814 1292 1861 1334 rc-

207 1385 395 1451 teor‚panem
415 1377 639 1449 altinumque
660 1373 1009 1453 ponunturinaltari,per
1060 1375 1201 1444 manserit,
1240 1373 1283 1431 vel
1304 1390 1336 1431 er
1359 1373 1555 1447 impedimento
1594 1372 1723 1446 legitime,
1758 1372 1862 1430 scilcet

207 1471 370 1546 mysterium
389 1485 474 1529 eacrae
487 1469 621 1528 orationis
635 1467 755 1527 etverba
775 1467 862 1525 nostri
886 1465 1008 1525 Redem·
1061 1477 1152 1528 morte
1178 1469 1220 1526 vel
1253 1468 1328 1543 grati
1361 1467 1522 1526 infirmitate
1562 1466 1604 1524 vel
1632 1466 1758 1540 captione
1799 1467 1862 1524 sine

207 1564 304 1639 ptoris,
317 1565 530 1623 substantialiter
543 1563 665 1622 converti
680 1563 709 1620 in
720 1577 814 1620 veram
826 1569 855 1620 et
867 1562 1007 1636 propriam
1061 1564 1137 1624 dolo.
1155 1564 1226 1635 (tlibi

208 1675 240 1718 ac
254 1659 455 1717 vivificatricem
470 1673 582 1716 carnem
595 1656 796 1731 etsanguinem
819 1655 932 1714 Domini
951 1671 1004 1714 uo·
1097 1666 1139 1717 tt.
1165 1658 1285 1733 Septimo
1313 1673 1423 1732 quoqne
1436 1672 1509 1715 anno
1522 1656 1564 1714 sui
1593 1656 1768 1730 pontificatus
1785 1655 1860 1713 idem

208 1755 256 1812 stri
271 1755 334 1812 Jeeu
344 1753 443 1811 Christi
453 1772 461 1823 3
472 1763 500 1811 et
514 1761 577 1827 post
588 1753 823 1810 consecrationem
838 1765 1006 1808 essetecum
1021 1718 1046 1781 B
1061 1753 1191 1812 Pontifex
1209 1756 1309 1810 llomae
1322 1751 1468 1809 celebravit
1481 1750 1630 1826 synodum,
1652 1750 1682 1807 in
1705 1765 1760 1824 qua
1774 1749 1860 1807 inter·

207 1848 310 1907 Christi
324 1864 435 1922 corpus,
448 1848 522 1921 qnod
536 1856 633 1904 natum
648 1857 691 1906 est
706 1846 741 1905 de
754 1845 877 1919 Virgine,
892 1853 919 1903 et
932 1844 1006 1920 quod
1061 1847 1173 1906 fuerunt
1194 1845 1387 1920 archiepiscopi
1413 1854 1443 1902 et
1468 1845 1587 1919 episcopi
1606 1842 1777 1902 diversarum
1810 1861 1861 1902 ur·

208 1958 258 2017 pro
268 1943 355 2001 salute
367 1942 467 2000 mnndi
474 1941 597 2000 oblatum
607 1939 635 1999 in
646 1956 729 1999 cruce
743 1939 880 2013 pependit,
892 1947 920 1997 et
931 1938 1007 2012 quod
1060 1942 1148 2013 bium,
1161 1957 1214 2000 nec
1233 1957 1289 1998 non
1299 1949 1327 1999 et
1345 1939 1477 1998 abbatum
1491 1956 1522 1997 ac
1540 1939 1711 1997 diversorum
1729 1939 1860 1998 ordinum

210 2039 288 2095 sedet
307 2036 342 2093 ed
367 2037 507 2094 dexteram
533 2037 639 2105 Patris;
669 2044 697 2093 et
726 2051 822 2093 verum
845 2036 1007 2107 sanguinem
1061 2037 1224 2095 clericorum
1244 2044 1271 2094 et
1285 2033 1418 2093 laicorum
1431 2034 1636 2092 innumerabilis
1650 2033 1815 2104 multitudo;
1831 2033 1861 2090 in

209 2130 318 2200 (hristi,
341 2130 436 2204 quide
453 2131 538 2187 latere
560 2130 620 2204 ejus
633 2129 806 2198 effususest3
829 2144 886 2186 non
900 2136 1008 2186 tantum
1061 2147 1114 2206 qua
1129 2130 1277 2205 apostolica
1298 2130 1446 2189 constituta
1465 2129 1659 2198 corroborans,
1686 2128 1774 2185 multa
1795 2142 1859 2201 quae

207 2240 257 2298 per
268 2225 378 2298 signum
396 2232 424 2283 et
437 2226 567 2282 virtutem
582 2222 754 2292 sacramenti,
774 2222 822 2281 sed
844 2223 1008 2296 inproprie-
1061 2225 1221 2301 corrigenda
1241 2231 1320 2283 erant
1340 2224 1471 2295 correxit,
1483 2232 1511 2282 et
1522 2238 1584 2298 qum
1598 2220 1800 2281 corroborenda
1814 2222 1862 2279 fir·

120 2374 123 2381 ,
209 2327 266 2377 tate
280 2327 387 2376 naturae
397 2327 426 2376 et
436 2319 550 2375 veritate
562 2319 735 2386 substantiae,
746 2318 818 2374 sicut
829 2317 859 2374 in
870 2317 923 2374 hoc
930 2317 1006 2374 brevi
1061 2320 1152 2378 mavit.
1166 2323 1242 2377 Inter
1253 2328 1352 2378 caetera
1365 2334 1484 2393 namque
1497 2319 1524 2374 in
1549 2318 1602 2375 line
1623 2316 1761 2392 synodaiis
1776 2317 1861 2375 abso·

209 2413 375 2483 continetur,
391 2421 418 2469 et
434 2429 486 2487 cgo
500 2413 563 2487 legi,
578 2422 663 2470 atros
676 2411 840 2485 intelligitis.
858 2412 903 2468 Sic
914 2411 1007 2481 credo,
1061 2413 1176 2472 lationis
1195 2413 1256 2472 hcc
1268 2414 1407 2480 annexuit,
1418 2421 1448 2471 et
1461 2420 1601 2487 perpetues
1613 2412 1755 2470 memoriae
1766 2419 1861 2485 postc-

209 2523 260 2565 nec
274 2514 370 2564 contra
380 2505 452 2564 hanc
461 2507 544 2564 fidem
557 2507 670 2564 ulterius
680 2506 785 2564 docebo
802 2526 808 2562 :
823 2504 863 2562 sic
875 2520 920 2562 me
933 2509 1008 2562 Deus
1061 2508 1098 2566 ris
1110 2507 1251 2566 scribenda
1277 2508 1429 2577 mandavit,
1444 2507 1481 2564 ita
1501 2506 1619 2582 dicendo
1645 2511 1780 2564 :Patmm
1800 2522 1862 2564 san·

208 2600 332 2674 adiuvet,
347 2601 441 2659 ethtec
455 2608 548 2658 sancta
568 2601 618 2658 Dei
630 2601 785 2673 Evangelia.
799 2601 876 2656 Tunc
888 2603 925 2656 D.
936 2615 1007 2672 papa
1062 2611 1172 2660 ctornm
1197 2610 1300 2660 statuta
1323 2610 1478 2674 sequentes,
1508 2602 1578 2658 sicut
1602 2601 1630 2659 in
1646 2600 1782 2674 prioribus
1796 2615 1861 2658 con·

207 2693 339 2769 praecepit
354 2694 530 2769 berengario,
544 2710 577 2751 ex
594 2694 755 2752 auctoritate
769 2693 818 2750 Dei
833 2692 1006 2767 omnipoten·
1062 2697 1142 2769 ciliis,
1165 2710 1228 2771 quar
1246 2699 1307 2753 Deo
1321 2696 1467 2752 miserante
1481 2695 1687 2764 celebravimus,
1702 2694 1736 2752 de
1750 2693 1861 2752 ordina-

209 2789 244 2846 tis
261 2797 289 2846 et
302 2797 462 2847 sanctorum
482 2788 672 2862 apostolorum
687 2788 760 2846 Petri
781 2786 907 2854 etPauli,
930 2786 1008 2845 utde
1060 2792 1135 2849 tione
1156 2789 1399 2849 ecclesiasticarum
1420 2788 1584 2862 dignitatum
1604 2789 1764 2857 statuimus,
1778 2787 1816 2845 ita
1832 2797 1861 2845 ct
1913 2841 1917 2848 .

206 2891 357 2957 corporeet
380 2884 511 2958 sanguine
531 2881 642 2941 Domini
656 2897 797 2955 nunquam
810 2882 927 2940 ulterius
940 2897 1006 2938 cum
1060 2901 1133 2943 nunc
1146 2886 1296 2958 apostolica
1310 2883 1473 2942 auctoritate
1486 2884 1658 2941 decernimus
1671 2882 1860 2940 reconfirma-

209 2976 301 3050 aliquo
315 2977 462 3051 disputare,
487 2978 527 3033 vel
550 2977 671 3051 aliquem
689 2975 788 3032 docere
809 2983 1004 3049 praesumerem
1063 2994 1137 3048 mus,
1153 2985 1184 3035 ut
1196 2977 1218 3035 si
1230 2978 1291 3050 quis
1313 2977 1439 3052 deinceps
1457 2977 1645 3050 episcopatum
1666 2977 1707 3034 vel
1721 2977 1861 3034 abbatiam

207 3078 321 3143 excepto
332 3086 414 3127 causa
427 3067 576 3127 reducendi
591 3067 626 3124 ad
640 3068 711 3125 hanc
725 3068 808 3125 fldem
821 3084 878 3137 eos,
898 3068 945 3142 qui
960 3083 1009 3141 per
1026 3071 1097 3173 Cde
1109 3087 1194 3129 mauu
1214 3071 1327 3145 slicuy'us
1350 3072 1426 3129 laicae
1442 3085 1566 3145 personae
1588 3071 1748 3144 susceperit,
1771 3071 1861 3129 nulla·

208 3163 269 3236 ejus
285 3164 440 3220 doctrinam
453 3163 489 3218 ab
501 3177 532 3218 ea
546 3170 724 3219 recesserant.
1062 3175 1142 3223 tenus
1153 3166 1224 3223 inter
1233 3164 1375 3238 episcopos
1387 3165 1428 3223 vel
1438 3165 1551 3223 abbates
1557 3164 1699 3235 habeatur,
1708 3180 1759 3222 nec
1769 3163 1823 3221 nlla
1833 3165 1859 3222 ei

248 3261 290 3312 10.
300 3256 352 3313 liis
366 3255 458 3329 itaque
476 3256 519 3329 pic
541 3263 570 3311 et
590 3254 703 3312 feliciter
719 3255 799 3324 actis,
814 3256 885 3312 inter
904 3255 1007 3314 multas
1060 3267 1092 3317 nt
1103 3260 1230 3334 episcopo
1243 3275 1291 3317 seu
1306 3259 1397 3317 abbuti
1420 3258 1559 3317 audientia
1584 3257 1766 3328 concedatur3
1781 3259 1861 3316 insu-

207 3350 438 3424 proclamationes
447 3350 589 3423 conquesti
603 3358 667 3409 sunt
681 3349 760 3424 legati
774 3351 847 3423 regis
865 3349 1006 3422 Rodulpbi
1061 3369 1109 3426 per
1119 3353 1144 3410 ei
1159 3353 1275 3428 gratim
1287 3354 1316 3410 S.
1332 3353 1404 3411 Petri
1416 3361 1444 3410 et
1458 3353 1601 3410 introitum
1615 3351 1859 3410 ecclesiaeinterdi·

207 3458 290 3518 super
298 3444 428 3514 henrico,
439 3443 524 3518 quod,
537 3443 605 3502 nulli
621 3445 693 3514 loco,
708 3444 777 3502 nulli
804 3460 929 3519 personae
944 3459 1005 3517 par·
1060 3447 1159 3517 cimus,
1199 3462 1341 3521 quousque
1368 3447 1460 3505 locum
1486 3462 1568 3520 quern
1592 3447 1645 3505 sub
1671 3446 1786 3504 crimine
1801 3455 1861 3504 tarn

207 3553 273 3597 cens
280 3539 440 3612 religionem
456 3538 553 3616 (forte,
566 3539 715 3612 regionem)
729 3540 923 3612 transalpinam
936 3555 1006 3597 con·
1059 3541 1218 3600 ambitionis
1241 3557 1325 3617 quem
1338 3540 1540 3612 inobedientia,
1560 3541 1634 3615 quod
1646 3549 1688 3599 est
1701 3541 1790 3599 scelus
1799 3540 1861 3599 ido·

206 3641 308 3690 tereret
321 3639 349 3689 et
372 3633 559 3701 conculcarem
586 3633 724 3689 neminem
738 3632 846 3690 debitus
860 3634 939 3703 ordo,
957 3635 1005 3690 ho
1060 3632 1185 3704 lolatriae,
1204 3635 1297 3704 caedit,
1318 3637 1500 3709 resipiscendo
1518 3651 1576 3694 non
1588 3636 1700 3693 desem.
1724 3636 1858 3693 Similiter

205 3742 257 3782 nor
271 3734 319 3783 aut
338 3727 488 3783 reverentia
509 3733 649 3795 tueretur;
677 3733 704 3783 et
723 3726 762 3782 uti
774 3727 834 3784 vilia
860 3729 1005 3803 mancipia,
1060 3730 1141 3811 etiarn
1155 3729 1371 3788 deinfcrioribus
1395 3730 1584 3788 ecclesiasticis
1597 3728 1777 3803 dignitatibus
1795 3745 1860 3788 con·

205 3835 262 3877 non
277 3818 361 3876 modo
374 3819 528 3877 sacerdotes
541 3820 679 3891 etclerici,
701 3821 894 3878 verumetiam
914 3824 1005 3880 erchi—
1059 3823 1211 3882 stituimus.
1239 3826 1310 3882 ftcm
1323 3825 1346 3882 si
1359 3825 1421 3898 quis
1441 3824 1650 3898 imperatorum,
1675 3806 1783 3897 regum',
1805 3823 1858 3881 du·

205 3913 324 3986 episcopi
340 3920 369 3971 et
392 3914 511 3986 episcopi
525 3923 700 3987 caperentur,
717 3914 885 3988 vinculisque
900 3918 1003 3974 manci·
1059 3934 1138 3989 cum,
1156 3918 1362 3990 marchionum,
1376 3919 1529 3990 comitum,
1553 3919 1593 3975 vel
1605 3918 1790 3992 quarumlibet
1806 3932 1858 3974 sse-

204 4015 344 4080 parentur,
355 4009 509 4081 partimque
516 4007 725 4065 trucidarentur.
739 4012 926 4067 Decreverunt
938 4026 1004 4085 ergo
1057 4012 1190 4071 cularium
1210 4023 1375 4087 potestatum
1400 4022 1448 4071 aut
1469 4028 1652 4087 personarum
1666 4012 1857 4069 investituram

205 4101 394 4175 quamplures
417 4101 535 4173 concilii,
561 4102 588 4159 in
601 4102 675 4160 illius
698 4103 870 4176 tyrannidem
882 4104 1004 4177 gladium
1059 4107 1229 4181 episcopatus
1243 4108 1283 4166 vel
1303 4107 1418 4182 alicujus
1430 4107 1619 4165 ecclesiastica
1632 4106 1771 4181 dignitatis
1790 4104 1858 4164 dare

204 4195 387 4269 apostolicum
401 4195 501 4254 debere
522 4196 672 4271 evaginari;
699 4197 747 4254 sed
765 4198 869 4256 distulit
889 4206 1004 4272 aposto·
1058 4201 1273 4275 praesumpserit,
1294 4201 1419 4275 eiusdem
1434 4201 1575 4259 sententiae
1588 4201 1696 4258 vinculo
1718 4217 1748 4258 se
1762 4200 1858 4258 obstri-

205 4290 257 4349 lica
270 4290 463 4349 mansuetudo.
482 4293 646 4349 iuraverunt
667 4291 753 4366 igitur
781 4292 860 4367 legati
888 4295 1002 4352 Henrici
1058 4303 1133 4353 ctum
1148 4311 1207 4352 esse
1229 4296 1340 4353 sentiat.
1363 4298 1480 4369 lnsuper
1491 4296 1576 4354 ctiam
1589 4295 1643 4354 nisi
1663 4294 1816 4368 resipiscat,
1830 4301 1859 4353 et

202 4384 360 4459 regisillud,
372 4385 447 4459 quod
465 4386 493 4442 in
508 4386 683 4460 sequentibus
702 4387 834 4460 scriptum
848 4388 1001 4462 reperitur3
1059 4387 1185 4446 Ecclesiae
1194 4389 1332 4462 propriam
1344 4389 1496 4447 libertatem
1508 4389 1637 4461 dimittat,
1651 4388 1749 4447 divinas
1767 4390 1856 4446 anim·

204 4480 298 4555 Legati
323 4480 436 4538 Domini
457 4480 512 4537 mei
540 4480 575 4536 ad
601 4496 650 4537 vos
673 4482 781 4539 venient
807 4481 876 4540 infra
904 4483 1001 4539 termi·
1016 4490 1042 4552 Ι)
1055 4482 1224 4540 adversionis
1240 4483 1370 4541 ultionem
1392 4484 1420 4541 in
1434 4484 1486 4541 hac
1512 4483 1638 4557 praesenti
1654 4484 1718 4553 vite,
1743 4491 1802 4540 tam
1828 4483 1856 4539 in

204 4587 273 4630 num
281 4574 447 4632 ascensionis
458 4573 570 4631 Domini
582 4576 668 4647 (184),
684 4585 797 4649 excepta
807 4577 907 4649 maiori
921 4577 962 4641 v'n
973 4575 1001 4634 id
1057 4592 1171 4651 corpore
1191 4593 1273 4651 quam
1286 4577 1315 4634 in
1334 4578 1441 4637 caetcris
1467 4579 1548 4636 rebus
1567 4579 1625 4636 suis
1649 4577 1758 4648 sentiat,
1782 4578 1856 4635 utin

202 4674 246 4724 est
259 4675 347 4724 morte
362 4668 403 4724 vel
419 4664 494 4740 gravi
520 4667 679 4726 infirmitate
702 4671 744 4727 vel
757 4670 882 4745 captione
899 4671 1002 4744 absque
1054 4671 1170 4757 adventu
1185 4672 1299 4729 Domini
1321 4673 1439 4748 Spiritus
1453 4673 1543 4730 salvus
1564 4671 1621 4729 fiat.

172 4756 275 4830 .·dolo,
290 4758 337 4833 qui
363 4761 466 4837 legatos
490 4764 625 4821 Romanas
639 4763 769 4822 Ecclesia
796 4780 891 4823 secure
904 4763 1004 4822 ducent
1092 4768 1399 4826 ta.1temsententiam
1415 4767 1593 4842 depositienis
1613 4773 1641 4823 et
1663 4762 1855 4824 excommuni-

201 4862 229 4911 et
242 4853 374 4914 reducent
384 4875 392 4925 ;
402 4865 435 4919 ‚et
447 4858 583 4915 Dominus
598 4861 658 4916 Rex
675 4859 729 4917 erit
741 4858 872 4917 obediens
883 4859 947 4929 illis,
960 4874 1002 4916 se·
1053 4859 1240 4935 cationis,jam
1251 4862 1413 4938 plerumque
1421 4861 1514 4919 datam
1521 4860 1746 4920 inTbecdaldum
1752 4859 1856 4917 Medio·

201 4947 323 5006 cundum
332 4949 468 5023 justitiam
478 4959 506 5009 et
515 4951 649 5026 judicium
665 4954 790 5023 illorum;
801 4952 896 5012 ethaec
908 4953 1001 5011 omnia
1053 4953 1193 5013 fanensem
1206 4954 1313 5014 dictum
1322 4957 1569 5031 archiepiscopum,
1582 4965 1611 5014 et
1619 4955 1789 5015 Guibertum
1799 4956 1856 5012 Ra·

200 5041 390 5115 absquedolo,
409 5045 462 5102 nisi
487 5055 621 5120 quantum
647 5064 680 5105 ex
693 5046 818 5121 jussione
845 5055 935 5104 vestra
959 5063 1000 5104 re·
1052 5051 1406 5122 vcnmtemetttolandum
1415 5050 1615 5110 Tarvisiensem
1623 5049 1820 5109 confirmamus
1828 5056 1857 5105 et

200 5138 343 5195 manserit.
358 5141 393 5196 lit
403 5138 464 5197 brec
473 5140 537 5213 juro
561 5157 595 5198 ex
609 5150 748 5215 praecepto
763 5140 869 5199 domini
886 5142 941 5198 mei
954 5156 1001 5197 re·
1052 5146 1263 5204 corroboramus
1272 5166 1280 5218 3
1290 5154 1318 5205 et
1327 5148 1440 5203 Petrum
1450 5145 1516 5202 olim
1525 5145 1722 5204 Redonensem
1736 5143 1855 5212 (liuthe-

199 5229 240 5302 gis
253 5231 376 5288 Henrici.
396 5232 550 5308 itidemque
572 5233 712 5307 Rodulpbi
727 5232 802 5306 quod
813 5234 937 5307 sequitur
952 5236 998 5294 :Si
1052 5238 1115 5312 neo)
1125 5239 1293 5314 episcopum,
1315 5254 1389 5296 nunc
1400 5247 1494 5299 autem
1521 5225 1709 5299 Narbonensis
1723 5237 1855 5296 Ecclesiae

199 5323 368 5398 colloquium
382 5342 416 5405 ex
444 5336 533 5385 vestro
554 5333 694 5402 praeccpto
719 5327 903 5413 constitutum
917 5327 1000 5390 fuerit
1051 5331 1214 5408 invasorem,
1230 5333 1288 5408 pari
1310 5333 1442 5392 macnus
1460 5333 1637 5394 damnamus.
1653 5332 1763 5392 ltemsl
1791 5330 1855 5407 quis

235 5508 309 5582 (iss)
322 5510 452 5568 moenaio
475 5511 600 5595 Domini,
622 5525 740 5595 ¹eoanno
764 5526 818 5583 quo
831 5512 999 5598 celebratum
1051 5515 1169 5590 sbyteris
1192 5516 1373 5576 deliberatum
1391 5520 1438 5588 sit,
1464 5524 1559 5578 Utrum
1585 5520 1653 5575 bono
1679 5498 1855 5593 εεσῆρίατεω

200 5588 243 5638 est
256 5581 366 5638 Paschae
380 5590 414 5666 st
427 5585 530 5652 llartrt,
547 5582 643 5640 rucrdrt
656 5598 684 5638 vn
694 5583 766 5640 dvem
779 5588 796 5637 2
808 5586 883 5643 ldau.
1048 5591 1157 5663 possint
1166 5593 1234 5661 poni
1247 5592 1277 5646 ic
1286 5595 1403 5664 pipnore
1435 5588 1756 5664 ropccuniocolliqurls,
1767 5589 1806 5646 cd
1814 5605 1858 5647 rs-

236 5652 796 5739 (185)Addrt·13abbeus,eodemcecovt
817 5659 907 5715 Nouos
921 5661 999 5734 Maii,
1051 5662 1201 5719 cistercium
1217 5663 1345 5721 liutberto
1355 5608 1565 5736 arciepiscopi
1575 5665 1740 5736 Roucwuti,
1753 5666 1856 5722 Domo

198 5723 316 5782 alterum
332 5725 497 5797 Concrlrum,
517 5741 547 5782 vn
566 5741 621 5801 quo
646 5742 740 5784 coram
754 5733 936 5799 quatucrEi
969 5751 999 5792 o·
1051 5750 1117 5793 uoto
1133 5733 1227 5794 &dem
1248 5736 1507 5795 commemorati.

198 5795 249 5868 pis,
261 5796 386 5870 pluribus
404 5797 612 5873 cudinslibn
630 5798 795 5872 Abbatibus,
808 5800 838 5860 0
854 5807 911 5862 Arc
1243 5798 1288 5925 '4
1620 5803 1654 5816 ‘⁶
1758 5868 1805 5973 ,ι
