<?xml version="1.0" encoding="UTF-8"?>
<!DOCTYPE html PUBLIC "-//W3C//DTD XHTML 1.0 Transitional//EN"
    "http://www.w3.org/TR/xhtml1/DTD/xhtml1-transitional.dtd">
<html xmlns="http://www.w3.org/1999/xhtml" xml:lang="en" lang="en">
 <head>
  <title>
</title>
<meta http-equiv="Content-Type" content="text/html;charset=utf-8" />
  <meta name='ocr-system' content='tesseract 3.04.00' />
  <meta name='ocr-capabilities' content='ocr_page ocr_carea ocr_par ocr_line ocrx_word'/>
</head>
<body>
  <div class='ocr_page' id='page_1' title='image "./patrologiaecurs02unkngoog_0217.png"; bbox 0 0 3870 6164; ppageno 0'>
   <div class='ocr_carea' id='block_1_1' title="bbox 242 192 1889 297">
    <p class='ocr_par' dir='ltr' id='par_1_1' title="bbox 242 192 1889 297">
     <span class='ocr_line' id='line_1_1' title="bbox 242 192 1889 297; baseline -0.004 0"><span class='ocrx_word' id='word_1_1' title='bbox 242 240 293 297; x_wconf 73' lang='grc'><strong>423</strong></span> <span class='ocrx_word' id='word_1_2' title='bbox 505 256 509 267; x_wconf 90' lang='grc'><strong><em>·</em></strong></span> <span class='ocrx_word' id='word_1_3' title='bbox 583 234 613 291; x_wconf 82' lang='lat' dir='ltr'><strong>S.</strong></span> <span class='ocrx_word' id='word_1_4' title='bbox 632 192 793 291; x_wconf 66' lang='lat' dir='ltr'><strong>suadenti</strong></span> <span class='ocrx_word' id='word_1_5' title='bbox 813 233 858 288; x_wconf 91' lang='lat' dir='ltr'><strong>vll</strong></span> <span class='ocrx_word' id='word_1_6' title='bbox 876 232 973 287; x_wconf 74' lang='lat' dir='ltr'>PAPAE</span> <span class='ocrx_word' id='word_1_7' title='bbox 991 231 1129 288; x_wconf 71' lang='lat' dir='ltr'><strong>urescit</strong></span> <span class='ocrx_word' id='word_1_8' title='bbox 1148 232 1234 287; x_wconf 76' lang='lat' dir='ltr'><strong>enus</strong></span> <span class='ocrx_word' id='word_1_9' title='bbox 1253 233 1272 286; x_wconf 90' lang='lat' dir='ltr'><strong>l.</strong></span> <span class='ocrx_word' id='word_1_10' title='bbox 1292 262 1328 272; x_wconf 96' lang='lat'><em>-</em></span> <span class='ocrx_word' id='word_1_11' title='bbox 1346 232 1549 289; x_wconf 69' lang='lat' dir='ltr'><strong>REGISTRUM.</strong></span> <span class='ocrx_word' id='word_1_12' title='bbox 1808 192 1811 197; x_wconf 28' lang='grc' dir='ltr'>Ι</span> <span class='ocrx_word' id='word_1_13' title='bbox 1834 233 1889 291; x_wconf 72' lang='lat' dir='ltr'><strong>lsi</strong></span> 
     </span>
    </p>
   </div>
   <div class='ocr_carea' id='block_1_2' title="bbox 239 356 1891 1746">
    <p class='ocr_par' dir='ltr' id='par_1_2' title="bbox 239 356 1891 1746">
     <span class='ocr_line' id='line_1_2' title="bbox 242 356 1889 439; baseline -0.005 -16"><span class='ocrx_word' id='word_1_14' title='bbox 242 380 391 439; x_wconf 88' lang='lat' dir='ltr'><strong>scoponrm</strong></span> <span class='ocrx_word' id='word_1_15' title='bbox 412 362 508 437; x_wconf 75' lang='lat' dir='ltr'><strong>patriae</strong></span> <span class='ocrx_word' id='word_1_16' title='bbox 535 368 634 418; x_wconf 76' lang='lat' dir='ltr'><strong>verua</strong></span> <span class='ocrx_word' id='word_1_17' title='bbox 650 360 744 416; x_wconf 91' lang='lat' dir='ltr'><strong>limina</strong></span> <span class='ocrx_word' id='word_1_18' title='bbox 771 358 958 431; x_wconf 90' lang='lat' dir='ltr'><strong>apostolorum</strong></span> <span class='ocrx_word' id='word_1_19' title='bbox 975 356 1036 413; x_wconf 87' lang='lat' dir='ltr'><strong>visi·</strong></span> <span class='ocrx_word' id='word_1_20' title='bbox 1051 362 1078 423; x_wconf 77' lang='grc' dir='ltr'><strong>Α</strong></span> <span class='ocrx_word' id='word_1_21' title='bbox 1091 357 1172 415; x_wconf 86' lang='lat' dir='ltr'><strong>Unde</strong></span> <span class='ocrx_word' id='word_1_22' title='bbox 1190 365 1218 412; x_wconf 90' lang='lat' dir='ltr'><strong>et</strong></span> <span class='ocrx_word' id='word_1_23' title='bbox 1236 372 1301 423; x_wconf 86' lang='lat' dir='ltr'><strong>nos,</strong></span> <span class='ocrx_word' id='word_1_24' title='bbox 1312 357 1359 429; x_wconf 91' lang='lat' dir='ltr'><strong>qui</strong></span> <span class='ocrx_word' id='word_1_25' title='bbox 1382 356 1454 413; x_wconf 89' lang='lat' dir='ltr'><strong>illius</strong></span> <span class='ocrx_word' id='word_1_26' title='bbox 1468 357 1538 413; x_wconf 86' lang='lat' dir='ltr'><strong>serri</strong></span> <span class='ocrx_word' id='word_1_27' title='bbox 1558 356 1676 415; x_wconf 79' lang='lat' dir='ltr'><strong>dicimur</strong></span> <span class='ocrx_word' id='word_1_28' title='bbox 1688 366 1716 413; x_wconf 92' lang='lat' dir='ltr'><strong>et</strong></span> <span class='ocrx_word' id='word_1_29' title='bbox 1740 358 1889 430; x_wconf 70' lang='grc' dir='ltr'><strong>οιωωρὶ-</strong></span> 
     </span>
     <span class='ocr_line' id='line_1_3' title="bbox 244 449 1891 528; baseline -0.005 -12"><span class='ocrx_word' id='word_1_30' title='bbox 244 457 528 528; x_wconf 87' lang='lat' dir='ltr'><strong>tantiumaccepimus</strong></span> <span class='ocrx_word' id='word_1_31' title='bbox 541 454 673 528; x_wconf 87' lang='lat' dir='ltr'><strong>quosdam</strong></span> <span class='ocrx_word' id='word_1_32' title='bbox 688 461 865 525; x_wconf 88' lang='lat' dir='ltr'><strong>vestrumper</strong></span> <span class='ocrx_word' id='word_1_33' title='bbox 878 452 949 507; x_wconf 86' lang='lat' dir='ltr'><strong>viam</strong></span> <span class='ocrx_word' id='word_1_34' title='bbox 962 466 1037 506; x_wconf 88' lang='lat' dir='ltr'><strong>man·</strong></span> <span class='ocrx_word' id='word_1_35' title='bbox 1092 466 1164 516; x_wconf 87' lang='lat' dir='ltr'><strong>mus,</strong></span> <span class='ocrx_word' id='word_1_36' title='bbox 1176 459 1274 507; x_wconf 73' lang='lat' dir='ltr'><strong>restrae</strong></span> <span class='ocrx_word' id='word_1_37' title='bbox 1287 449 1414 507; x_wconf 87' lang='lat' dir='ltr'><strong>charitati</strong></span> <span class='ocrx_word' id='word_1_38' title='bbox 1426 450 1455 506; x_wconf 94' lang='lat' dir='ltr'><strong>in</strong></span> <span class='ocrx_word' id='word_1_39' title='bbox 1474 449 1581 508; x_wconf 88' lang='lat' dir='ltr'><strong>Christo</strong></span> <span class='ocrx_word' id='word_1_40' title='bbox 1601 450 1718 507; x_wconf 89' lang='lat' dir='ltr'><strong>connexi</strong></span> <span class='ocrx_word' id='word_1_41' title='bbox 1736 465 1844 519; x_wconf 89' lang='lat' dir='ltr'><strong>sumus,</strong></span> <span class='ocrx_word' id='word_1_42' title='bbox 1862 458 1891 507; x_wconf 89' lang='lat' dir='ltr'><strong>ct</strong></span> 
     </span>
     <span class='ocr_line' id='line_1_4' title="bbox 242 542 1890 620; baseline -0.007 -8"><span class='ocrx_word' id='word_1_43' title='bbox 242 553 368 612; x_wconf 90' lang='lat' dir='ltr'><strong>datorum</strong></span> <span class='ocrx_word' id='word_1_44' title='bbox 393 551 442 606; x_wconf 87' lang='lat' dir='ltr'><strong>Dei</strong></span> <span class='ocrx_word' id='word_1_45' title='bbox 475 548 616 617; x_wconf 75' lang='lat' dir='ltr'>incedere,</span> <span class='ocrx_word' id='word_1_46' title='bbox 650 545 785 620; x_wconf 87' lang='lat' dir='ltr'><strong>quosdam</strong></span> <span class='ocrx_word' id='word_1_47' title='bbox 807 561 871 601; x_wconf 83' lang='lat' dir='ltr'><strong>vero</strong></span> <span class='ocrx_word' id='word_1_48' title='bbox 901 544 1039 601; x_wconf 75' lang='lat' dir='ltr'><strong>nonnullis</strong></span> <span class='ocrx_word' id='word_1_49' title='bbox 1091 560 1186 600; x_wconf 91' lang='lat' dir='ltr'><strong>curam</strong></span> <span class='ocrx_word' id='word_1_50' title='bbox 1200 543 1356 610; x_wconf 90' lang='lat' dir='ltr'><strong>ministerii,</strong></span> <span class='ocrx_word' id='word_1_51' title='bbox 1370 543 1405 601; x_wconf 87' lang='lat' dir='ltr'><strong>nd</strong></span> <span class='ocrx_word' id='word_1_52' title='bbox 1418 543 1495 617; x_wconf 92' lang='lat' dir='ltr'><strong>qnod</strong></span> <span class='ocrx_word' id='word_1_53' title='bbox 1508 544 1560 601; x_wconf 92' lang='lat' dir='ltr'><strong>sub</strong></span> <span class='ocrx_word' id='word_1_54' title='bbox 1575 542 1731 601; x_wconf 84' lang='lat' dir='ltr'><strong>ohedientia</strong></span> <span class='ocrx_word' id='word_1_55' title='bbox 1744 543 1890 616; x_wconf 84' lang='lat' dir='ltr'><strong>apostoh&#39;ci</strong></span> 
     </span>
     <span class='ocr_line' id='line_1_5' title="bbox 242 636 1890 720; baseline -0.006 -17"><span class='ocrx_word' id='word_1_56' title='bbox 242 646 366 720; x_wconf 88' lang='lat' dir='ltr'><strong>periculis</strong></span> <span class='ocrx_word' id='word_1_57' title='bbox 388 645 460 701; x_wconf 88' lang='lat' dir='ltr'><strong>male</strong></span> <span class='ocrx_word' id='word_1_58' title='bbox 490 643 606 701; x_wconf 87' lang='lat' dir='ltr'><strong>vivendo</strong></span> <span class='ocrx_word' id='word_1_59' title='bbox 621 641 774 713; x_wconf 83' lang='lat' dir='ltr'><strong>subjacere,</strong></span> <span class='ocrx_word' id='word_1_60' title='bbox 800 639 954 695; x_wconf 90' lang='lat' dir='ltr'><strong>studuimus</strong></span> <span class='ocrx_word' id='word_1_61' title='bbox 990 652 1038 693; x_wconf 86' lang='lat' dir='ltr'><strong>vos</strong></span> <span class='ocrx_word' id='word_1_62' title='bbox 1092 638 1260 710; x_wconf 81' lang='lat' dir='ltr'><strong>principatus</strong></span> <span class='ocrx_word' id='word_1_63' title='bbox 1279 638 1389 694; x_wconf 87' lang='lat' dir='ltr'><strong>occulta</strong></span> <span class='ocrx_word' id='word_1_64' title='bbox 1408 638 1457 693; x_wconf 86' lang='lat' dir='ltr'><strong>Dei</strong></span> <span class='ocrx_word' id='word_1_65' title='bbox 1473 637 1718 709; x_wconf 84' lang='lat' dir='ltr'><strong>dispensationes,</strong></span> <span class='ocrx_word' id='word_1_66' title='bbox 1736 637 1801 694; x_wconf 86' lang='lat' dir='ltr'><strong>licet</strong></span> <span class='ocrx_word' id='word_1_67' title='bbox 1818 636 1890 695; x_wconf 91' lang='lat' dir='ltr'><strong>indi·</strong></span> 
     </span>
     <span class='ocr_line' id='line_1_6' title="bbox 242 730 1889 811; baseline -0.004 -16"><span class='ocrx_word' id='word_1_68' title='bbox 242 748 352 811; x_wconf 92' lang='lat' dir='ltr'><strong>patema</strong></span> <span class='ocrx_word' id='word_1_69' title='bbox 366 738 498 794; x_wconf 77' lang='lat' dir='ltr'><strong>charitate</strong></span> <span class='ocrx_word' id='word_1_70' title='bbox 512 738 885 805; x_wconf 83' lang='lat' dir='ltr'><strong>commonera.quatenusel</strong></span> <span class='ocrx_word' id='word_1_71' title='bbox 899 732 962 787; x_wconf 92' lang='lat' dir='ltr'><strong>boni</strong></span> <span class='ocrx_word' id='word_1_72' title='bbox 978 744 1036 785; x_wconf 89' lang='lat' dir='ltr'><strong>me·</strong></span> <span class='ocrx_word' id='word_1_73' title='bbox 1091 746 1170 802; x_wconf 91' lang='lat' dir='ltr'><strong>gnos,</strong></span> <span class='ocrx_word' id='word_1_74' title='bbox 1192 730 1329 788; x_wconf 85' lang='lat' dir='ltr'><strong>ordinarit</strong></span> <span class='ocrx_word' id='word_1_75' title='bbox 1343 739 1427 803; x_wconf 88' lang='lat' dir='ltr'><strong>atque</strong></span> <span class='ocrx_word' id='word_1_76' title='bbox 1448 731 1602 801; x_wconf 88' lang='lat' dir='ltr'><strong>constitnit,</strong></span> <span class='ocrx_word' id='word_1_77' title='bbox 1622 731 1651 787; x_wconf 94' lang='lat' dir='ltr'><strong>in</strong></span> <span class='ocrx_word' id='word_1_78' title='bbox 1671 746 1703 787; x_wconf 88' lang='lat' dir='ltr'><strong>ea</strong></span> <span class='ocrx_word' id='word_1_79' title='bbox 1725 738 1813 803; x_wconf 85' lang='lat' dir='ltr'><strong>parta,</strong></span> <span class='ocrx_word' id='word_1_80' title='bbox 1833 746 1889 805; x_wconf 77' lang='lat' dir='ltr'><strong>qua</strong></span> 
     </span>
     <span class='ocr_line' id='line_1_7' title="bbox 241 823 1886 903; baseline -0.004 -16"><span class='ocrx_word' id='word_1_81' title='bbox 241 833 323 889; x_wconf 89' lang='lat' dir='ltr'><strong>liores</strong></span> <span class='ocrx_word' id='word_1_82' title='bbox 338 831 419 900; x_wconf 86' lang='lat' dir='ltr'><strong>fiant,</strong></span> <span class='ocrx_word' id='word_1_83' title='bbox 435 831 522 903; x_wconf 90' lang='lat' dir='ltr'><strong>etqui</strong></span> <span class='ocrx_word' id='word_1_84' title='bbox 540 827 786 902; x_wconf 81' lang='lat' dir='ltr'><strong>reprehensibiliter</strong></span> <span class='ocrx_word' id='word_1_85' title='bbox 810 827 905 883; x_wconf 85' lang='lat' dir='ltr'><strong>vivunt</strong></span> <span class='ocrx_word' id='word_1_86' title='bbox 920 825 1036 895; x_wconf 87' lang='lat' dir='ltr'><strong>irrepre-</strong></span> <span class='ocrx_word' id='word_1_87' title='bbox 1092 824 1168 880; x_wconf 89' lang='lat' dir='ltr'><strong>vobis</strong></span> <span class='ocrx_word' id='word_1_88' title='bbox 1181 825 1367 881; x_wconf 89' lang='lat' dir='ltr'><strong>necessarium</strong></span> <span class='ocrx_word' id='word_1_89' title='bbox 1379 834 1407 882; x_wconf 92' lang='lat' dir='ltr'><strong>et</strong></span> <span class='ocrx_word' id='word_1_90' title='bbox 1425 825 1572 881; x_wconf 86' lang='lat' dir='ltr'><strong>honestum</strong></span> <span class='ocrx_word' id='word_1_91' title='bbox 1585 823 1645 881; x_wconf 86' lang='lat' dir='ltr'><strong>iore</strong></span> <span class='ocrx_word' id='word_1_92' title='bbox 1661 823 1886 896; x_wconf 74' lang='lat' dir='ltr'><strong>cognoverimus,</strong></span> 
     </span>
     <span class='ocr_line' id='line_1_8' title="bbox 240 917 1888 991; baseline -0.004 -9"><span class='ocrx_word' id='word_1_93' title='bbox 240 925 388 982; x_wconf 90' lang='lat' dir='ltr'><strong>hensibiles</strong></span> <span class='ocrx_word' id='word_1_94' title='bbox 413 940 443 981; x_wconf 91' lang='lat' dir='ltr'><strong>se</strong></span> <span class='ocrx_word' id='word_1_95' title='bbox 476 923 630 980; x_wconf 84' lang='lat' dir='ltr'><strong>exhibeant.</strong></span> <span class='ocrx_word' id='word_1_96' title='bbox 659 921 782 977; x_wconf 87' lang='lat' dir='ltr'><strong>Primum</strong></span> <span class='ocrx_word' id='word_1_97' title='bbox 809 919 910 975; x_wconf 83' lang='lat' dir='ltr'><strong>scilicet</strong></span> <span class='ocrx_word' id='word_1_98' title='bbox 935 934 984 973; x_wconf 88' lang='lat' dir='ltr'><strong>vos</strong></span> <span class='ocrx_word' id='word_1_99' title='bbox 1003 932 1037 972; x_wconf 88' lang='lat' dir='ltr'><strong>ex</strong></span> <span class='ocrx_word' id='word_1_100' title='bbox 1091 925 1168 974; x_wconf 91' lang='lat' dir='ltr'><strong>tanto</strong></span> <span class='ocrx_word' id='word_1_101' title='bbox 1196 918 1338 976; x_wconf 85' lang='lat' dir='ltr'><strong>sollicitius</strong></span> <span class='ocrx_word' id='word_1_102' title='bbox 1361 918 1439 974; x_wconf 85' lang='lat' dir='ltr'><strong>robis</strong></span> <span class='ocrx_word' id='word_1_103' title='bbox 1469 917 1602 989; x_wconf 87' lang='lat' dir='ltr'><strong>impartiri</strong></span> <span class='ocrx_word' id='word_1_104' title='bbox 1635 917 1760 991; x_wconf 91' lang='lat' dir='ltr'><strong>cupimus</strong></span> <span class='ocrx_word' id='word_1_105' title='bbox 1781 926 1888 991; x_wconf 90' lang='lat' dir='ltr'><strong>quanto</strong></span> 
     </span>
     <span class='ocr_line' id='line_1_9' title="bbox 241 1008 1889 1086; baseline -0.004 -10"><span class='ocrx_word' id='word_1_106' title='bbox 241 1028 300 1076; x_wconf 92' lang='lat' dir='ltr'><strong>toto</strong></span> <span class='ocrx_word' id='word_1_107' title='bbox 314 1018 406 1086; x_wconf 89' lang='lat' dir='ltr'><strong>corde,</strong></span> <span class='ocrx_word' id='word_1_108' title='bbox 425 1026 499 1074; x_wconf 90' lang='lat' dir='ltr'><strong>etex</strong></span> <span class='ocrx_word' id='word_1_109' title='bbox 513 1024 571 1073; x_wconf 89' lang='lat' dir='ltr'><strong>tota</strong></span> <span class='ocrx_word' id='word_1_110' title='bbox 585 1016 687 1081; x_wconf 89' lang='lat' dir='ltr'><strong>anima,</strong></span> <span class='ocrx_word' id='word_1_111' title='bbox 702 1023 730 1071; x_wconf 89' lang='lat' dir='ltr'><strong>et</strong></span> <span class='ocrx_word' id='word_1_112' title='bbox 743 1030 774 1070; x_wconf 86' lang='lat' dir='ltr'><strong>ex</strong></span> <span class='ocrx_word' id='word_1_113' title='bbox 787 1012 864 1069; x_wconf 90' lang='lat' dir='ltr'><strong>omni</strong></span> <span class='ocrx_word' id='word_1_114' title='bbox 874 1012 974 1068; x_wconf 84' lang='lat' dir='ltr'><strong>virtute</strong></span> <span class='ocrx_word' id='word_1_115' title='bbox 988 1025 1034 1066; x_wconf 85' lang='lat' dir='ltr'><strong>re·</strong></span> <span class='ocrx_word' id='word_1_116' title='bbox 1091 1008 1174 1067; x_wconf 87' lang='lat' dir='ltr'><strong>fidem</strong></span> <span class='ocrx_word' id='word_1_117' title='bbox 1188 1011 1390 1068; x_wconf 80' lang='lat' dir='ltr'><strong>et&#39;charitatem</strong></span> <span class='ocrx_word' id='word_1_118' title='bbox 1404 1021 1521 1068; x_wconf 80' lang='lat' dir='ltr'><strong>vestram</strong></span> <span class='ocrx_word' id='word_1_119' title='bbox 1536 1010 1605 1069; x_wconf 89' lang='lat' dir='ltr'><strong>etin</strong></span> <span class='ocrx_word' id='word_1_120' title='bbox 1624 1010 1780 1068; x_wconf 89' lang='lat' dir='ltr'><strong>obediendo</strong></span> <span class='ocrx_word' id='word_1_121' title='bbox 1795 1027 1889 1084; x_wconf 92' lang='lat' dir='ltr'><strong>prom·</strong></span> 
     </span>
     <span class='ocr_line' id='line_1_10' title="bbox 240 1104 1886 1182; baseline -0.005 -12"><span class='ocrx_word' id='word_1_122' title='bbox 240 1122 295 1170; x_wconf 89' lang='lat' dir='ltr'><strong>stra</strong></span> <span class='ocrx_word' id='word_1_123' title='bbox 308 1116 398 1169; x_wconf 89' lang='lat' dir='ltr'><strong>Deum</strong></span> <span class='ocrx_word' id='word_1_124' title='bbox 413 1120 440 1168; x_wconf 93' lang='lat' dir='ltr'><strong>et</strong></span> <span class='ocrx_word' id='word_1_125' title='bbox 454 1110 610 1182; x_wconf 92' lang='lat' dir='ltr'><strong>proximum</strong></span> <span class='ocrx_word' id='word_1_126' title='bbox 623 1109 694 1165; x_wconf 92' lang='lat' dir='ltr'><strong>sicut</strong></span> <span class='ocrx_word' id='word_1_127' title='bbox 710 1107 889 1179; x_wconf 79' lang='lat' dir='ltr'><strong>vosmetipsos</strong></span> <span class='ocrx_word' id='word_1_128' title='bbox 913 1105 1035 1179; x_wconf 87' lang='lat' dir='ltr'><strong>diligere,</strong></span> <span class='ocrx_word' id='word_1_129' title='bbox 1090 1104 1255 1176; x_wconf 88' lang='lat' dir='ltr'><strong>pliorem,et</strong></span> <span class='ocrx_word' id='word_1_130' title='bbox 1268 1107 1297 1162; x_wconf 95' lang='lat' dir='ltr'><strong>in</strong></span> <span class='ocrx_word' id='word_1_131' title='bbox 1314 1104 1497 1179; x_wconf 89' lang='lat' dir='ltr'><strong>promerendo</strong></span> <span class='ocrx_word' id='word_1_132' title='bbox 1514 1104 1682 1162; x_wconf 80' lang='lat' dir='ltr'><strong>devotiorem</strong></span> <span class='ocrx_word' id='word_1_133' title='bbox 1697 1105 1886 1179; x_wconf 76' lang='lat' dir='ltr'><strong>intelligimus.</strong></span> 
     </span>
     <span class='ocr_line' id='line_1_11' title="bbox 242 1199 1888 1279; baseline -0.003 -17"><span class='ocrx_word' id='word_1_134' title='bbox 242 1222 347 1279; x_wconf 86' lang='lat' dir='ltr'><strong>pacem,</strong></span> <span class='ocrx_word' id='word_1_135' title='bbox 362 1206 419 1262; x_wconf 90' lang='lat' dir='ltr'><strong>sine</strong></span> <span class='ocrx_word' id='word_1_136' title='bbox 431 1220 483 1277; x_wconf 93' lang='lat' dir='ltr'><strong>qua</strong></span> <span class='ocrx_word' id='word_1_137' title='bbox 495 1219 577 1259; x_wconf 89' lang='lat' dir='ltr'><strong>nemo</strong></span> <span class='ocrx_word' id='word_1_138' title='bbox 591 1205 682 1258; x_wconf 88' lang='lat' dir='ltr'><strong>Deum</strong></span> <span class='ocrx_word' id='word_1_139' title='bbox 696 1200 808 1269; x_wconf 84' lang='lat' dir='ltr'><strong>videbit,</strong></span> <span class='ocrx_word' id='word_1_140' title='bbox 823 1201 896 1257; x_wconf 89' lang='lat' dir='ltr'><strong>inter</strong></span> <span class='ocrx_word' id='word_1_141' title='bbox 910 1215 959 1255; x_wconf 88' lang='lat' dir='ltr'><strong>ros</strong></span> <span class='ocrx_word' id='word_1_142' title='bbox 973 1215 1037 1256; x_wconf 88' lang='lat' dir='ltr'><strong>con·</strong></span> <span class='ocrx_word' id='word_1_143' title='bbox 1090 1201 1193 1257; x_wconf 90' lang='lat' dir='ltr'><strong>Verum</strong></span> <span class='ocrx_word' id='word_1_144' title='bbox 1207 1202 1269 1272; x_wconf 87' lang='lat' dir='ltr'><strong>quia</strong></span> <span class='ocrx_word' id='word_1_145' title='bbox 1291 1201 1454 1258; x_wconf 76' lang='lat' dir='ltr'><strong>Christianae</strong></span> <span class='ocrx_word' id='word_1_146' title='bbox 1480 1199 1620 1273; x_wconf 86' lang='lat' dir='ltr'><strong>religionis</strong></span> <span class='ocrx_word' id='word_1_147' title='bbox 1634 1199 1703 1257; x_wconf 91' lang='lat' dir='ltr'><strong>ordo</strong></span> <span class='ocrx_word' id='word_1_148' title='bbox 1724 1207 1753 1256; x_wconf 87' lang='lat' dir='ltr'><strong>et</strong></span> <span class='ocrx_word' id='word_1_149' title='bbox 1770 1199 1888 1273; x_wconf 74' lang='lat' dir='ltr'><strong>provida</strong></span> 
     </span>
     <span class='ocr_line' id='line_1_12' title="bbox 240 1293 1890 1368; baseline -0.002 -14"><span class='ocrx_word' id='word_1_150' title='bbox 240 1300 363 1367; x_wconf 77' lang='lat' dir='ltr'><strong>nituere,</strong></span> <span class='ocrx_word' id='word_1_151' title='bbox 378 1312 435 1353; x_wconf 92' lang='lat' dir='ltr'><strong>non</strong></span> <span class='ocrx_word' id='word_1_152' title='bbox 449 1295 539 1353; x_wconf 88' lang='lat' dir='ltr'><strong>solnm</strong></span> <span class='ocrx_word' id='word_1_153' title='bbox 550 1296 675 1361; x_wconf 84' lang='lat' dir='ltr'><strong>clericos,</strong></span> <span class='ocrx_word' id='word_1_154' title='bbox 688 1293 734 1350; x_wconf 89' lang='lat' dir='ltr'><strong>sed</strong></span> <span class='ocrx_word' id='word_1_155' title='bbox 750 1302 778 1351; x_wconf 91' lang='lat' dir='ltr'><strong>et</strong></span> <span class='ocrx_word' id='word_1_156' title='bbox 789 1294 873 1350; x_wconf 88' lang='lat' dir='ltr'><strong>laicos</strong></span> <span class='ocrx_word' id='word_1_157' title='bbox 881 1294 1035 1349; x_wconf 85' lang='lat' dir='ltr'><strong>castitatem</strong></span> <span class='ocrx_word' id='word_1_158' title='bbox 1090 1294 1257 1368; x_wconf 83' lang='lat' dir='ltr'><strong>dispensatio</strong></span> <span class='ocrx_word' id='word_1_159' title='bbox 1278 1295 1313 1351; x_wconf 91' lang='lat' dir='ltr'><strong>ab</strong></span> <span class='ocrx_word' id='word_1_160' title='bbox 1335 1295 1377 1352; x_wconf 89' lang='lat' dir='ltr'><strong>his</strong></span> <span class='ocrx_word' id='word_1_161' title='bbox 1396 1295 1564 1367; x_wconf 90' lang='lat' dir='ltr'><strong>permaxime</strong></span> <span class='ocrx_word' id='word_1_162' title='bbox 1588 1304 1650 1367; x_wconf 91' lang='lat' dir='ltr'><strong>post</strong></span> <span class='ocrx_word' id='word_1_163' title='bbox 1675 1297 1768 1351; x_wconf 87' lang='lat' dir='ltr'><strong>Deum</strong></span> <span class='ocrx_word' id='word_1_164' title='bbox 1786 1293 1890 1367; x_wconf 87' lang='lat' dir='ltr'><strong>pendet</strong></span> 
     </span>
     <span class='ocr_line' id='line_1_13' title="bbox 240 1387 1889 1462; baseline -0.001 -14"><span class='ocrx_word' id='word_1_165' title='bbox 240 1407 359 1459; x_wconf 83' lang='lat' dir='ltr'><strong>servare,</strong></span> <span class='ocrx_word' id='word_1_166' title='bbox 374 1390 494 1448; x_wconf 86' lang='lat' dir='ltr'><strong>decimas</strong></span> <span class='ocrx_word' id='word_1_167' title='bbox 509 1393 583 1457; x_wconf 87' lang='lat' dir='ltr'><strong>Deo,</strong></span> <span class='ocrx_word' id='word_1_168' title='bbox 598 1405 613 1444; x_wconf 96' lang='lat' dir='ltr'><strong>a</strong></span> <span class='ocrx_word' id='word_1_169' title='bbox 630 1404 684 1460; x_wconf 93' lang='lat' dir='ltr'><strong>quo</strong></span> <span class='ocrx_word' id='word_1_170' title='bbox 700 1388 952 1460; x_wconf 87' lang='lat' dir='ltr'><strong>tumvitamquam</strong></span> <span class='ocrx_word' id='word_1_171' title='bbox 973 1387 1036 1444; x_wconf 79' lang='lat' dir='ltr'><strong>vitre</strong></span> <span class='ocrx_word' id='word_1_172' title='bbox 1089 1390 1135 1460; x_wconf 91' lang='lat' dir='ltr'><strong>qui</strong></span> <span class='ocrx_word' id='word_1_173' title='bbox 1161 1389 1299 1446; x_wconf 90' lang='lat' dir='ltr'><strong>Dominici</strong></span> <span class='ocrx_word' id='word_1_174' title='bbox 1321 1390 1410 1461; x_wconf 86' lang='lat' dir='ltr'><strong>gregis</strong></span> <span class='ocrx_word' id='word_1_175' title='bbox 1433 1398 1557 1462; x_wconf 87' lang='lat' dir='ltr'><strong>pastores</strong></span> <span class='ocrx_word' id='word_1_176' title='bbox 1584 1398 1613 1446; x_wconf 92' lang='lat' dir='ltr'><strong>et</strong></span> <span class='ocrx_word' id='word_1_177' title='bbox 1632 1394 1753 1447; x_wconf 88' lang='lat' dir='ltr'><strong>rectores</strong></span> <span class='ocrx_word' id='word_1_178' title='bbox 1778 1391 1889 1447; x_wconf 82' lang='lat' dir='ltr'><strong>essori-</strong></span> 
     </span>
     <span class='ocr_line' id='line_1_14' title="bbox 240 1481 1886 1558; baseline 0 -17"><span class='ocrx_word' id='word_1_179' title='bbox 240 1485 470 1541; x_wconf 87' lang='lat' dir='ltr'><strong>sustentationem</strong></span> <span class='ocrx_word' id='word_1_180' title='bbox 494 1483 650 1553; x_wconf 86' lang='lat' dir='ltr'><strong>suscipitis,</strong></span> <span class='ocrx_word' id='word_1_181' title='bbox 673 1481 789 1538; x_wconf 88' lang='lat' dir='ltr'><strong>lideliter</strong></span> <span class='ocrx_word' id='word_1_182' title='bbox 816 1481 892 1547; x_wconf 85' lang='lat' dir='ltr'><strong>dare,</strong></span> <span class='ocrx_word' id='word_1_183' title='bbox 919 1481 1036 1537; x_wconf 87' lang='lat' dir='ltr'><strong>ecclesiis</strong></span> <span class='ocrx_word' id='word_1_184' title='bbox 1089 1483 1202 1552; x_wconf 89' lang='lat' dir='ltr'><strong>dentur,</strong></span> <span class='ocrx_word' id='word_1_185' title='bbox 1225 1484 1292 1541; x_wconf 94' lang='lat' dir='ltr'><strong>illud</strong></span> <span class='ocrx_word' id='word_1_186' title='bbox 1316 1484 1397 1541; x_wconf 92' lang='lat' dir='ltr'><strong>nobis</strong></span> <span class='ocrx_word' id='word_1_187' title='bbox 1416 1484 1503 1556; x_wconf 92' lang='lat' dir='ltr'><strong>primo</strong></span> <span class='ocrx_word' id='word_1_188' title='bbox 1528 1483 1729 1541; x_wconf 90' lang='lat' dir='ltr'><strong>attendendum</strong></span> <span class='ocrx_word' id='word_1_189' title='bbox 1749 1483 1886 1558; x_wconf 85' lang='lat' dir='ltr'><strong>estquod</strong></span> 
     </span>
     <span class='ocr_line' id='line_1_15' title="bbox 240 1574 1889 1649; baseline 0 -15"><span class='ocrx_word' id='word_1_190' title='bbox 240 1579 336 1634; x_wconf 90' lang='lat' dir='ltr'><strong>restris</strong></span> <span class='ocrx_word' id='word_1_191' title='bbox 353 1577 476 1633; x_wconf 89' lang='lat' dir='ltr'><strong>debitum</strong></span> <span class='ocrx_word' id='word_1_192' title='bbox 503 1577 639 1633; x_wconf 86' lang='lat' dir='ltr'><strong>honorem</strong></span> <span class='ocrx_word' id='word_1_193' title='bbox 667 1574 837 1647; x_wconf 88' lang='lat' dir='ltr'><strong>impendere,</strong></span> <span class='ocrx_word' id='word_1_194' title='bbox 856 1575 1035 1648; x_wconf 84' lang='lat' dir='ltr'><strong>eleemosynis</strong></span> <span class='ocrx_word' id='word_1_195' title='bbox 1090 1577 1220 1649; x_wconf 89' lang='lat' dir='ltr'><strong>episcopi,</strong></span> <span class='ocrx_word' id='word_1_196' title='bbox 1235 1584 1316 1634; x_wconf 84' lang='lat' dir='ltr'><strong>terrae</strong></span> <span class='ocrx_word' id='word_1_197' title='bbox 1329 1585 1429 1634; x_wconf 77' lang='lat' dir='ltr'><strong>vestras</strong></span> <span class='ocrx_word' id='word_1_198' title='bbox 1443 1592 1499 1634; x_wconf 92' lang='lat' dir='ltr'><strong>non</strong></span> <span class='ocrx_word' id='word_1_199' title='bbox 1511 1576 1643 1634; x_wconf 86' lang='lat' dir='ltr'><strong>habentes</strong></span> <span class='ocrx_word' id='word_1_200' title='bbox 1657 1586 1763 1634; x_wconf 88' lang='lat' dir='ltr'><strong>certum</strong></span> <span class='ocrx_word' id='word_1_201' title='bbox 1784 1585 1889 1634; x_wconf 88' lang='lat' dir='ltr'><strong>metro-</strong></span> 
     </span>
     <span class='ocr_line' id='line_1_16' title="bbox 239 1667 1884 1746; baseline -0.001 -18"><span class='ocrx_word' id='word_1_202' title='bbox 239 1680 321 1744; x_wconf 89' lang='lat' dir='ltr'><strong>atque</strong></span> <span class='ocrx_word' id='word_1_203' title='bbox 334 1670 510 1742; x_wconf 88' lang='lat' dir='ltr'><strong>hospitalitati</strong></span> <span class='ocrx_word' id='word_1_204' title='bbox 528 1668 626 1726; x_wconf 87' lang='lat' dir='ltr'><strong>devote</strong></span> <span class='ocrx_word' id='word_1_205' title='bbox 636 1668 772 1725; x_wconf 88' lang='lat' dir='ltr'><strong>insistere.</strong></span> <span class='ocrx_word' id='word_1_206' title='bbox 786 1670 853 1725; x_wconf 83' lang='lat' dir='ltr'><strong>liaec</strong></span> <span class='ocrx_word' id='word_1_207' title='bbox 867 1677 895 1725; x_wconf 90' lang='lat' dir='ltr'><strong>et</strong></span> <span class='ocrx_word' id='word_1_208' title='bbox 908 1667 950 1724; x_wconf 90' lang='lat' dir='ltr'><strong>his</strong></span> <span class='ocrx_word' id='word_1_209' title='bbox 961 1668 1036 1724; x_wconf 89' lang='lat' dir='ltr'><strong>simi·</strong></span> <span class='ocrx_word' id='word_1_210' title='bbox 1090 1672 1218 1743; x_wconf 84' lang='lat' dir='ltr'><strong>politanae</strong></span> <span class='ocrx_word' id='word_1_211' title='bbox 1232 1669 1306 1727; x_wconf 91' lang='lat' dir='ltr'><strong>sedis</strong></span> <span class='ocrx_word' id='word_1_212' title='bbox 1328 1673 1429 1739; x_wconf 89' lang='lat' dir='ltr'><strong>locum,</strong></span> <span class='ocrx_word' id='word_1_213' title='bbox 1451 1672 1560 1729; x_wconf 90' lang='lat' dir='ltr'><strong>necsub</strong></span> <span class='ocrx_word' id='word_1_214' title='bbox 1576 1671 1666 1745; x_wconf 90' lang='lat' dir='ltr'><strong>aliquo</strong></span> <span class='ocrx_word' id='word_1_215' title='bbox 1689 1671 1769 1744; x_wconf 90' lang='lat' dir='ltr'><strong>positi</strong></span> <span class='ocrx_word' id='word_1_216' title='bbox 1796 1671 1884 1746; x_wconf 86' lang='lat' dir='ltr'><strong>magi·</strong></span> 
     </span>
    </p>
   </div>
   <div class='ocr_carea' id='block_1_3' title="bbox 238 1763 1038 2861">
    <p class='ocr_par' dir='ltr' id='par_1_3' title="bbox 238 1763 1038 2861">
     <span class='ocr_line' id='line_1_17' title="bbox 239 1763 1034 1837; baseline -0.006 -15"><span class='ocrx_word' id='word_1_217' title='bbox 239 1765 286 1834; x_wconf 90' lang='lat' dir='ltr'><strong>lia,</strong></span> <span class='ocrx_word' id='word_1_218' title='bbox 301 1763 409 1837; x_wconf 83' lang='lat' dir='ltr'><strong>qumod</strong></span> <span class='ocrx_word' id='word_1_219' title='bbox 422 1763 540 1819; x_wconf 88' lang='lat' dir='ltr'><strong>salntem</strong></span> <span class='ocrx_word' id='word_1_220' title='bbox 552 1763 707 1818; x_wconf 89' lang='lat' dir='ltr'><strong>animarum</strong></span> <span class='ocrx_word' id='word_1_221' title='bbox 722 1770 875 1819; x_wconf 85' lang='lat' dir='ltr'><strong>vestrarum</strong></span> <span class='ocrx_word' id='word_1_222' title='bbox 887 1763 1034 1835; x_wconf 88' lang='lat' dir='ltr'><strong>pertinent,</strong></span> 
     </span>
     <span class='ocr_line' id='line_1_18' title="bbox 238 1855 1037 1931; baseline -0.005 -16"><span class='ocrx_word' id='word_1_223' title='bbox 238 1858 301 1915; x_wconf 90' lang='lat' dir='ltr'><strong>licet</strong></span> <span class='ocrx_word' id='word_1_224' title='bbox 314 1857 458 1931; x_wconf 85' lang='lat' dir='ltr'><strong>pontifices</strong></span> <span class='ocrx_word' id='word_1_225' title='bbox 470 1865 574 1913; x_wconf 86' lang='lat' dir='ltr'><strong>vestros</strong></span> <span class='ocrx_word' id='word_1_226' title='bbox 587 1855 754 1912; x_wconf 83' lang='lat' dir='ltr'><strong>sullicienter</strong></span> <span class='ocrx_word' id='word_1_227' title='bbox 768 1856 838 1912; x_wconf 90' lang='lat' dir='ltr'><strong>scire</strong></span> <span class='ocrx_word' id='word_1_228' title='bbox 848 1872 880 1912; x_wconf 92' lang='lat' dir='ltr'><strong>ac</strong></span> <span class='ocrx_word' id='word_1_229' title='bbox 900 1856 976 1912; x_wconf 85' lang='lat' dir='ltr'><strong>robis</strong></span> <span class='ocrx_word' id='word_1_230' title='bbox 995 1855 1037 1911; x_wconf 91' lang='lat' dir='ltr'><strong>in·</strong></span> 
     </span>
     <span class='ocr_line' id='line_1_19' title="bbox 239 1944 1036 2023; baseline -0.001 -17"><span class='ocrx_word' id='word_1_231' title='bbox 239 1952 347 2008; x_wconf 90' lang='lat' dir='ltr'><strong>sinuare</strong></span> <span class='ocrx_word' id='word_1_232' title='bbox 359 1968 416 2008; x_wconf 95' lang='lat' dir='ltr'><strong>non</strong></span> <span class='ocrx_word' id='word_1_233' title='bbox 429 1951 602 2023; x_wconf 79' lang='lat' dir='ltr'><strong>ignoremus,</strong></span> <span class='ocrx_word' id='word_1_234' title='bbox 616 1944 787 2021; x_wconf 85' lang='lat' dir='ltr'><strong>tamen&#39;qnia</strong></span> <span class='ocrx_word' id='word_1_235' title='bbox 802 1950 883 2006; x_wconf 82' lang='lat' dir='ltr'><strong>rerba</strong></span> <span class='ocrx_word' id='word_1_236' title='bbox 895 1957 988 2005; x_wconf 90' lang='lat' dir='ltr'><strong>nostra</strong></span> <span class='ocrx_word' id='word_1_237' title='bbox 1003 1965 1036 2005; x_wconf 89' lang='lat' dir='ltr'><strong>ex</strong></span> 
     </span>
     <span class='ocr_line' id='line_1_20' title="bbox 240 2042 1037 2115; baseline -0.001 -15"><span class='ocrx_word' id='word_1_238' title='bbox 240 2045 390 2101; x_wconf 84' lang='lat' dir='ltr'><strong>reverentia</strong></span> <span class='ocrx_word' id='word_1_239' title='bbox 408 2044 480 2099; x_wconf 90' lang='lat' dir='ltr'><strong>beati</strong></span> <span class='ocrx_word' id='word_1_240' title='bbox 496 2043 567 2098; x_wconf 82' lang='lat' dir='ltr'><strong>Petri</strong></span> <span class='ocrx_word' id='word_1_241' title='bbox 584 2051 691 2098; x_wconf 92' lang='lat' dir='ltr'><strong>constat</strong></span> <span class='ocrx_word' id='word_1_242' title='bbox 702 2059 750 2097; x_wconf 89' lang='lat' dir='ltr'><strong>ros</strong></span> <span class='ocrx_word' id='word_1_243' title='bbox 760 2042 869 2099; x_wconf 91' lang='lat' dir='ltr'><strong>charius</strong></span> <span class='ocrx_word' id='word_1_244' title='bbox 884 2051 967 2115; x_wconf 88' lang='lat' dir='ltr'><strong>atque</strong></span> <span class='ocrx_word' id='word_1_245' title='bbox 980 2043 1037 2099; x_wconf 87' lang='lat' dir='ltr'><strong>avi·</strong></span> 
     </span>
     <span class='ocr_line' id='line_1_21' title="bbox 239 2135 1035 2208; baseline -0.001 -15"><span class='ocrx_word' id='word_1_246' title='bbox 239 2135 300 2193; x_wconf 89' lang='lat' dir='ltr'><strong>dius</strong></span> <span class='ocrx_word' id='word_1_247' title='bbox 320 2136 453 2207; x_wconf 89' lang='lat' dir='ltr'><strong>recipere,</strong></span> <span class='ocrx_word' id='word_1_248' title='bbox 469 2136 525 2208; x_wconf 87' lang='lat' dir='ltr'><strong>ipsa</strong></span> <span class='ocrx_word' id='word_1_249' title='bbox 547 2142 634 2191; x_wconf 82' lang='lat' dir='ltr'><strong>rostra</strong></span> <span class='ocrx_word' id='word_1_250' title='bbox 653 2135 782 2191; x_wconf 89' lang='lat' dir='ltr'><strong>audiendi</strong></span> <span class='ocrx_word' id='word_1_251' title='bbox 796 2136 911 2192; x_wconf 88' lang='lat' dir='ltr'><strong>aviditas</strong></span> <span class='ocrx_word' id='word_1_252' title='bbox 926 2152 987 2208; x_wconf 82' lang='lat' dir='ltr'><strong>quac</strong></span> <span class='ocrx_word' id='word_1_253' title='bbox 1001 2136 1035 2192; x_wconf 86' lang='lat' dir='ltr'><strong>ab</strong></span> 
     </span>
     <span class='ocr_line' id='line_1_22' title="bbox 239 2227 1038 2302; baseline -0.001 -16"><span class='ocrx_word' id='word_1_254' title='bbox 239 2230 299 2286; x_wconf 87' lang='lat' dir='ltr'><strong>aliis</strong></span> <span class='ocrx_word' id='word_1_255' title='bbox 312 2228 371 2286; x_wconf 90' lang='lat' dir='ltr'><strong>dari</strong></span> <span class='ocrx_word' id='word_1_256' title='bbox 387 2238 503 2302; x_wconf 92' lang='lat' dir='ltr'><strong>possunt</strong></span> <span class='ocrx_word' id='word_1_257' title='bbox 518 2244 569 2283; x_wconf 93' lang='lat' dir='ltr'><strong>nos</strong></span> <span class='ocrx_word' id='word_1_258' title='bbox 583 2227 749 2284; x_wconf 89' lang='lat' dir='ltr'><strong>documenta</strong></span> <span class='ocrx_word' id='word_1_259' title='bbox 763 2227 828 2284; x_wconf 91' lang='lat' dir='ltr'><strong>dare</strong></span> <span class='ocrx_word' id='word_1_260' title='bbox 842 2229 992 2302; x_wconf 91' lang='lat' dir='ltr'><strong>compellit,</strong></span> <span class='ocrx_word' id='word_1_261' title='bbox 1006 2238 1038 2285; x_wconf 89' lang='lat' dir='ltr'><strong>ut</strong></span> 
     </span>
     <span class='ocr_line' id='line_1_23' title="bbox 240 2319 1037 2380; baseline 0 -1"><span class='ocrx_word' id='word_1_262' title='bbox 240 2330 318 2379; x_wconf 92' lang='lat' dir='ltr'><strong>tanto</strong></span> <span class='ocrx_word' id='word_1_263' title='bbox 334 2321 478 2379; x_wconf 88' lang='lat' dir='ltr'><strong>sollicitius</strong></span> <span class='ocrx_word' id='word_1_264' title='bbox 502 2320 579 2376; x_wconf 87' lang='lat' dir='ltr'><strong>robis</strong></span> <span class='ocrx_word' id='word_1_265' title='bbox 592 2319 718 2376; x_wconf 90' lang='lat' dir='ltr'><strong>debitum</strong></span> <span class='ocrx_word' id='word_1_266' title='bbox 746 2319 897 2377; x_wconf 87' lang='lat' dir='ltr'><strong>reddamus</strong></span> <span class='ocrx_word' id='word_1_267' title='bbox 911 2322 1037 2380; x_wconf 89' lang='lat' dir='ltr'><strong>exhorta·</strong></span> 
     </span>
     <span class='ocr_line' id='line_1_24' title="bbox 240 2413 1035 2488; baseline 0.003 -17"><span class='ocrx_word' id='word_1_268' title='bbox 240 2416 324 2473; x_wconf 89' lang='lat' dir='ltr'><strong>tionis</strong></span> <span class='ocrx_word' id='word_1_269' title='bbox 348 2423 454 2488; x_wconf 91' lang='lat' dir='ltr'><strong>quanto</strong></span> <span class='ocrx_word' id='word_1_270' title='bbox 467 2414 576 2470; x_wconf 89' lang='lat' dir='ltr'><strong>beatum</strong></span> <span class='ocrx_word' id='word_1_271' title='bbox 599 2416 708 2469; x_wconf 88' lang='lat' dir='ltr'><strong>Petrum</strong></span> <span class='ocrx_word' id='word_1_272' title='bbox 728 2414 755 2469; x_wconf 95' lang='lat' dir='ltr'><strong>in</strong></span> <span class='ocrx_word' id='word_1_273' title='bbox 768 2413 864 2470; x_wconf 87' lang='lat' dir='ltr'><strong>eadem</strong></span> <span class='ocrx_word' id='word_1_274' title='bbox 881 2425 974 2472; x_wconf 90' lang='lat' dir='ltr'><strong>nostra</strong></span> <span class='ocrx_word' id='word_1_275' title='bbox 988 2431 1035 2473; x_wconf 86' lang='lat' dir='ltr'><strong>ex·</strong></span> 
     </span>
     <span class='ocr_line' id='line_1_25' title="bbox 240 2507 1036 2581; baseline 0.001 -16"><span class='ocrx_word' id='word_1_276' title='bbox 240 2509 398 2566; x_wconf 88' lang='lat' dir='ltr'><strong>hortatione</strong></span> <span class='ocrx_word' id='word_1_277' title='bbox 415 2508 543 2565; x_wconf 80' lang='lat' dir='ltr'><strong>devotius</strong></span> <span class='ocrx_word' id='word_1_278' title='bbox 569 2507 719 2563; x_wconf 90' lang='lat' dir='ltr'><strong>attenditis.</strong></span> <span class='ocrx_word' id='word_1_279' title='bbox 744 2508 903 2581; x_wconf 88' lang='lat' dir='ltr'><strong>vosigitur,</strong></span> <span class='ocrx_word' id='word_1_280' title='bbox 918 2508 1036 2566; x_wconf 89' lang='lat' dir='ltr'><strong>dilectis·</strong></span> 
     </span>
     <span class='ocr_line' id='line_1_26' title="bbox 240 2598 1035 2671; baseline -0.001 -12"><span class='ocrx_word' id='word_1_281' title='bbox 240 2603 310 2670; x_wconf 91' lang='lat' dir='ltr'><strong>siml,</strong></span> <span class='ocrx_word' id='word_1_282' title='bbox 335 2602 451 2658; x_wconf 87' lang='lat' dir='ltr'><strong>carnalia</strong></span> <span class='ocrx_word' id='word_1_283' title='bbox 467 2599 600 2657; x_wconf 89' lang='lat' dir='ltr'><strong>desideria</strong></span> <span class='ocrx_word' id='word_1_284' title='bbox 627 2598 723 2671; x_wconf 89' lang='lat' dir='ltr'><strong>iugite,</strong></span> <span class='ocrx_word' id='word_1_285' title='bbox 737 2600 770 2656; x_wconf 95' lang='lat' dir='ltr'><strong>ad</strong></span> <span class='ocrx_word' id='word_1_286' title='bbox 785 2600 904 2658; x_wconf 87' lang='lat' dir='ltr'><strong>ooelestia</strong></span> <span class='ocrx_word' id='word_1_287' title='bbox 918 2610 945 2658; x_wconf 90' lang='lat' dir='ltr'><strong>et</strong></span> <span class='ocrx_word' id='word_1_288' title='bbox 962 2618 1035 2660; x_wconf 93' lang='lat' dir='ltr'><strong>sem·</strong></span> 
     </span>
     <span class='ocr_line' id='line_1_27' title="bbox 239 2693 1035 2770; baseline 0.001 -18"><span class='ocrx_word' id='word_1_289' title='bbox 239 2712 289 2769; x_wconf 90' lang='lat' dir='ltr'><strong>per</strong></span> <span class='ocrx_word' id='word_1_290' title='bbox 300 2695 429 2752; x_wconf 87' lang='lat' dir='ltr'><strong>duratura</strong></span> <span class='ocrx_word' id='word_1_291' title='bbox 446 2694 539 2765; x_wconf 79' lang='lat' dir='ltr'><strong>patries</strong></span> <span class='ocrx_word' id='word_1_292' title='bbox 554 2693 674 2749; x_wconf 86' lang='lat' dir='ltr'><strong>coelestis</strong></span> <span class='ocrx_word' id='word_1_293' title='bbox 690 2694 788 2765; x_wconf 84' lang='lat' dir='ltr'><strong>gaudia</strong></span> <span class='ocrx_word' id='word_1_294' title='bbox 810 2704 920 2753; x_wconf 86' lang='lat' dir='ltr'><strong>mentes</strong></span> <span class='ocrx_word' id='word_1_295' title='bbox 931 2696 1035 2770; x_wconf 88' lang='lat' dir='ltr'><strong>erigite,</strong></span> 
     </span>
     <span class='ocr_line' id='line_1_28' title="bbox 240 2787 1035 2861; baseline 0.003 -16"><span class='ocrx_word' id='word_1_296' title='bbox 240 2788 350 2845; x_wconf 89' lang='lat' dir='ltr'><strong>beatum</strong></span> <span class='ocrx_word' id='word_1_297' title='bbox 369 2792 492 2855; x_wconf 84' lang='lat' dir='ltr'><strong>Petrum,</strong></span> <span class='ocrx_word' id='word_1_298' title='bbox 506 2787 549 2844; x_wconf 92' lang='lat' dir='ltr'><strong>cui</strong></span> <span class='ocrx_word' id='word_1_299' title='bbox 567 2802 582 2842; x_wconf 91' lang='lat' dir='ltr'><strong>a</strong></span> <span class='ocrx_word' id='word_1_300' title='bbox 598 2790 656 2843; x_wconf 88' lang='lat' dir='ltr'><strong>Deo</strong></span> <span class='ocrx_word' id='word_1_301' title='bbox 673 2795 792 2858; x_wconf 87' lang='lat' dir='ltr'><strong>potestas</strong></span> <span class='ocrx_word' id='word_1_302' title='bbox 806 2789 993 2861; x_wconf 88' lang='lat' dir='ltr'><strong>principaliter</strong></span> <span class='ocrx_word' id='word_1_303' title='bbox 1006 2799 1035 2847; x_wconf 85' lang='lat' dir='ltr'><strong>et</strong></span> 
     </span>
    </p>
   </div>
   <div class='ocr_carea' id='block_1_4' title="bbox 1089 1763 1890 2876">
    <p class='ocr_par' dir='ltr' id='par_1_4' title="bbox 1089 1763 1890 2876">
     <span class='ocr_line' id='line_1_29' title="bbox 1089 1763 1888 1840; baseline -0.001 -18"><span class='ocrx_word' id='word_1_304' title='bbox 1089 1766 1182 1833; x_wconf 82' lang='lat' dir='ltr'><strong>sterio,</strong></span> <span class='ocrx_word' id='word_1_305' title='bbox 1197 1765 1252 1822; x_wconf 94' lang='lat' dir='ltr'><strong>huc</strong></span> <span class='ocrx_word' id='word_1_306' title='bbox 1271 1774 1299 1822; x_wconf 91' lang='lat' dir='ltr'><strong>el</strong></span> <span class='ocrx_word' id='word_1_307' title='bbox 1312 1766 1375 1823; x_wconf 91' lang='lat' dir='ltr'><strong>illuc</strong></span> <span class='ocrx_word' id='word_1_308' title='bbox 1389 1782 1439 1840; x_wconf 90' lang='lat' dir='ltr'><strong>pro</strong></span> <span class='ocrx_word' id='word_1_309' title='bbox 1453 1783 1501 1823; x_wconf 87' lang='lat' dir='ltr'><strong>sua</strong></span> <span class='ocrx_word' id='word_1_310' title='bbox 1517 1766 1633 1839; x_wconf 89' lang='lat' dir='ltr'><strong>quisquo</strong></span> <span class='ocrx_word' id='word_1_311' title='bbox 1652 1763 1828 1823; x_wconf 88' lang='lat' dir='ltr'><strong>ordinatione</strong></span> <span class='ocrx_word' id='word_1_312' title='bbox 1844 1781 1888 1821; x_wconf 89' lang='lat' dir='ltr'><strong>ra·</strong></span> 
     </span>
     <span class='ocr_line' id='line_1_30' title="bbox 1090 1858 1887 1930; baseline 0.005 -19"><span class='ocrx_word' id='word_1_313' title='bbox 1090 1865 1194 1929; x_wconf 84' lang='lat' dir='ltr'><strong>ganres,</strong></span> <span class='ocrx_word' id='word_1_314' title='bbox 1210 1858 1281 1915; x_wconf 91' lang='lat' dir='ltr'><strong>ultra</strong></span> <span class='ocrx_word' id='word_1_315' title='bbox 1298 1860 1406 1930; x_wconf 84' lang='lat' dir='ltr'><strong>regulas</strong></span> <span class='ocrx_word' id='word_1_316' title='bbox 1418 1867 1446 1915; x_wconf 90' lang='lat' dir='ltr'><strong>ct</strong></span> <span class='ocrx_word' id='word_1_317' title='bbox 1459 1859 1567 1916; x_wconf 90' lang='lat' dir='ltr'><strong>decreta</strong></span> <span class='ocrx_word' id='word_1_318' title='bbox 1579 1867 1740 1915; x_wconf 90' lang='lat' dir='ltr'><strong>sanctorum</strong></span> <span class='ocrx_word' id='word_1_319' title='bbox 1766 1860 1887 1915; x_wconf 87' lang='lat' dir='ltr'><strong>Patrum</strong></span> 
     </span>
     <span class='ocr_line' id='line_1_31' title="bbox 1091 1951 1889 2026; baseline 0.001 -19"><span class='ocrx_word' id='word_1_320' title='bbox 1091 1952 1166 2009; x_wconf 87' lang='lat' dir='ltr'><strong>liberi</strong></span> <span class='ocrx_word' id='word_1_321' title='bbox 1184 1961 1248 2010; x_wconf 93' lang='lat' dir='ltr'><strong>sunt</strong></span> <span class='ocrx_word' id='word_1_322' title='bbox 1267 1962 1295 2009; x_wconf 90' lang='lat' dir='ltr'><strong>et</strong></span> <span class='ocrx_word' id='word_1_323' title='bbox 1308 1954 1436 2011; x_wconf 88' lang='lat' dir='ltr'><strong>absoluti.</strong></span> <span class='ocrx_word' id='word_1_324' title='bbox 1455 1953 1562 2011; x_wconf 88' lang='lat' dir='ltr'><strong>Deinde</strong></span> <span class='ocrx_word' id='word_1_325' title='bbox 1575 1968 1638 2009; x_wconf 85' lang='lat' dir='ltr'><strong>vero</strong></span> <span class='ocrx_word' id='word_1_326' title='bbox 1652 1951 1725 2026; x_wconf 90' lang='lat' dir='ltr'><strong>qnod</strong></span> <span class='ocrx_word' id='word_1_327' title='bbox 1740 1952 1816 2008; x_wconf 92' lang='lat' dir='ltr'><strong>inter</strong></span> <span class='ocrx_word' id='word_1_328' title='bbox 1826 1960 1889 2009; x_wconf 86' lang='lat' dir='ltr'><strong>tan·</strong></span> 
     </span>
     <span class='ocr_line' id='line_1_32' title="bbox 1090 2046 1889 2120; baseline 0 -17"><span class='ocrx_word' id='word_1_329' title='bbox 1090 2056 1147 2103; x_wconf 85' lang='lat' dir='ltr'><strong>tarn</strong></span> <span class='ocrx_word' id='word_1_330' title='bbox 1170 2047 1317 2104; x_wconf 90' lang='lat' dir='ltr'><strong>bominum</strong></span> <span class='ocrx_word' id='word_1_331' title='bbox 1335 2047 1542 2105; x_wconf 87' lang='lat' dir='ltr'><strong>multitudinem</strong></span> <span class='ocrx_word' id='word_1_332' title='bbox 1556 2048 1626 2105; x_wconf 90' lang='lat' dir='ltr'><strong>adeo</strong></span> <span class='ocrx_word' id='word_1_333' title='bbox 1647 2046 1726 2120; x_wconf 90' lang='lat' dir='ltr'><strong>pauci</strong></span> <span class='ocrx_word' id='word_1_334' title='bbox 1742 2055 1808 2104; x_wconf 91' lang='lat' dir='ltr'><strong>sunt</strong></span> <span class='ocrx_word' id='word_1_335' title='bbox 1832 2046 1889 2120; x_wconf 88' lang='lat' dir='ltr'><strong>epi·</strong></span> 
     </span>
     <span class='ocr_line' id='line_1_33' title="bbox 1090 2141 1885 2215; baseline 0.003 -19"><span class='ocrx_word' id='word_1_336' title='bbox 1090 2141 1165 2212; x_wconf 90' lang='lat' dir='ltr'><strong>scopi</strong></span> <span class='ocrx_word' id='word_1_337' title='bbox 1179 2150 1206 2198; x_wconf 90' lang='lat' dir='ltr'><strong>et</strong></span> <span class='ocrx_word' id='word_1_338' title='bbox 1219 2141 1318 2213; x_wconf 77' lang='lat' dir='ltr'><strong>amplae</strong></span> <span class='ocrx_word' id='word_1_339' title='bbox 1340 2142 1511 2215; x_wconf 90' lang='lat' dir='ltr'><strong>singulorum</strong></span> <span class='ocrx_word' id='word_1_340' title='bbox 1532 2142 1667 2214; x_wconf 87' lang='lat' dir='ltr'><strong>parochiae</strong></span> <span class='ocrx_word' id='word_1_341' title='bbox 1682 2150 1714 2197; x_wconf 90' lang='lat' dir='ltr'><strong>ut</strong></span> <span class='ocrx_word' id='word_1_342' title='bbox 1737 2142 1767 2198; x_wconf 92' lang='lat' dir='ltr'><strong>in</strong></span> <span class='ocrx_word' id='word_1_343' title='bbox 1788 2141 1885 2215; x_wconf 86' lang='lat' dir='ltr'><strong>subje-</strong></span> 
     </span>
     <span class='ocr_line' id='line_1_34' title="bbox 1090 2235 1889 2310; baseline 0.004 -20"><span class='ocrx_word' id='word_1_344' title='bbox 1090 2237 1140 2292; x_wconf 88' lang='lat' dir='ltr'><strong>ctis</strong></span> <span class='ocrx_word' id='word_1_345' title='bbox 1164 2236 1288 2309; x_wconf 88' lang='lat' dir='ltr'><strong>plebibus</strong></span> <span class='ocrx_word' id='word_1_346' title='bbox 1313 2253 1407 2294; x_wconf 89' lang='lat' dir='ltr'><strong>curam</strong></span> <span class='ocrx_word' id='word_1_347' title='bbox 1435 2237 1594 2310; x_wconf 90' lang='lat' dir='ltr'><strong>episcopalis</strong></span> <span class='ocrx_word' id='word_1_348' title='bbox 1618 2235 1889 2293; x_wconf 83' lang='lat' dir='ltr'><strong>ofliciinnilatenns</strong></span> 
     </span>
     <span class='ocr_line' id='line_1_35' title="bbox 1090 2329 1888 2405; baseline -0.004 -17"><span class='ocrx_word' id='word_1_349' title='bbox 1090 2331 1198 2403; x_wconf 83' lang='lat' dir='ltr'><strong>exsequi</strong></span> <span class='ocrx_word' id='word_1_350' title='bbox 1217 2340 1266 2389; x_wconf 92' lang='lat' dir='ltr'><strong>aut</strong></span> <span class='ocrx_word' id='word_1_351' title='bbox 1283 2331 1336 2388; x_wconf 91' lang='lat' dir='ltr'><strong>rite</strong></span> <span class='ocrx_word' id='word_1_352' title='bbox 1355 2330 1545 2389; x_wconf 88' lang='lat' dir='ltr'><strong>administrare</strong></span> <span class='ocrx_word' id='word_1_353' title='bbox 1568 2330 1686 2387; x_wconf 86' lang='lat' dir='ltr'><strong>valeant.</strong></span> <span class='ocrx_word' id='word_1_354' title='bbox 1708 2333 1764 2387; x_wconf 88' lang='lat' dir='ltr'><strong>Pro</strong></span> <span class='ocrx_word' id='word_1_355' title='bbox 1778 2329 1821 2387; x_wconf 93' lang='lat' dir='ltr'><strong>his</strong></span> <span class='ocrx_word' id='word_1_356' title='bbox 1833 2330 1888 2405; x_wconf 88' lang='lat' dir='ltr'><strong>igi-</strong></span> 
     </span>
     <span class='ocr_line' id='line_1_36' title="bbox 1091 2423 1889 2497; baseline 0.004 -19"><span class='ocrx_word' id='word_1_357' title='bbox 1091 2432 1135 2480; x_wconf 91' lang='lat' dir='ltr'><strong>tur</strong></span> <span class='ocrx_word' id='word_1_358' title='bbox 1148 2433 1176 2480; x_wconf 93' lang='lat' dir='ltr'><strong>et</strong></span> <span class='ocrx_word' id='word_1_359' title='bbox 1194 2425 1365 2493; x_wconf 90' lang='lat' dir='ltr'><strong>aliiscausis,</strong></span> <span class='ocrx_word' id='word_1_360' title='bbox 1389 2441 1458 2497; x_wconf 91' lang='lat' dir='ltr'><strong>quas</strong></span> <span class='ocrx_word' id='word_1_361' title='bbox 1472 2426 1518 2481; x_wconf 89' lang='lat' dir='ltr'><strong>bic</strong></span> <span class='ocrx_word' id='word_1_362' title='bbox 1530 2425 1652 2482; x_wconf 90' lang='lat' dir='ltr'><strong>scribere</strong></span> <span class='ocrx_word' id='word_1_363' title='bbox 1663 2423 1820 2491; x_wconf 91' lang='lat' dir='ltr'><strong>omisimus,</strong></span> <span class='ocrx_word' id='word_1_364' title='bbox 1835 2423 1889 2481; x_wconf 83' lang='lat' dir='ltr'><strong>bos</strong></span> 
     </span>
     <span class='ocr_line' id='line_1_37' title="bbox 1091 2517 1890 2592; baseline -0.001 -16"><span class='ocrx_word' id='word_1_365' title='bbox 1091 2520 1195 2592; x_wconf 85' lang='lat' dir='ltr'><strong>legatos</strong></span> <span class='ocrx_word' id='word_1_366' title='bbox 1210 2518 1244 2575; x_wconf 95' lang='lat' dir='ltr'><strong>ad</strong></span> <span class='ocrx_word' id='word_1_367' title='bbox 1264 2536 1312 2577; x_wconf 87' lang='lat' dir='ltr'><strong>ros</strong></span> <span class='ocrx_word' id='word_1_368' title='bbox 1325 2520 1488 2588; x_wconf 85' lang='lat' dir='ltr'><strong>direximus,</strong></span> <span class='ocrx_word' id='word_1_369' title='bbox 1511 2527 1647 2590; x_wconf 92' lang='lat' dir='ltr'><strong>quatenus</strong></span> <span class='ocrx_word' id='word_1_370' title='bbox 1661 2517 1804 2575; x_wconf 84' lang='lat' dir='ltr'><strong>vobiscum</strong></span> <span class='ocrx_word' id='word_1_371' title='bbox 1826 2533 1890 2591; x_wconf 89' lang='lat' dir='ltr'><strong>par·</strong></span> 
     </span>
     <span class='ocr_line' id='line_1_38' title="bbox 1090 2613 1890 2688; baseline -0.001 -18"><span class='ocrx_word' id='word_1_372' title='bbox 1090 2614 1211 2671; x_wconf 89' lang='lat' dir='ltr'><strong>tractatis</strong></span> <span class='ocrx_word' id='word_1_373' title='bbox 1231 2615 1347 2688; x_wconf 85' lang='lat' dir='ltr'><strong>negotiis</strong></span> <span class='ocrx_word' id='word_1_374' title='bbox 1369 2630 1430 2687; x_wconf 80' lang='lat' dir='ltr'><strong>quae</strong></span> <span class='ocrx_word' id='word_1_375' title='bbox 1453 2613 1489 2671; x_wconf 90' lang='lat' dir='ltr'><strong>ad</strong></span> <span class='ocrx_word' id='word_1_376' title='bbox 1512 2613 1722 2671; x_wconf 88' lang='lat' dir='ltr'><strong>ecclesiasticam</strong></span> <span class='ocrx_word' id='word_1_377' title='bbox 1745 2628 1844 2669; x_wconf 89' lang='lat' dir='ltr'><strong>curam</strong></span> <span class='ocrx_word' id='word_1_378' title='bbox 1862 2620 1890 2669; x_wconf 91' lang='lat' dir='ltr'><strong>et</strong></span> 
     </span>
     <span class='ocr_line' id='line_1_39' title="bbox 1090 2705 1888 2780; baseline -0.004 -14"><span class='ocrx_word' id='word_1_379' title='bbox 1090 2708 1302 2767; x_wconf 72' lang='lat' dir='ltr'><strong>aedificationem</strong></span> <span class='ocrx_word' id='word_1_380' title='bbox 1316 2708 1441 2780; x_wconf 86' lang='lat' dir='ltr'><strong>corporis</strong></span> <span class='ocrx_word' id='word_1_381' title='bbox 1464 2707 1566 2764; x_wconf 90' lang='lat' dir='ltr'><strong>Christi</strong></span> <span class='ocrx_word' id='word_1_382' title='bbox 1587 2706 1673 2780; x_wconf 91' lang='lat' dir='ltr'><strong>(quod</strong></span> <span class='ocrx_word' id='word_1_383' title='bbox 1695 2714 1736 2763; x_wconf 88' lang='lat' dir='ltr'><strong>ost</strong></span> <span class='ocrx_word' id='word_1_384' title='bbox 1765 2705 1888 2764; x_wconf 89' lang='lat' dir='ltr'><strong>iideiium</strong></span> 
     </span>
     <span class='ocr_line' id='line_1_40' title="bbox 1091 2799 1889 2876; baseline -0.006 -16"><span class='ocrx_word' id='word_1_385' title='bbox 1091 2803 1279 2876; x_wconf 88' lang='lat' dir='ltr'><strong>congregatio)</strong></span> <span class='ocrx_word' id='word_1_386' title='bbox 1299 2803 1435 2875; x_wconf 84' lang='lat' dir='ltr'><strong>pertinere</strong></span> <span class='ocrx_word' id='word_1_387' title='bbox 1467 2802 1603 2869; x_wconf 85' lang='lat' dir='ltr'><strong>ridentur,</strong></span> <span class='ocrx_word' id='word_1_388' title='bbox 1627 2815 1689 2874; x_wconf 70' lang='lat' dir='ltr'><strong>qnae</strong></span> <span class='ocrx_word' id='word_1_389' title='bbox 1713 2799 1889 2857; x_wconf 85' lang='lat' dir='ltr'><strong>emendanda</strong></span> 
     </span>
    </p>
   </div>
   <div class='ocr_carea' id='block_1_5' title="bbox 240 2881 1889 3060">
    <p class='ocr_par' dir='ltr' id='par_1_5' title="bbox 240 2881 1889 3060">
     <span class='ocr_line' id='line_1_41' title="bbox 240 2881 1888 2970; baseline 0.002 -34"><span class='ocrx_word' id='word_1_390' title='bbox 240 2882 352 2938; x_wconf 89' lang='lat' dir='ltr'><strong>interra</strong></span> <span class='ocrx_word' id='word_1_391' title='bbox 368 2881 466 2955; x_wconf 88' lang='lat' dir='ltr'><strong>ligandi</strong></span> <span class='ocrx_word' id='word_1_392' title='bbox 490 2887 573 2953; x_wconf 83' lang='lat' dir='ltr'><strong>atque</strong></span> <span class='ocrx_word' id='word_1_393' title='bbox 586 2881 706 2937; x_wconf 83' lang='lat' dir='ltr'><strong>solvendi</strong></span> <span class='ocrx_word' id='word_1_394' title='bbox 718 2881 781 2937; x_wconf 85' lang='lat' dir='ltr'><strong>dala</strong></span> <span class='ocrx_word' id='word_1_395' title='bbox 799 2889 850 2950; x_wconf 87' lang='lat' dir='ltr'><strong>est,</strong></span> <span class='ocrx_word' id='word_1_396' title='bbox 865 2882 1036 2940; x_wconf 81' lang='lat' dir='ltr'><strong>devotissimi</strong></span> <span class='ocrx_word' id='word_1_397' title='bbox 1090 2905 1167 2965; x_wconf 57' lang='lat' dir='ltr'><strong>gum,</strong></span> <span class='ocrx_word' id='word_1_398' title='bbox 1180 2907 1227 2953; x_wconf 58' lang='lat' dir='ltr'><strong>aut</strong></span> <span class='ocrx_word' id='word_1_399' title='bbox 1249 2896 1299 2968; x_wconf 66' lang='lat' dir='ltr'><strong>ipsi</strong></span> <span class='ocrx_word' id='word_1_400' title='bbox 1308 2896 1386 2970; x_wconf 69' lang='lat' dir='ltr'><strong>jum</strong></span> <span class='ocrx_word' id='word_1_401' title='bbox 1400 2904 1561 2952; x_wconf 61' lang='lat' dir='ltr'><strong>sanctorum</strong></span> <span class='ocrx_word' id='word_1_402' title='bbox 1573 2899 1686 2952; x_wconf 59' lang='lat' dir='ltr'><strong>patrum</strong></span> <span class='ocrx_word' id='word_1_403' title='bbox 1698 2903 1803 2952; x_wconf 65' lang='lat' dir='ltr'><strong>mea</strong></span> <span class='ocrx_word' id='word_1_404' title='bbox 1814 2892 1888 2951; x_wconf 64' lang='grc' dir='ltr'><strong>Μ.</strong></span> 
     </span>
     <span class='ocr_line' id='line_1_42' title="bbox 240 2972 1889 3060; baseline 0.001 -29"><span class='ocrx_word' id='word_1_405' title='bbox 240 2974 340 3031; x_wconf 88' lang='lat' dir='ltr'><strong>servitii</strong></span> <span class='ocrx_word' id='word_1_406' title='bbox 373 2972 505 3031; x_wconf 84' lang='lat' dir='ltr'><strong>fidelitate</strong></span> <span class='ocrx_word' id='word_1_407' title='bbox 522 2974 675 3031; x_wconf 86' lang='lat' dir='ltr'><strong>debitorem</strong></span> <span class='ocrx_word' id='word_1_408' title='bbox 702 2973 795 3042; x_wconf 81' lang='lat' dir='ltr'><strong>facite,</strong></span> <span class='ocrx_word' id='word_1_409' title='bbox 820 2984 955 3047; x_wconf 90' lang='lat' dir='ltr'><strong>quatenns</strong></span> <span class='ocrx_word' id='word_1_410' title='bbox 975 2985 1035 3048; x_wconf 90' lang='lat' dir='ltr'><strong>post</strong></span> <span class='ocrx_word' id='word_1_411' title='bbox 1090 2990 1177 3057; x_wconf 63' lang='lat' dir='ltr'><strong>nram,</strong></span> <span class='ocrx_word' id='word_1_412' title='bbox 1194 2997 1242 3045; x_wconf 90' lang='lat' dir='ltr'><strong>ant</strong></span> <span class='ocrx_word' id='word_1_413' title='bbox 1267 2990 1348 3046; x_wconf 63' lang='lat' dir='ltr'><strong>1101,ss</strong></span> <span class='ocrx_word' id='word_1_414' title='bbox 1369 2989 1530 3047; x_wconf 64' lang='lat' dir='ltr'><strong>diffinienda</strong></span> <span class='ocrx_word' id='word_1_415' title='bbox 1551 2989 1682 3047; x_wconf 53' lang='lat' dir='ltr'><strong>referant,</strong></span> <span class='ocrx_word' id='word_1_416' title='bbox 1707 2990 1766 3045; x_wconf 64' lang='lat'><strong>303</strong></span> <span class='ocrx_word' id='word_1_417' title='bbox 1782 2988 1889 3060; x_wconf 89' lang='lat' dir='ltr'><strong>itaque,</strong></span> 
     </span>
    </p>
   </div>
   <div class='ocr_carea' id='block_1_6' title="bbox 238 3067 1889 3253">
    <p class='ocr_par' dir='ltr' id='par_1_6' title="bbox 238 3067 1889 3253">
     <span class='ocr_line' id='line_1_43' title="bbox 238 3067 1889 3158; baseline -0.003 -33"><span class='ocrx_word' id='word_1_418' title='bbox 238 3068 444 3125; x_wconf 85' lang='lat' dir='ltr'><strong>dissolutionem</strong></span> <span class='ocrx_word' id='word_1_419' title='bbox 458 3076 573 3124; x_wconf 77' lang='lat' dir='ltr'><strong>terrenae</strong></span> <span class='ocrx_word' id='word_1_420' title='bbox 587 3067 763 3124; x_wconf 88' lang='lat' dir='ltr'><strong>habitationis</strong></span> <span class='ocrx_word' id='word_1_421' title='bbox 775 3076 886 3136; x_wconf 79' lang='lat' dir='ltr'><strong>nostrae,</strong></span> <span class='ocrx_word' id='word_1_422' title='bbox 905 3069 949 3124; x_wconf 89' lang='lat' dir='ltr'><strong>cui</strong></span> <span class='ocrx_word' id='word_1_423' title='bbox 964 3085 1035 3141; x_wconf 91' lang='lat' dir='ltr'><strong>quo·</strong></span> <span class='ocrx_word' id='word_1_424' title='bbox 1052 3093 1074 3157; x_wconf 75' lang='lat' dir='ltr'><strong>c</strong></span> <span class='ocrx_word' id='word_1_425' title='bbox 1090 3085 1161 3139; x_wconf 62' lang='lat' dir='ltr'>sicut</span> <span class='ocrx_word' id='word_1_426' title='bbox 1176 3099 1237 3153; x_wconf 94' lang='lat' dir='ltr'><strong>nos,</strong></span> <span class='ocrx_word' id='word_1_427' title='bbox 1257 3084 1357 3152; x_wconf 55' lang='lat' dir='ltr'>audite,</span> <span class='ocrx_word' id='word_1_428' title='bbox 1373 3100 1513 3142; x_wconf 61' lang='lat' dir='ltr'><strong>memore,</strong></span> <span class='ocrx_word' id='word_1_429' title='bbox 1525 3083 1602 3158; x_wconf 66' lang='lat' dir='ltr'><strong>quod</strong></span> <span class='ocrx_word' id='word_1_430' title='bbox 1614 3085 1642 3140; x_wconf 70' lang='lat' dir='ltr'><strong>p„</strong></span> <span class='ocrx_word' id='word_1_431' title='bbox 1663 3083 1798 3141; x_wconf 53' lang='lat' dir='ltr'><strong>missione</strong></span> <span class='ocrx_word' id='word_1_432' title='bbox 1809 3083 1889 3141; x_wconf 54' lang='grc' dir='ltr'><strong>Μ,</strong></span> 
     </span>
     <span class='ocr_line' id='line_1_44' title="bbox 238 3160 1888 3253; baseline -0.002 -36"><span class='ocrx_word' id='word_1_433' title='bbox 238 3161 302 3219; x_wconf 88' lang='lat' dir='ltr'><strong>tidie</strong></span> <span class='ocrx_word' id='word_1_434' title='bbox 323 3162 446 3218; x_wconf 84' lang='lat' dir='ltr'><strong>volentes</strong></span> <span class='ocrx_word' id='word_1_435' title='bbox 459 3161 640 3232; x_wconf 88' lang='lat' dir='ltr'><strong>nolentesque</strong></span> <span class='ocrx_word' id='word_1_436' title='bbox 660 3160 858 3232; x_wconf 90' lang='lat' dir='ltr'><strong>propinquatis,</strong></span> <span class='ocrx_word' id='word_1_437' title='bbox 871 3177 923 3218; x_wconf 93' lang='lat' dir='ltr'><strong>nec</strong></span> <span class='ocrx_word' id='word_1_438' title='bbox 946 3163 1034 3219; x_wconf 76' lang='lat' dir='ltr'><strong>merito</strong></span> <span class='ocrx_word' id='word_1_439' title='bbox 1089 3179 1215 3249; x_wconf 67' lang='lat' dir='ltr'><strong>pupofflm</strong></span> <span class='ocrx_word' id='word_1_440' title='bbox 1237 3195 1285 3252; x_wconf 60' lang='lat' dir='ltr'><strong>pe,</strong></span> <span class='ocrx_word' id='word_1_441' title='bbox 1306 3180 1487 3253; x_wconf 58' lang='lat' dir='ltr'><strong>Evangepum</strong></span> <span class='ocrx_word' id='word_1_442' title='bbox 1515 3180 1623 3237; x_wconf 57' lang='lat' dir='ltr'><strong>perita,</strong></span> <span class='ocrx_word' id='word_1_443' title='bbox 1640 3178 1740 3236; x_wconf 60' lang='lat' dir='ltr'><strong>(qm,</strong></span> <span class='ocrx_word' id='word_1_444' title='bbox 1763 3180 1817 3247; x_wconf 55' lang='lat'><strong>02,-</strong></span> <span class='ocrx_word' id='word_1_445' title='bbox 1841 3194 1888 3235; x_wconf 65' lang='lat' dir='ltr'><strong>,m</strong></span> 
     </span>
    </p>
   </div>
   <div class='ocr_carea' id='block_1_7' title="bbox 239 3253 1034 3328">
    <p class='ocr_par' dir='ltr' id='par_1_7' title="bbox 239 3253 1034 3328">
     <span class='ocr_line' id='line_1_45' title="bbox 239 3253 1034 3328; baseline 0.003 -18"><span class='ocrx_word' id='word_1_446' title='bbox 239 3262 300 3328; x_wconf 90' lang='lat' dir='ltr'><strong>post</strong></span> <span class='ocrx_word' id='word_1_447' title='bbox 312 3256 341 3311; x_wconf 95' lang='lat' dir='ltr'><strong>in</strong></span> <span class='ocrx_word' id='word_1_448' title='bbox 355 3269 463 3311; x_wconf 80' lang='lat' dir='ltr'><strong>vermes</strong></span> <span class='ocrx_word' id='word_1_449' title='bbox 476 3261 504 3309; x_wconf 89' lang='lat' dir='ltr'><strong>et</strong></span> <span class='ocrx_word' id='word_1_450' title='bbox 517 3253 639 3309; x_wconf 91' lang='lat' dir='ltr'><strong>cinerem</strong></span> <span class='ocrx_word' id='word_1_451' title='bbox 651 3253 806 3326; x_wconf 87' lang='lat' dir='ltr'><strong>redigendi,</strong></span> <span class='ocrx_word' id='word_1_452' title='bbox 821 3253 879 3325; x_wconf 83' lang='lat' dir='ltr'><strong>ejus</strong></span> <span class='ocrx_word' id='word_1_453' title='bbox 900 3264 1034 3325; x_wconf 85' lang='lat' dir='ltr'><strong>praestan-</strong></span> 
     </span>
    </p>
   </div>
   <div class='ocr_carea' id='block_1_8' title="bbox 238 3345 1033 3977">
    <p class='ocr_par' dir='ltr' id='par_1_8' title="bbox 238 3345 1033 3977">
     <span class='ocr_line' id='line_1_46' title="bbox 238 3345 1033 3419; baseline 0.003 -16"><span class='ocrx_word' id='word_1_454' title='bbox 238 3347 376 3404; x_wconf 89' lang='lat' dir='ltr'><strong>tissimum</strong></span> <span class='ocrx_word' id='word_1_455' title='bbox 389 3355 451 3404; x_wconf 90' lang='lat' dir='ltr'><strong>ante</strong></span> <span class='ocrx_word' id='word_1_456' title='bbox 458 3346 617 3404; x_wconf 91' lang='lat' dir='ltr'><strong>districtum</strong></span> <span class='ocrx_word' id='word_1_457' title='bbox 629 3349 644 3401; x_wconf 91' lang='lat' dir='ltr'>J</span> <span class='ocrx_word' id='word_1_458' title='bbox 647 3345 756 3403; x_wconf 85' lang='lat' dir='ltr'><strong>udinem</strong></span> <span class='ocrx_word' id='word_1_459' title='bbox 769 3347 955 3419; x_wconf 88' lang='lat' dir='ltr'><strong>patrocinium</strong></span> <span class='ocrx_word' id='word_1_460' title='bbox 971 3365 1033 3407; x_wconf 87' lang='lat' dir='ltr'><strong>sen-</strong></span> 
     </span>
     <span class='ocr_line' id='line_1_47' title="bbox 238 3440 323 3497; baseline 0.012 -1"><span class='ocrx_word' id='word_1_461' title='bbox 238 3440 323 3497; x_wconf 90' lang='lat' dir='ltr'><strong>tiatis.</strong></span> 
     </span>
     <span class='ocr_line' id='line_1_48' title="bbox 274 3534 1033 3606; baseline 0.004 -15"><span class='ocrx_word' id='word_1_462' title='bbox 274 3537 457 3605; x_wconf 80' lang='lat' dir='ltr'><strong>DataRomae,</strong></span> <span class='ocrx_word' id='word_1_463' title='bbox 466 3534 702 3606; x_wconf 88' lang='lat' dir='ltr'><strong>decimoseptimo</strong></span> <span class='ocrx_word' id='word_1_464' title='bbox 713 3536 775 3592; x_wconf 87' lang='lat' dir='ltr'><strong>Kal.</strong></span> <span class='ocrx_word' id='word_1_465' title='bbox 792 3534 870 3604; x_wconf 83' lang='lat' dir='ltr'><strong>hirii,</strong></span> <span class='ocrx_word' id='word_1_466' title='bbox 883 3534 1033 3594; x_wconf 87' lang='lat' dir='ltr'><strong>indictione</strong></span> 
     </span>
     <span class='ocr_line' id='line_1_49' title="bbox 238 3626 443 3684; baseline 0 -1"><span class='ocrx_word' id='word_1_467' title='bbox 238 3626 343 3684; x_wconf 88' lang='lat' dir='ltr'><strong>decima</strong></span> <span class='ocrx_word' id='word_1_468' title='bbox 351 3628 443 3683; x_wconf 90' lang='lat' dir='ltr'><strong>tertia.</strong></span> 
     </span>
     <span class='ocr_line' id='line_1_50' title="bbox 476 3721 800 3778; baseline 0.006 -2"><span class='ocrx_word' id='word_1_469' title='bbox 476 3722 652 3778; x_wconf 80' lang='lat' dir='ltr'><strong>EPlSTOLh</strong></span> <span class='ocrx_word' id='word_1_470' title='bbox 670 3721 800 3778; x_wconf 85' lang='lat' dir='ltr'><strong>Lxxlll.</strong></span> 
     </span>
     <span class='ocr_line' id='line_1_51' title="bbox 344 3826 923 3873; baseline 0.007 -6"><span class='ocrx_word' id='word_1_471' title='bbox 344 3826 385 3867; x_wconf 87' lang='lat' dir='ltr'><strong>an</strong></span> <span class='ocrx_word' id='word_1_472' title='bbox 406 3826 587 3870; x_wconf 82' lang='lat' dir='ltr'><strong>sonssnxurr</strong></span> <span class='ocrx_word' id='word_1_473' title='bbox 601 3829 791 3873; x_wconf 80' lang='lat' dir='ltr'><strong>eonouoaun</strong></span> <span class='ocrx_word' id='word_1_474' title='bbox 806 3830 923 3873; x_wconf 85' lang='lat' dir='ltr'><strong>nncsn.</strong></span> 
     </span>
     <span class='ocr_line' id='line_1_52' title="bbox 534 3908 748 3977; baseline 0.009 -16"><span class='ocrx_word' id='word_1_475' title='bbox 534 3908 627 3977; x_wconf 77' lang='lat' dir='ltr'><strong>(Anno</strong></span> <span class='ocrx_word' id='word_1_476' title='bbox 658 3910 748 3977; x_wconf 85' lang='lat'><strong>1075.)</strong></span> 
     </span>
    </p>
   </div>
   <div class='ocr_carea' id='block_1_9' title="bbox 1085 3271 1890 3999">
    <p class='ocr_par' dir='ltr' id='par_1_9' title="bbox 1085 3271 1890 3999">
     <span class='ocr_line' id='line_1_53' title="bbox 1088 3271 1888 3344; baseline 0 -18"><span class='ocrx_word' id='word_1_477' title='bbox 1088 3273 1177 3336; x_wconf 84' lang='lat' dir='ltr'><strong>ondit,</strong></span> <span class='ocrx_word' id='word_1_478' title='bbox 1186 3274 1316 3328; x_wconf 85' lang='lat' dir='ltr'><strong>menndii</strong></span> <span class='ocrx_word' id='word_1_479' title='bbox 1326 3292 1335 3343; x_wconf 87' lang='lat'><strong>,·</strong></span> <span class='ocrx_word' id='word_1_480' title='bbox 1347 3276 1593 3344; x_wconf 75' lang='lat' dir='ltr'><strong>elquioosspcrrrit,</strong></span> <span class='ocrx_word' id='word_1_481' title='bbox 1602 3271 1888 3343; x_wconf 59' lang='lat' dir='ltr'><strong>theoponitarum).</strong></span> 
     </span>
     <span class='ocr_line' id='line_1_54' title="bbox 1088 3361 1890 3436; baseline 0.001 -18"><span class='ocrx_word' id='word_1_482' title='bbox 1088 3365 1123 3418; x_wconf 80' lang='lat' dir='ltr'><strong>Et</strong></span> <span class='ocrx_word' id='word_1_483' title='bbox 1136 3371 1168 3419; x_wconf 91' lang='lat' dir='ltr'><strong>nt</strong></span> <span class='ocrx_word' id='word_1_484' title='bbox 1182 3361 1338 3420; x_wconf 89' lang='lat' dir='ltr'><strong>lructnosns</strong></span> <span class='ocrx_word' id='word_1_485' title='bbox 1344 3365 1416 3436; x_wconf 90' lang='lat' dir='ltr'><strong>apud</strong></span> <span class='ocrx_word' id='word_1_486' title='bbox 1432 3380 1481 3421; x_wconf 86' lang='lat' dir='ltr'><strong>ros</strong></span> <span class='ocrx_word' id='word_1_487' title='bbox 1493 3380 1589 3422; x_wconf 89' lang='lat' dir='ltr'><strong>cursus</strong></span> <span class='ocrx_word' id='word_1_488' title='bbox 1603 3362 1776 3435; x_wconf 78' lang='lat' dir='ltr'><strong>fatigationis</strong></span> <span class='ocrx_word' id='word_1_489' title='bbox 1788 3377 1890 3419; x_wconf 90' lang='lat' dir='ltr'><strong>eorum</strong></span> 
     </span>
     <span class='ocr_line' id='line_1_55' title="bbox 1086 3455 1887 3530; baseline 0.002 -17"><span class='ocrx_word' id='word_1_490' title='bbox 1086 3455 1145 3524; x_wconf 82' lang='lat' dir='ltr'><strong>fiat,</strong></span> <span class='ocrx_word' id='word_1_491' title='bbox 1168 3466 1278 3528; x_wconf 90' lang='lat' dir='ltr'><strong>propter</strong></span> <span class='ocrx_word' id='word_1_492' title='bbox 1291 3459 1475 3515; x_wconf 79' lang='lat' dir='ltr'><strong>reverentiam</strong></span> <span class='ocrx_word' id='word_1_493' title='bbox 1488 3459 1645 3530; x_wconf 77' lang='lat' dir='ltr'><strong>apostolica</strong></span> <span class='ocrx_word' id='word_1_494' title='bbox 1664 3456 1807 3528; x_wconf 87' lang='lat' dir='ltr'><strong>legationis</strong></span> <span class='ocrx_word' id='word_1_495' title='bbox 1830 3472 1887 3530; x_wconf 89' lang='lat' dir='ltr'><strong>qua</strong></span> 
     </span>
     <span class='ocr_line' id='line_1_56' title="bbox 1086 3546 1890 3624; baseline 0.005 -21"><span class='ocrx_word' id='word_1_496' title='bbox 1086 3546 1248 3621; x_wconf 88' lang='lat' dir='ltr'><strong>iunguntur,</strong></span> <span class='ocrx_word' id='word_1_497' title='bbox 1274 3551 1393 3607; x_wconf 92' lang='lat' dir='ltr'><strong>consiliis</strong></span> <span class='ocrx_word' id='word_1_498' title='bbox 1413 3559 1441 3608; x_wconf 90' lang='lat' dir='ltr'><strong>et</strong></span> <span class='ocrx_word' id='word_1_499' title='bbox 1462 3551 1581 3624; x_wconf 89' lang='lat' dir='ltr'><strong>benigno</strong></span> <span class='ocrx_word' id='word_1_500' title='bbox 1606 3549 1698 3607; x_wconf 87' lang='lat' dir='ltr'><strong>lavore</strong></span> <span class='ocrx_word' id='word_1_501' title='bbox 1718 3548 1825 3621; x_wconf 79' lang='lat' dir='ltr'><strong>J&#39;nrate.</strong></span> <span class='ocrx_word' id='word_1_502' title='bbox 1843 3550 1890 3607; x_wconf 82' lang='lat' dir='ltr'><strong>De</strong></span> 
     </span>
     <span class='ocr_line' id='line_1_57' title="bbox 1086 3643 1888 3718; baseline 0.005 -19"><span class='ocrx_word' id='word_1_503' title='bbox 1086 3652 1188 3700; x_wconf 75' lang='lat' dir='ltr'><strong>cratero</strong></span> <span class='ocrx_word' id='word_1_504' title='bbox 1200 3644 1382 3702; x_wconf 85' lang='lat' dir='ltr'><strong>admonemus</strong></span> <span class='ocrx_word' id='word_1_505' title='bbox 1401 3662 1450 3703; x_wconf 83' lang='lat' dir='ltr'><strong>ros</strong></span> <span class='ocrx_word' id='word_1_506' title='bbox 1464 3653 1491 3702; x_wconf 89' lang='lat' dir='ltr'><strong>et</strong></span> <span class='ocrx_word' id='word_1_507' title='bbox 1512 3644 1693 3702; x_wconf 88' lang='lat' dir='ltr'><strong>exhortamur</strong></span> <span class='ocrx_word' id='word_1_508' title='bbox 1706 3643 1735 3700; x_wconf 92' lang='lat' dir='ltr'><strong>in</strong></span> <span class='ocrx_word' id='word_1_509' title='bbox 1752 3644 1888 3718; x_wconf 82' lang='lat' dir='ltr'><strong>Domino,</strong></span> 
     </span>
     <span class='ocr_line' id='line_1_58' title="bbox 1086 3737 1890 3812; baseline 0.005 -19"><span class='ocrx_word' id='word_1_510' title='bbox 1086 3745 1117 3793; x_wconf 92' lang='lat' dir='ltr'><strong>nt</strong></span> <span class='ocrx_word' id='word_1_511' title='bbox 1140 3737 1214 3794; x_wconf 89' lang='lat' dir='ltr'><strong>diem</strong></span> <span class='ocrx_word' id='word_1_512' title='bbox 1241 3738 1370 3795; x_wconf 87' lang='lat' dir='ltr'><strong>ultimum</strong></span> <span class='ocrx_word' id='word_1_513' title='bbox 1399 3739 1460 3797; x_wconf 82' lang='lat' dir='ltr'><strong>ritae</strong></span> <span class='ocrx_word' id='word_1_514' title='bbox 1489 3748 1604 3809; x_wconf 82' lang='lat' dir='ltr'><strong>restrae,</strong></span> <span class='ocrx_word' id='word_1_515' title='bbox 1635 3755 1717 3812; x_wconf 86' lang='lat' dir='ltr'><strong>quern</strong></span> <span class='ocrx_word' id='word_1_516' title='bbox 1751 3738 1890 3812; x_wconf 86' lang='lat' dir='ltr'><strong>ignoratis</strong></span> 
     </span>
     <span class='ocr_line' id='line_1_59' title="bbox 1085 3829 1889 3906; baseline 0.007 -21"><span class='ocrx_word' id='word_1_517' title='bbox 1085 3829 1195 3901; x_wconf 88' lang='lat' dir='ltr'><strong>qnando</strong></span> <span class='ocrx_word' id='word_1_518' title='bbox 1209 3831 1310 3901; x_wconf 81' lang='lat' dir='ltr'><strong>veniat,</strong></span> <span class='ocrx_word' id='word_1_519' title='bbox 1331 3840 1358 3888; x_wconf 93' lang='lat' dir='ltr'><strong>et</strong></span> <span class='ocrx_word' id='word_1_520' title='bbox 1369 3840 1504 3891; x_wconf 90' lang='lat' dir='ltr'><strong>terrorem</strong></span> <span class='ocrx_word' id='word_1_521' title='bbox 1517 3833 1601 3891; x_wconf 90' lang='lat' dir='ltr'><strong>iuturi</strong></span> <span class='ocrx_word' id='word_1_522' title='bbox 1610 3833 1705 3906; x_wconf 88' lang='lat' dir='ltr'><strong>judicii</strong></span> <span class='ocrx_word' id='word_1_523' title='bbox 1721 3848 1889 3905; x_wconf 74' lang='lat' dir='ltr'><strong>semperne·</strong></span> 
     </span>
     <span class='ocr_line' id='line_1_60' title="bbox 1085 3922 1887 3999; baseline 0.009 -23"><span class='ocrx_word' id='word_1_524' title='bbox 1085 3936 1145 3978; x_wconf 92' lang='lat' dir='ltr'><strong>ram</strong></span> <span class='ocrx_word' id='word_1_525' title='bbox 1165 3922 1252 3979; x_wconf 89' lang='lat' dir='ltr'><strong>oculis</strong></span> <span class='ocrx_word' id='word_1_526' title='bbox 1267 3923 1410 3990; x_wconf 88' lang='lat' dir='ltr'><strong>habentes,</strong></span> <span class='ocrx_word' id='word_1_527' title='bbox 1432 3926 1609 3983; x_wconf 89' lang='lat' dir='ltr'><strong>commissam</strong></span> <span class='ocrx_word' id='word_1_528' title='bbox 1626 3925 1702 3984; x_wconf 90' lang='lat' dir='ltr'><strong>robis</strong></span> <span class='ocrx_word' id='word_1_529' title='bbox 1714 3933 1887 3999; x_wconf 77' lang='lat' dir='ltr'><strong>potestatem</strong></span> 
     </span>
    </p>
   </div>
   <div class='ocr_carea' id='block_1_10' title="bbox 241 3998 1887 4092">
    <p class='ocr_par' dir='ltr' id='par_1_10' title="bbox 241 3998 1887 4092">
     <span class='ocr_line' id='line_1_61' title="bbox 241 3998 1887 4092; baseline 0.004 -22"><span class='ocrx_word' id='word_1_530' title='bbox 241 3999 260 4057; x_wconf 69' lang='lat' dir='ltr'>s</span> <span class='ocrx_word' id='word_1_531' title='bbox 260 4000 412 4055; x_wconf 62' lang='grc' dir='ltr'><strong>071Μᾶοῑ</strong></span> <span class='ocrx_word' id='word_1_532' title='bbox 425 4000 481 4070; x_wconf 62' lang='lat' dir='ltr'><strong>iili</strong></span> <span class='ocrx_word' id='word_1_533' title='bbox 489 4016 555 4069; x_wconf 83' lang='lat' dir='ltr'><strong>erqo</strong></span> <span class='ocrx_word' id='word_1_534' title='bbox 568 4015 597 4055; x_wconf 73' lang='lat'><strong>⁸0</strong></span> <span class='ocrx_word' id='word_1_535' title='bbox 609 4001 817 4056; x_wconf 62' lang='lat' dir='ltr'><strong>Obiilllssllil&#39;ssm·</strong></span> <span class='ocrx_word' id='word_1_536' title='bbox 832 4002 921 4055; x_wconf 65' lang='lat' dir='ltr'><strong>illim</strong></span> <span class='ocrx_word' id='word_1_537' title='bbox 930 3998 1032 4069; x_wconf 58' lang='lat' dir='ltr'><strong>iiiam</strong></span> <span class='ocrx_word' id='word_1_538' title='bbox 1084 4016 1201 4073; x_wconf 90' lang='lat' dir='ltr'><strong>sollicita</strong></span> <span class='ocrx_word' id='word_1_539' title='bbox 1214 4024 1243 4072; x_wconf 91' lang='lat' dir='ltr'><strong>et</strong></span> <span class='ocrx_word' id='word_1_540' title='bbox 1263 4021 1321 4075; x_wconf 89' lang='lat' dir='ltr'><strong>Deo</strong></span> <span class='ocrx_word' id='word_1_541' title='bbox 1337 4019 1433 4090; x_wconf 88' lang='lat' dir='ltr'><strong>placita</strong></span> <span class='ocrx_word' id='word_1_542' title='bbox 1449 4018 1686 4077; x_wconf 83' lang='lat' dir='ltr'><strong>administratione</strong></span> <span class='ocrx_word' id='word_1_543' title='bbox 1706 4033 1804 4092; x_wconf 87' lang='lat' dir='ltr'><strong>gerare</strong></span> <span class='ocrx_word' id='word_1_544' title='bbox 1821 4027 1887 4076; x_wconf 88' lang='lat' dir='ltr'><strong>stu·</strong></span> 
     </span>
    </p>
   </div>
   <div class='ocr_carea' id='block_1_11' title="bbox 270 4074 1032 4211">
    <p class='ocr_par' dir='ltr' id='par_1_11' title="bbox 270 4074 1032 4211">
     <span class='ocr_line' id='line_1_62' title="bbox 270 4074 1031 4195; baseline 0.001 -70"><span class='ocrx_word' id='word_1_545' title='bbox 270 4086 323 4143; x_wconf 85' lang='lat' dir='ltr'><strong>pro</strong></span> <span class='ocrx_word' id='word_1_546' title='bbox 341 4074 526 4195; x_wconf 82' lang='lat' dir='ltr'><strong>episcoporum</strong></span> <span class='ocrx_word' id='word_1_547' title='bbox 541 4074 638 4138; x_wconf 84' lang='lat' dir='ltr'><strong>musis,</strong></span> <span class='ocrx_word' id='word_1_548' title='bbox 654 4075 703 4142; x_wconf 83' lang='lat' dir='ltr'><strong>qni</strong></span> <span class='ocrx_word' id='word_1_549' title='bbox 711 4077 736 4128; x_wconf 85' lang='lat' dir='ltr'><strong>et</strong></span> <span class='ocrx_word' id='word_1_550' title='bbox 746 4076 828 4143; x_wconf 86' lang='lat' dir='ltr'><strong>puuci</strong></span> <span class='ocrx_word' id='word_1_551' title='bbox 841 4078 927 4138; x_wconf 75' lang='lat' dir='ltr'><strong>irruat,</strong></span> <span class='ocrx_word' id='word_1_552' title='bbox 939 4077 965 4126; x_wconf 87' lang='lat' dir='ltr'><strong>ei</strong></span> <span class='ocrx_word' id='word_1_553' title='bbox 977 4087 1031 4126; x_wconf 76' lang='lat' dir='ltr'><strong>me</strong></span> 
     </span>
     <span class='ocr_line' id='line_1_63' title="bbox 273 4142 1032 4211; baseline 0.001 -14"><span class='ocrx_word' id='word_1_554' title='bbox 273 4148 352 4211; x_wconf 87' lang='lat' dir='ltr'><strong>tropo</strong></span> <span class='ocrx_word' id='word_1_555' title='bbox 364 4145 468 4197; x_wconf 82' lang='lat' dir='ltr'><strong>itanum</strong></span> <span class='ocrx_word' id='word_1_556' title='bbox 483 4158 535 4198; x_wconf 79' lang='lat' dir='ltr'><strong>eron</strong></span> <span class='ocrx_word' id='word_1_557' title='bbox 552 4143 695 4197; x_wconf 78' lang='lat' dir='ltr'><strong>iubebunt.</strong></span> <span class='ocrx_word' id='word_1_558' title='bbox 711 4146 844 4199; x_wconf 85' lang='lat' dir='ltr'><strong>iiortntur</strong></span> <span class='ocrx_word' id='word_1_559' title='bbox 862 4149 893 4197; x_wconf 85' lang='lat' dir='ltr'><strong>ui</strong></span> <span class='ocrx_word' id='word_1_560' title='bbox 907 4142 970 4198; x_wconf 88' lang='lat' dir='ltr'><strong>iilos</strong></span> <span class='ocrx_word' id='word_1_561' title='bbox 983 4144 1032 4198; x_wconf 83' lang='lat' dir='ltr'><strong>od·</strong></span> 
     </span>
    </p>
   </div>
   <div class='ocr_carea' id='block_1_12' title="bbox 1083 4105 1887 4184">
    <p class='ocr_par' dir='ltr' id='par_1_12' title="bbox 1083 4105 1887 4184">
     <span class='ocr_line' id='line_1_64' title="bbox 1083 4105 1887 4184; baseline 0.009 -22"><span class='ocrx_word' id='word_1_562' title='bbox 1083 4105 1179 4174; x_wconf 90' lang='lat' dir='ltr'><strong>deatis,</strong></span> <span class='ocrx_word' id='word_1_563' title='bbox 1198 4118 1382 4181; x_wconf 68' lang='lat' dir='ltr'><strong>praeparantes</strong></span> <span class='ocrx_word' id='word_1_564' title='bbox 1396 4111 1473 4168; x_wconf 88' lang='lat' dir='ltr'><strong>robis</strong></span> <span class='ocrx_word' id='word_1_565' title='bbox 1486 4111 1595 4169; x_wconf 82' lang='lat' dir='ltr'><strong>divitias</strong></span> <span class='ocrx_word' id='word_1_566' title='bbox 1608 4112 1636 4168; x_wconf 91' lang='lat' dir='ltr'><strong>in</strong></span> <span class='ocrx_word' id='word_1_567' title='bbox 1659 4111 1786 4184; x_wconf 82' lang='lat' dir='ltr'><strong>operibns</strong></span> <span class='ocrx_word' id='word_1_568' title='bbox 1801 4110 1887 4169; x_wconf 91' lang='lat' dir='ltr'><strong>bonis</strong></span> 
     </span>
    </p>
   </div>
   <div class='ocr_carea' id='block_1_13' title="bbox 268 4199 1885 4283">
    <p class='ocr_par' dir='ltr' id='par_1_13' title="bbox 268 4199 1885 4283">
     <span class='ocr_line' id='line_1_65' title="bbox 268 4199 1885 4283; baseline -0.001 -16"><span class='ocrx_word' id='word_1_569' title='bbox 268 4214 355 4282; x_wconf 69' lang='lat' dir='ltr'><strong>irruet,</strong></span> <span class='ocrx_word' id='word_1_570' title='bbox 368 4214 430 4269; x_wconf 85' lang='lat' dir='ltr'><strong>berre</strong></span> <span class='ocrx_word' id='word_1_571' title='bbox 443 4216 525 4277; x_wconf 81' lang='lat' dir='ltr'><strong>elme,</strong></span> <span class='ocrx_word' id='word_1_572' title='bbox 541 4218 610 4269; x_wconf 82' lang='lat' dir='ltr'><strong>recte</strong></span> <span class='ocrx_word' id='word_1_573' title='bbox 624 4230 651 4269; x_wconf 83' lang='lat' dir='ltr'><strong>so</strong></span> <span class='ocrx_word' id='word_1_574' title='bbox 664 4220 739 4283; x_wconf 80' lang='lat' dir='ltr'><strong>perot</strong></span> <span class='ocrx_word' id='word_1_575' title='bbox 748 4217 778 4269; x_wconf 85' lang='lat' dir='ltr'><strong>in</strong></span> <span class='ocrx_word' id='word_1_576' title='bbox 792 4216 921 4283; x_wconf 83' lang='lat' dir='ltr'><strong>reqimine</strong></span> <span class='ocrx_word' id='word_1_577' title='bbox 933 4230 989 4281; x_wconf 86' lang='lat' dir='ltr'><strong>suo,</strong></span> <span class='ocrx_word' id='word_1_578' title='bbox 1005 4218 1032 4269; x_wconf 85' lang='lat' dir='ltr'><strong>et</strong></span> <span class='ocrx_word' id='word_1_579' title='bbox 1084 4208 1113 4255; x_wconf 71' lang='lat'><strong>⁰1</strong></span> <span class='ocrx_word' id='word_1_580' title='bbox 1129 4199 1347 4260; x_wconf 67' lang='lat' dir='ltr'><strong>iiliwuriwnies</strong></span> <span class='ocrx_word' id='word_1_581' title='bbox 1368 4204 1481 4262; x_wconf 79' lang='lat' dir='ltr'><strong>firmum</strong></span> <span class='ocrx_word' id='word_1_582' title='bbox 1509 4213 1537 4262; x_wconf 80' lang='lat' dir='ltr'><strong>el</strong></span> <span class='ocrx_word' id='word_1_583' title='bbox 1551 4206 1696 4263; x_wconf 82' lang='lat' dir='ltr'><strong>immobile</strong></span> <span class='ocrx_word' id='word_1_584' title='bbox 1714 4204 1885 4263; x_wconf 68' lang='lat' dir='ltr'><strong>fundamur·</strong></span> 
     </span>
    </p>
   </div>
   <div class='ocr_carea' id='block_1_14' title="bbox 236 4286 1888 4559">
    <p class='ocr_par' dir='ltr' id='par_1_14' title="bbox 236 4286 1888 4559">
     <span class='ocr_line' id='line_1_66' title="bbox 268 4286 1888 4370; baseline 0.001 -32"><span class='ocrx_word' id='word_1_585' title='bbox 268 4286 398 4355; x_wconf 85' lang='lat' dir='ltr'><strong>pecunios</strong></span> <span class='ocrx_word' id='word_1_586' title='bbox 412 4287 471 4355; x_wconf 85' lang='lat' dir='ltr'><strong>reqi</strong></span> <span class='ocrx_word' id='word_1_587' title='bbox 480 4288 626 4342; x_wconf 84' lang='lat' dir='ltr'><strong>Rrrssornm</strong></span> <span class='ocrx_word' id='word_1_588' title='bbox 638 4286 932 4341; x_wconf 81' lang='lat' dir='ltr'><strong>ablutusresiitnendus</strong></span> <span class='ocrx_word' id='word_1_589' title='bbox 945 4289 1029 4339; x_wconf 75' lang='lat' dir='ltr'><strong>iuret.</strong></span> <span class='ocrx_word' id='word_1_590' title='bbox 1085 4300 1156 4361; x_wconf 77' lang='lat' dir='ltr'><strong>tum,</strong></span> <span class='ocrx_word' id='word_1_591' title='bbox 1171 4302 1201 4352; x_wconf 76' lang='lat' dir='ltr'><strong>ut</strong></span> <span class='ocrx_word' id='word_1_592' title='bbox 1215 4295 1297 4352; x_wconf 61' lang='lat' dir='ltr'><strong>vitam</strong></span> <span class='ocrx_word' id='word_1_593' title='bbox 1321 4305 1452 4354; x_wconf 61' lang='lat' dir='ltr'><strong>[eternam</strong></span> <span class='ocrx_word' id='word_1_594' title='bbox 1466 4298 1636 4370; x_wconf 59' lang='lat' dir='ltr'><strong>possideam,</strong></span> <span class='ocrx_word' id='word_1_595' title='bbox 1655 4298 1729 4356; x_wconf 56' lang='lat' dir='ltr'><strong>sepe</strong></span> <span class='ocrx_word' id='word_1_596' title='bbox 1746 4298 1823 4354; x_wconf 65' lang='lat' dir='ltr'><strong>enim</strong></span> <span class='ocrx_word' id='word_1_597' title='bbox 1840 4298 1888 4357; x_wconf 61' lang='lat' dir='ltr'><strong>d..</strong></span> 
     </span>
     <span class='ocr_line' id='line_1_67' title="bbox 273 4378 1883 4466; baseline 0.001 -32"><span class='ocrx_word' id='word_1_598' title='bbox 273 4378 449 4436; x_wconf 83' lang='lat' dir='ltr'><strong>Gasuomns</strong></span> <span class='ocrx_word' id='word_1_599' title='bbox 467 4379 724 4453; x_wconf 68' lang='lat' dir='ltr'><strong>episcopusservus</strong></span> <span class='ocrx_word' id='word_1_600' title='bbox 740 4394 881 4435; x_wconf 87' lang='lat' dir='ltr'><strong>serrorum</strong></span> <span class='ocrx_word' id='word_1_601' title='bbox 898 4380 962 4444; x_wconf 87' lang='lat' dir='ltr'><strong>Dei,</strong></span> <span class='ocrx_word' id='word_1_602' title='bbox 973 4380 1031 4434; x_wconf 87' lang='lat' dir='ltr'><strong>Bo·</strong></span> <span class='ocrx_word' id='word_1_603' title='bbox 1085 4385 1154 4442; x_wconf 87' lang='lat' dir='ltr'><strong>betis</strong></span> <span class='ocrx_word' id='word_1_604' title='bbox 1168 4389 1300 4461; x_wconf 89' lang='lat' dir='ltr'><strong>qnoniam</strong></span> <span class='ocrx_word' id='word_1_605' title='bbox 1317 4406 1451 4463; x_wconf 91' lang='lat' dir='ltr'><strong>supernus</strong></span> <span class='ocrx_word' id='word_1_606' title='bbox 1469 4392 1580 4448; x_wconf 79' lang='lat' dir='ltr'><strong>Arbiter</strong></span> <span class='ocrx_word' id='word_1_607' title='bbox 1592 4408 1657 4466; x_wconf 78' lang='lat' dir='ltr'><strong>quae</strong></span> <span class='ocrx_word' id='word_1_608' title='bbox 1670 4392 1748 4448; x_wconf 71' lang='lat' dir='ltr'><strong>robis</strong></span> <span class='ocrx_word' id='word_1_609' title='bbox 1760 4392 1883 4449; x_wconf 67' lang='lat' dir='ltr'><strong>sommi.</strong></span> 
     </span>
     <span class='ocr_line' id='line_1_68' title="bbox 236 4470 1885 4559; baseline 0.005 -25"><span class='ocrx_word' id='word_1_610' title='bbox 236 4485 353 4529; x_wconf 70' lang='grc'><strong>11111110</strong></span> <span class='ocrx_word' id='word_1_611' title='bbox 364 4471 424 4529; x_wconf 79' lang='lat' dir='ltr'><strong>illici</strong></span> <span class='ocrx_word' id='word_1_612' title='bbox 442 4472 609 4528; x_wconf 72' lang='lat' dir='ltr'><strong>polonorum</strong></span> <span class='ocrx_word' id='word_1_613' title='bbox 620 4475 702 4539; x_wconf 68' lang='grc'><strong>(378),</strong></span> <span class='ocrx_word' id='word_1_614' title='bbox 718 4471 834 4527; x_wconf 62' lang='lat' dir='ltr'><strong>salutem</strong></span> <span class='ocrx_word' id='word_1_615' title='bbox 848 4480 876 4528; x_wconf 70' lang='lat' dir='ltr'><strong>ei</strong></span> <span class='ocrx_word' id='word_1_616' title='bbox 900 4470 1028 4543; x_wconf 68' lang='grc'><strong>711081011-</strong></span> <span class='ocrx_word' id='word_1_617' title='bbox 1044 4477 1117 4539; x_wconf 86' lang='lat' dir='ltr'><strong>[isit</strong></span> <span class='ocrx_word' id='word_1_618' title='bbox 1130 4480 1284 4554; x_wconf 84' lang='lat' dir='ltr'><strong>irrequisita</strong></span> <span class='ocrx_word' id='word_1_619' title='bbox 1306 4499 1364 4540; x_wconf 92' lang='lat' dir='ltr'><strong>non</strong></span> <span class='ocrx_word' id='word_1_620' title='bbox 1388 4486 1541 4559; x_wconf 72' lang='lat' dir='ltr'><strong>relinquet,</strong></span> <span class='ocrx_word' id='word_1_621' title='bbox 1562 4486 1607 4544; x_wconf 89' lang='lat' dir='ltr'><strong>oui</strong></span> <span class='ocrx_word' id='word_1_622' title='bbox 1630 4494 1709 4543; x_wconf 87' lang='lat' dir='ltr'><strong>tanto</strong></span> <span class='ocrx_word' id='word_1_623' title='bbox 1724 4484 1885 4543; x_wconf 87' lang='lat' dir='ltr'><strong>districtius</strong></span> 
     </span>
    </p>
   </div>
   <div class='ocr_carea' id='block_1_15' title="bbox 178 4564 1885 5738">
    <p class='ocr_par' dir='ltr' id='par_1_15' title="bbox 236 4564 1883 4655">
     <span class='ocr_line' id='line_1_69' title="bbox 236 4564 1883 4655; baseline 0.01 -34"><span class='ocrx_word' id='word_1_624' title='bbox 236 4580 297 4621; x_wconf 91' lang='lat' dir='ltr'><strong>cam</strong></span> <span class='ocrx_word' id='word_1_625' title='bbox 317 4564 546 4622; x_wconf 87' lang='lat' dir='ltr'><strong>benedictionem.</strong></span> <span class='ocrx_word' id='word_1_626' title='bbox 1084 4578 1242 4648; x_wconf 86' lang='lat' dir='ltr'><strong>responsuri</strong></span> <span class='ocrx_word' id='word_1_627' title='bbox 1262 4578 1328 4636; x_wconf 91' lang='lat' dir='ltr'><strong>estis</strong></span> <span class='ocrx_word' id='word_1_628' title='bbox 1341 4567 1442 4651; x_wconf 89' lang='lat' dir='ltr'><strong>quanto</strong></span> <span class='ocrx_word' id='word_1_629' title='bbox 1462 4582 1596 4653; x_wconf 91' lang='lat' dir='ltr'><strong>ampliora</strong></span> <span class='ocrx_word' id='word_1_630' title='bbox 1615 4589 1680 4638; x_wconf 92' lang='lat' dir='ltr'><strong>sunt</strong></span> <span class='ocrx_word' id='word_1_631' title='bbox 1687 4581 1750 4655; x_wconf 86' lang='lat' dir='ltr'><strong>jura</strong></span> <span class='ocrx_word' id='word_1_632' title='bbox 1763 4586 1791 4637; x_wconf 89' lang='lat' dir='ltr'><strong>et</strong></span> <span class='ocrx_word' id='word_1_633' title='bbox 1802 4578 1883 4653; x_wconf 87' lang='lat' dir='ltr'><strong>judi·</strong></span> 
     </span>
    </p>

    <p class='ocr_par' dir='ltr' id='par_1_16' title="bbox 178 4657 1885 5738">
     <span class='ocr_line' id='line_1_70' title="bbox 271 4657 1885 4745; baseline 0.007 -32"><span class='ocrx_word' id='word_1_634' title='bbox 271 4658 410 4731; x_wconf 76' lang='lat' dir='ltr'><strong>Quoniam</strong></span> <span class='ocrx_word' id='word_1_635' title='bbox 425 4659 522 4723; x_wconf 83' lang='lat' dir='ltr'><strong>itonol&#39;,</strong></span> <span class='ocrx_word' id='word_1_636' title='bbox 537 4657 583 4731; x_wconf 85' lang='lat' dir='ltr'><strong>qui</strong></span> <span class='ocrx_word' id='word_1_637' title='bbox 602 4658 736 4716; x_wconf 72' lang='lat' dir='ltr'><strong>ministris</strong></span> <span class='ocrx_word' id='word_1_638' title='bbox 750 4666 777 4715; x_wconf 78' lang='lat' dir='ltr'><strong>ei</strong></span> <span class='ocrx_word' id='word_1_639' title='bbox 792 4657 1031 4731; x_wconf 75' lang='lat' dir='ltr'><strong>(iiipelisatoriblid</strong></span> <span class='ocrx_word' id='word_1_640' title='bbox 1084 4667 1191 4726; x_wconf 78' lang='lat' dir='ltr'><strong>ciorum</strong></span> <span class='ocrx_word' id='word_1_641' title='bbox 1203 4670 1390 4729; x_wconf 71' lang='lat' dir='ltr'><strong>moderamina</strong></span> <span class='ocrx_word' id='word_1_642' title='bbox 1406 4689 1467 4745; x_wconf 75' lang='lat' dir='ltr'><strong>quae</strong></span> <span class='ocrx_word' id='word_1_643' title='bbox 1479 4674 1589 4731; x_wconf 70' lang='lat' dir='ltr'><strong>tenetig,</strong></span> <span class='ocrx_word' id='word_1_644' title='bbox 1602 4677 1678 4732; x_wconf 69' lang='lat' dir='ltr'><strong>Deus</strong></span> <span class='ocrx_word' id='word_1_645' title='bbox 1692 4682 1784 4730; x_wconf 74' lang='lat' dir='ltr'><strong>autem</strong></span> <span class='ocrx_word' id='word_1_646' title='bbox 1793 4673 1885 4731; x_wconf 80' lang='lat' dir='ltr'><strong>omni·</strong></span> 
     </span>
     <span class='ocr_line' id='line_1_71' title="bbox 237 4749 1884 4841; baseline 0.006 -35"><span class='ocrx_word' id='word_1_647' title='bbox 237 4749 392 4819; x_wconf 84' lang='lat' dir='ltr'><strong>exhibetur,</strong></span> <span class='ocrx_word' id='word_1_648' title='bbox 407 4751 442 4808; x_wconf 88' lang='lat' dir='ltr'><strong>ad</strong></span> <span class='ocrx_word' id='word_1_649' title='bbox 457 4752 636 4808; x_wconf 85' lang='lat' dir='ltr'><strong>reverentiam</strong></span> <span class='ocrx_word' id='word_1_650' title='bbox 647 4751 825 4809; x_wconf 90' lang='lat' dir='ltr'><strong>dominorum</strong></span> <span class='ocrx_word' id='word_1_651' title='bbox 841 4752 1030 4825; x_wconf 88' lang='lat' dir='ltr'><strong>propriamat·</strong></span> <span class='ocrx_word' id='word_1_652' title='bbox 1082 4769 1190 4832; x_wconf 65' lang='lat' dir='ltr'><strong>potem,</strong></span> <span class='ocrx_word' id='word_1_653' title='bbox 1210 4764 1288 4832; x_wconf 61' lang='lat' dir='ltr'><strong>cuju,</strong></span> <span class='ocrx_word' id='word_1_654' title='bbox 1299 4765 1427 4838; x_wconf 47' lang='lat' dir='ltr'><strong>majestas</strong></span> <span class='ocrx_word' id='word_1_655' title='bbox 1445 4776 1487 4824; x_wconf 55' lang='lat' dir='ltr'><strong>,gt</strong></span> <span class='ocrx_word' id='word_1_656' title='bbox 1506 4784 1588 4841; x_wconf 58' lang='lat' dir='ltr'><strong>gups,-</strong></span> <span class='ocrx_word' id='word_1_657' title='bbox 1601 4784 1696 4827; x_wconf 69' lang='lat' dir='ltr'><strong>omne.</strong></span> <span class='ocrx_word' id='word_1_658' title='bbox 1709 4767 1884 4841; x_wconf 60' lang='lat' dir='ltr'><strong>principatus</strong></span> 
     </span>
     <span class='ocr_line' id='line_1_72' title="bbox 236 4843 1883 4936; baseline 0.016 -41"><span class='ocrx_word' id='word_1_659' title='bbox 236 4843 323 4899; x_wconf 86' lang='lat' dir='ltr'><strong>tinere</strong></span> <span class='ocrx_word' id='word_1_660' title='bbox 343 4843 523 4916; x_wconf 88' lang='lat' dir='ltr'><strong>dignoscitur,</strong></span> <span class='ocrx_word' id='word_1_661' title='bbox 547 4845 738 4916; x_wconf 89' lang='lat' dir='ltr'><strong>proculdubio</strong></span> <span class='ocrx_word' id='word_1_662' title='bbox 761 4855 901 4917; x_wconf 83' lang='lat' dir='ltr'><strong>gratanter</strong></span> <span class='ocrx_word' id='word_1_663' title='bbox 921 4854 949 4903; x_wconf 83' lang='lat' dir='ltr'><strong>et</strong></span> <span class='ocrx_word' id='word_1_664' title='bbox 965 4859 1029 4902; x_wconf 81' lang='lat' dir='ltr'><strong>cum</strong></span> <span class='ocrx_word' id='word_1_665' title='bbox 1084 4864 1111 4912; x_wconf 87' lang='lat' dir='ltr'><strong>et</strong></span> <span class='ocrx_word' id='word_1_666' title='bbox 1118 4872 1213 4931; x_wconf 87' lang='lat' dir='ltr'><strong>regna,</strong></span> <span class='ocrx_word' id='word_1_667' title='bbox 1225 4857 1325 4933; x_wconf 89' lang='lat' dir='ltr'><strong>dirigat</strong></span> <span class='ocrx_word' id='word_1_668' title='bbox 1341 4877 1390 4918; x_wconf 90' lang='lat' dir='ltr'><strong>cor</strong></span> <span class='ocrx_word' id='word_1_669' title='bbox 1401 4870 1429 4919; x_wconf 86' lang='lat' dir='ltr'><strong>et</strong></span> <span class='ocrx_word' id='word_1_670' title='bbox 1441 4871 1518 4921; x_wconf 86' lang='lat' dir='ltr'><strong>aetus</strong></span> <span class='ocrx_word' id='word_1_671' title='bbox 1536 4873 1642 4922; x_wconf 84' lang='lat' dir='ltr'><strong>vestros</strong></span> <span class='ocrx_word' id='word_1_672' title='bbox 1654 4864 1690 4921; x_wconf 93' lang='lat' dir='ltr'><strong>ad</strong></span> <span class='ocrx_word' id='word_1_673' title='bbox 1712 4877 1796 4921; x_wconf 85' lang='lat' dir='ltr'><strong>omne</strong></span> <span class='ocrx_word' id='word_1_674' title='bbox 1808 4877 1883 4936; x_wconf 85' lang='lat' dir='ltr'><strong>opus</strong></span> 
     </span>
     <span class='ocr_line' id='line_1_73' title="bbox 235 4935 1882 5023; baseline 0.011 -32"><span class='ocrx_word' id='word_1_675' title='bbox 235 4936 321 4992; x_wconf 90' lang='lat' dir='ltr'><strong>multa</strong></span> <span class='ocrx_word' id='word_1_676' title='bbox 334 4935 478 4993; x_wconf 88' lang='lat' dir='ltr'><strong>dilectione</strong></span> <span class='ocrx_word' id='word_1_677' title='bbox 490 4937 707 4994; x_wconf 88' lang='lat' dir='ltr'><strong>ministrantium</strong></span> <span class='ocrx_word' id='word_1_678' title='bbox 720 4940 798 4996; x_wconf 90' lang='lat' dir='ltr'><strong>labor</strong></span> <span class='ocrx_word' id='word_1_679' title='bbox 810 4939 956 5013; x_wconf 87' lang='lat' dir='ltr'><strong>ciliciaque</strong></span> <span class='ocrx_word' id='word_1_680' title='bbox 966 4955 1030 4997; x_wconf 86' lang='lat' dir='ltr'><strong>sns-</strong></span> <span class='ocrx_word' id='word_1_681' title='bbox 1081 4944 1187 5003; x_wconf 92' lang='lat' dir='ltr'><strong>bonum</strong></span> <span class='ocrx_word' id='word_1_682' title='bbox 1200 4948 1314 5005; x_wconf 92' lang='lat' dir='ltr'><strong>inomni</strong></span> <span class='ocrx_word' id='word_1_683' title='bbox 1326 4951 1468 5021; x_wconf 91' lang='lat' dir='ltr'><strong>prudentia</strong></span> <span class='ocrx_word' id='word_1_684' title='bbox 1480 4960 1508 5008; x_wconf 88' lang='lat' dir='ltr'><strong>et</strong></span> <span class='ocrx_word' id='word_1_685' title='bbox 1521 4954 1717 5010; x_wconf 89' lang='lat' dir='ltr'><strong>exercitatione</strong></span> <span class='ocrx_word' id='word_1_686' title='bbox 1734 4952 1882 5023; x_wconf 65' lang='lat' dir='ltr'><strong>nautum,</strong></span> 
     </span>
     <span class='ocr_line' id='line_1_74' title="bbox 235 5024 1881 5114; baseline 0.011 -34"><span class='ocrx_word' id='word_1_687' title='bbox 235 5025 381 5098; x_wconf 91' lang='lat' dir='ltr'><strong>cipiuntur,</strong></span> <span class='ocrx_word' id='word_1_688' title='bbox 405 5024 442 5081; x_wconf 91' lang='lat' dir='ltr'><strong>ab</strong></span> <span class='ocrx_word' id='word_1_689' title='bbox 454 5025 498 5081; x_wconf 90' lang='lat' dir='ltr'><strong>bis</strong></span> <span class='ocrx_word' id='word_1_690' title='bbox 510 5025 573 5084; x_wconf 92' lang='lat' dir='ltr'><strong>dico</strong></span> <span class='ocrx_word' id='word_1_691' title='bbox 593 5027 639 5099; x_wconf 92' lang='lat' dir='ltr'><strong>qui</strong></span> <span class='ocrx_word' id='word_1_692' title='bbox 657 5030 835 5100; x_wconf 75' lang='lat' dir='ltr'><strong>praelatorum</strong></span> <span class='ocrx_word' id='word_1_693' title='bbox 855 5045 984 5103; x_wconf 88' lang='lat' dir='ltr'><strong>personas</strong></span> <span class='ocrx_word' id='word_1_694' title='bbox 1001 5038 1046 5095; x_wconf 69' lang='lat' dir='ltr'><strong>et¹</strong></span> <span class='ocrx_word' id='word_1_695' title='bbox 1080 5044 1226 5107; x_wconf 89' lang='lat' dir='ltr'><strong>quatenns,</strong></span> <span class='ocrx_word' id='word_1_696' title='bbox 1252 5039 1359 5110; x_wconf 87' lang='lat' dir='ltr'><strong>expleto</strong></span> <span class='ocrx_word' id='word_1_697' title='bbox 1373 5056 1455 5097; x_wconf 91' lang='lat' dir='ltr'><strong>cursu</strong></span> <span class='ocrx_word' id='word_1_698' title='bbox 1472 5040 1553 5114; x_wconf 87' lang='lat' dir='ltr'><strong>hujus</strong></span> <span class='ocrx_word' id='word_1_699' title='bbox 1567 5042 1678 5100; x_wconf 80' lang='lat' dir='ltr'><strong>lubricae</strong></span> <span class='ocrx_word' id='word_1_700' title='bbox 1691 5050 1718 5098; x_wconf 87' lang='lat' dir='ltr'><strong>et</strong></span> <span class='ocrx_word' id='word_1_701' title='bbox 1731 5040 1786 5097; x_wconf 90' lang='lat' dir='ltr'><strong>cito</strong></span> <span class='ocrx_word' id='word_1_702' title='bbox 1806 5041 1881 5112; x_wconf 89' lang='lat' dir='ltr'><strong>peri·</strong></span> 
     </span>
     <span class='ocr_line' id='line_1_75' title="bbox 233 5113 1881 5203; baseline 0.011 -34"><span class='ocrx_word' id='word_1_703' title='bbox 233 5113 423 5171; x_wconf 88' lang='lat' dir='ltr'><strong>auctoritatem</strong></span> <span class='ocrx_word' id='word_1_704' title='bbox 432 5129 464 5170; x_wconf 82' lang='lat' dir='ltr'><strong>ex</strong></span> <span class='ocrx_word' id='word_1_705' title='bbox 472 5114 554 5201; x_wconf 90' lang='lat' dir='ltr'><strong>corde</strong></span> <span class='ocrx_word' id='word_1_706' title='bbox 566 5114 679 5189; x_wconf 89' lang='lat' dir='ltr'><strong>diligere</strong></span> <span class='ocrx_word' id='word_1_707' title='bbox 692 5120 914 5192; x_wconf 87' lang='lat' dir='ltr'><strong>comprobantur.</strong></span> <span class='ocrx_word' id='word_1_708' title='bbox 931 5122 963 5175; x_wconf 94' lang='lat' dir='ltr'><strong>ln</strong></span> <span class='ocrx_word' id='word_1_709' title='bbox 976 5118 1028 5177; x_wconf 88' lang='lat' dir='ltr'><strong>huc</strong></span> <span class='ocrx_word' id='word_1_710' title='bbox 1079 5131 1149 5181; x_wconf 84' lang='lat' dir='ltr'><strong>turae</strong></span> <span class='ocrx_word' id='word_1_711' title='bbox 1172 5125 1250 5194; x_wconf 88' lang='lat' dir='ltr'><strong>lucis,</strong></span> <span class='ocrx_word' id='word_1_712' title='bbox 1276 5126 1420 5184; x_wconf 89' lang='lat' dir='ltr'><strong>beatorum</strong></span> <span class='ocrx_word' id='word_1_713' title='bbox 1444 5131 1516 5186; x_wconf 84' lang='lat' dir='ltr'><strong>Petri</strong></span> <span class='ocrx_word' id='word_1_714' title='bbox 1543 5140 1571 5188; x_wconf 88' lang='lat' dir='ltr'><strong>et</strong></span> <span class='ocrx_word' id='word_1_715' title='bbox 1587 5131 1665 5189; x_wconf 89' lang='lat' dir='ltr'><strong>Pauli</strong></span> <span class='ocrx_word' id='word_1_716' title='bbox 1687 5129 1881 5203; x_wconf 89' lang='lat' dir='ltr'><strong>apostolorum</strong></span> 
     </span>
     <span class='ocr_line' id='line_1_76' title="bbox 178 5203 1883 5298; baseline 0.011 -41"><span class='ocrx_word' id='word_1_717' title='bbox 178 5278 187 5298; x_wconf 68' lang='lat'><strong>,</strong></span> <span class='ocrx_word' id='word_1_718' title='bbox 233 5211 325 5259; x_wconf 86' lang='lat' dir='ltr'><strong>autem</strong></span> <span class='ocrx_word' id='word_1_719' title='bbox 339 5203 534 5276; x_wconf 79' lang='lat' dir='ltr'><strong>cognoscimur</strong></span> <span class='ocrx_word' id='word_1_720' title='bbox 548 5203 792 5276; x_wconf 87' lang='lat' dir='ltr'><strong>quodexcellentia</strong></span> <span class='ocrx_word' id='word_1_721' title='bbox 814 5217 903 5266; x_wconf 86' lang='lat' dir='ltr'><strong>restra</strong></span> <span class='ocrx_word' id='word_1_722' title='bbox 916 5208 1027 5265; x_wconf 82' lang='lat' dir='ltr'><strong>beatum</strong></span> <span class='ocrx_word' id='word_1_723' title='bbox 1079 5214 1232 5286; x_wconf 89' lang='lat' dir='ltr'><strong>principum</strong></span> <span class='ocrx_word' id='word_1_724' title='bbox 1250 5215 1356 5271; x_wconf 91' lang='lat' dir='ltr'><strong>meritis</strong></span> <span class='ocrx_word' id='word_1_725' title='bbox 1372 5225 1400 5273; x_wconf 87' lang='lat' dir='ltr'><strong>et</strong></span> <span class='ocrx_word' id='word_1_726' title='bbox 1421 5217 1659 5276; x_wconf 89' lang='lat' dir='ltr'><strong>intercessionibus</strong></span> <span class='ocrx_word' id='word_1_727' title='bbox 1681 5219 1716 5275; x_wconf 90' lang='lat' dir='ltr'><strong>ad</strong></span> <span class='ocrx_word' id='word_1_728' title='bbox 1736 5232 1832 5274; x_wconf 87' lang='lat' dir='ltr'><strong>verum</strong></span> <span class='ocrx_word' id='word_1_729' title='bbox 1852 5226 1883 5276; x_wconf 84' lang='lat' dir='ltr'><strong>et</strong></span> 
     </span>
     <span class='ocr_line' id='line_1_77' title="bbox 234 5292 1880 5380; baseline 0.011 -34"><span class='ocrx_word' id='word_1_730' title='bbox 234 5294 343 5347; x_wconf 84' lang='lat' dir='ltr'><strong>Petrum</strong></span> <span class='ocrx_word' id='word_1_731' title='bbox 364 5293 552 5365; x_wconf 86' lang='lat' dir='ltr'><strong>apostolorum</strong></span> <span class='ocrx_word' id='word_1_732' title='bbox 577 5294 729 5368; x_wconf 90' lang='lat' dir='ltr'><strong>principem</strong></span> <span class='ocrx_word' id='word_1_733' title='bbox 752 5299 867 5355; x_wconf 88' lang='lat' dir='ltr'><strong>sinceris</strong></span> <span class='ocrx_word' id='word_1_734' title='bbox 880 5292 1027 5356; x_wconf 76' lang='lat' dir='ltr'><strong>aflectibus</strong></span> <span class='ocrx_word' id='word_1_735' title='bbox 1079 5302 1272 5373; x_wconf 89' lang='lat' dir='ltr'><strong>sempiternam</strong></span> <span class='ocrx_word' id='word_1_736' title='bbox 1290 5304 1407 5374; x_wconf 84' lang='lat' dir='ltr'><strong>gloriam</strong></span> <span class='ocrx_word' id='word_1_737' title='bbox 1421 5308 1561 5377; x_wconf 80' lang='lat' dir='ltr'><strong>peruenire</strong></span> <span class='ocrx_word' id='word_1_738' title='bbox 1578 5307 1756 5374; x_wconf 86' lang='lat' dir='ltr'><strong>mereamini;</strong></span> <span class='ocrx_word' id='word_1_739' title='bbox 1772 5305 1880 5380; x_wconf 86' lang='lat' dir='ltr'><strong>detque</strong></span> 
     </span>
     <span class='ocr_line' id='line_1_78' title="bbox 233 5378 1876 5465; baseline 0.012 -30"><span class='ocrx_word' id='word_1_740' title='bbox 233 5378 330 5452; x_wconf 88' lang='lat' dir='ltr'><strong>diligit,</strong></span> <span class='ocrx_word' id='word_1_741' title='bbox 342 5388 369 5436; x_wconf 87' lang='lat' dir='ltr'><strong>et</strong></span> <span class='ocrx_word' id='word_1_742' title='bbox 380 5381 415 5438; x_wconf 89' lang='lat' dir='ltr'><strong>ad</strong></span> <span class='ocrx_word' id='word_1_743' title='bbox 427 5383 605 5439; x_wconf 86' lang='lat' dir='ltr'><strong>reverentiam</strong></span> <span class='ocrx_word' id='word_1_744' title='bbox 628 5383 686 5457; x_wconf 76' lang='lat' dir='ltr'><strong>eJ&#39;ns</strong></span> <span class='ocrx_word' id='word_1_745' title='bbox 700 5385 805 5442; x_wconf 82' lang='lat' dir='ltr'><strong>ardenti</strong></span> <span class='ocrx_word' id='word_1_746' title='bbox 819 5388 914 5458; x_wconf 89' lang='lat' dir='ltr'><strong>spiritu</strong></span> <span class='ocrx_word' id='word_1_747' title='bbox 927 5388 1025 5443; x_wconf 84' lang='lat' dir='ltr'><strong>dilatr-</strong></span> <span class='ocrx_word' id='word_1_748' title='bbox 1078 5389 1165 5457; x_wconf 89' lang='lat' dir='ltr'><strong>robis,</strong></span> <span class='ocrx_word' id='word_1_749' title='bbox 1180 5390 1289 5448; x_wconf 83' lang='lat' dir='ltr'><strong>devicta</strong></span> <span class='ocrx_word' id='word_1_750' title='bbox 1311 5398 1466 5465; x_wconf 75' lang='lat' dir='ltr'><strong>pertesum</strong></span> <span class='ocrx_word' id='word_1_751' title='bbox 1490 5397 1632 5454; x_wconf 89' lang='lat' dir='ltr'><strong>Christum</strong></span> <span class='ocrx_word' id='word_1_752' title='bbox 1652 5397 1806 5454; x_wconf 86' lang='lat' dir='ltr'><strong>Dominum</strong></span> <span class='ocrx_word' id='word_1_753' title='bbox 1824 5411 1876 5454; x_wconf 90' lang='lat' dir='ltr'><strong>no·</strong></span> 
     </span>
     <span class='ocr_line' id='line_1_79' title="bbox 231 5468 1880 5558; baseline 0.013 -35"><span class='ocrx_word' id='word_1_754' title='bbox 231 5476 286 5531; x_wconf 90' lang='lat' dir='ltr'><strong>tur,</strong></span> <span class='ocrx_word' id='word_1_755' title='bbox 302 5468 435 5538; x_wconf 89' lang='lat' dir='ltr'><strong>quoniam</strong></span> <span class='ocrx_word' id='word_1_756' title='bbox 449 5471 568 5543; x_wconf 87' lang='lat' dir='ltr'><strong>gratuita</strong></span> <span class='ocrx_word' id='word_1_757' title='bbox 583 5471 727 5529; x_wconf 80' lang='lat' dir='ltr'><strong>devotione</strong></span> <span class='ocrx_word' id='word_1_758' title='bbox 743 5475 839 5532; x_wconf 85' lang='lat' dir='ltr'><strong>restris</strong></span> <span class='ocrx_word' id='word_1_759' title='bbox 863 5492 928 5533; x_wconf 88' lang='lat' dir='ltr'><strong>eum</strong></span> <span class='ocrx_word' id='word_1_760' title='bbox 948 5477 1026 5535; x_wconf 89' lang='lat' dir='ltr'><strong>obla·</strong></span> <span class='ocrx_word' id='word_1_761' title='bbox 1076 5478 1662 5557; x_wconf 86' lang='lat' dir='ltr'><strong>struminimicorumvestrorumsnparbia,</strong></span> <span class='ocrx_word' id='word_1_762' title='bbox 1676 5485 1752 5558; x_wconf 90' lang='lat' dir='ltr'><strong>pacis</strong></span> <span class='ocrx_word' id='word_1_763' title='bbox 1766 5491 1880 5543; x_wconf 85' lang='lat' dir='ltr'><strong>attran·</strong></span> 
     </span>
     <span class='ocr_line' id='line_1_80' title="bbox 231 5557 1881 5647; baseline 0.014 -36"><span class='ocrx_word' id='word_1_764' title='bbox 231 5557 353 5614; x_wconf 89' lang='lat' dir='ltr'><strong>tionibus</strong></span> <span class='ocrx_word' id='word_1_765' title='bbox 375 5557 552 5630; x_wconf 88' lang='lat' dir='ltr'><strong>honorantes,</strong></span> <span class='ocrx_word' id='word_1_766' title='bbox 577 5560 731 5618; x_wconf 89' lang='lat' dir='ltr'><strong>debitorem</strong></span> <span class='ocrx_word' id='word_1_767' title='bbox 744 5563 826 5620; x_wconf 89' lang='lat' dir='ltr'><strong>vobis</strong></span> <span class='ocrx_word' id='word_1_768' title='bbox 849 5563 908 5620; x_wconf 86' lang='lat' dir='ltr'><strong>ficri</strong></span> <span class='ocrx_word' id='word_1_769' title='bbox 921 5564 1027 5623; x_wconf 89' lang='lat' dir='ltr'><strong>deside·</strong></span> <span class='ocrx_word' id='word_1_770' title='bbox 1078 5565 1219 5637; x_wconf 89' lang='lat' dir='ltr'><strong>quillitatis</strong></span> <span class='ocrx_word' id='word_1_771' title='bbox 1233 5569 1344 5640; x_wconf 86' lang='lat' dir='ltr'><strong>gandia,</strong></span> <span class='ocrx_word' id='word_1_772' title='bbox 1363 5580 1394 5627; x_wconf 92' lang='lat' dir='ltr'><strong>nt</strong></span> <span class='ocrx_word' id='word_1_773' title='bbox 1412 5588 1446 5627; x_wconf 92' lang='lat' dir='ltr'><strong>ex</strong></span> <span class='ocrx_word' id='word_1_774' title='bbox 1462 5572 1542 5629; x_wconf 89' lang='lat' dir='ltr'><strong>donis</strong></span> <span class='ocrx_word' id='word_1_775' title='bbox 1558 5589 1666 5646; x_wconf 89' lang='lat' dir='ltr'><strong>qnoque</strong></span> <span class='ocrx_word' id='word_1_776' title='bbox 1694 5574 1881 5647; x_wconf 67' lang='lat' dir='ltr'><strong>presentibus</strong></span> 
     </span>
     <span class='ocr_line' id='line_1_81' title="bbox 230 5643 1879 5738; baseline 0.016 -41"><span class='ocrx_word' id='word_1_777' title='bbox 230 5643 321 5713; x_wconf 90' lang='lat' dir='ltr'><strong>rastis,</strong></span> <span class='ocrx_word' id='word_1_778' title='bbox 331 5654 360 5702; x_wconf 91' lang='lat' dir='ltr'><strong>et</strong></span> <span class='ocrx_word' id='word_1_779' title='bbox 371 5645 442 5703; x_wconf 87' lang='lat' dir='ltr'><strong>sicut</strong></span> <span class='ocrx_word' id='word_1_780' title='bbox 456 5647 484 5703; x_wconf 90' lang='lat' dir='ltr'><strong>in</strong></span> <span class='ocrx_word' id='word_1_781' title='bbox 496 5647 618 5705; x_wconf 90' lang='lat' dir='ltr'><strong>Domino</strong></span> <span class='ocrx_word' id='word_1_782' title='bbox 629 5648 807 5720; x_wconf 89' lang='lat' dir='ltr'><strong>conlidimus,</strong></span> <span class='ocrx_word' id='word_1_783' title='bbox 823 5653 1024 5724; x_wconf 88' lang='lat' dir='ltr'><strong>promeruistis.</strong></span> <span class='ocrx_word' id='word_1_784' title='bbox 1079 5657 1252 5729; x_wconf 88' lang='lat' dir='ltr'><strong>cognoscatis</strong></span> <span class='ocrx_word' id='word_1_785' title='bbox 1268 5658 1360 5716; x_wconf 89' lang='lat' dir='ltr'><strong>lutura</strong></span> <span class='ocrx_word' id='word_1_786' title='bbox 1375 5670 1481 5733; x_wconf 88' lang='lat' dir='ltr'><strong>quanto</strong></span> <span class='ocrx_word' id='word_1_787' title='bbox 1493 5662 1549 5719; x_wconf 89' lang='lat' dir='ltr'><strong>sint</strong></span> <span class='ocrx_word' id='word_1_788' title='bbox 1569 5663 1703 5722; x_wconf 88' lang='lat' dir='ltr'><strong>desiderio</strong></span> <span class='ocrx_word' id='word_1_789' title='bbox 1712 5663 1879 5738; x_wconf 80' lang='lat' dir='ltr'><strong>appetenda.</strong></span> 
     </span>
    </p>
   </div>
   <div class='ocr_carea' id='block_1_16' title="bbox 264 5771 1187 5843">
    <p class='ocr_par' dir='ltr' id='par_1_17' title="bbox 264 5771 1187 5843">
     <span class='ocr_line' id='line_1_82' title="bbox 264 5771 1187 5843; baseline 0.011 -19"><span class='ocrx_word' id='word_1_790' title='bbox 264 5774 337 5837; x_wconf 79' lang='grc'><strong>(1178)</strong></span> <span class='ocrx_word' id='word_1_791' title='bbox 354 5773 396 5827; x_wconf 82' lang='lat' dir='ltr'><strong>Da</strong></span> <span class='ocrx_word' id='word_1_792' title='bbox 409 5771 578 5829; x_wconf 85' lang='lat' dir='ltr'><strong>Polonornm</strong></span> <span class='ocrx_word' id='word_1_793' title='bbox 595 5772 665 5831; x_wconf 81' lang='lat' dir='ltr'><strong>dirce</strong></span> <span class='ocrx_word' id='word_1_794' title='bbox 674 5773 816 5831; x_wconf 75' lang='lat' dir='ltr'><strong>lambert.</strong></span> <span class='ocrx_word' id='word_1_795' title='bbox 827 5785 856 5833; x_wconf 87' lang='lat' dir='ltr'><strong>et</strong></span> <span class='ocrx_word' id='word_1_796' title='bbox 868 5777 1019 5843; x_wconf 84' lang='lat' dir='ltr'><strong>Bertboid..</strong></span> <span class='ocrx_word' id='word_1_797' title='bbox 1039 5796 1085 5836; x_wconf 89' lang='lat' dir='ltr'><strong>an.</strong></span> <span class='ocrx_word' id='word_1_798' title='bbox 1106 5786 1187 5837; x_wconf 84' lang='grc'><strong>1077.</strong></span> 
     </span>
    </p>
   </div>
   <div class='ocr_carea' id='block_1_17' title="bbox 0 0 1940 6164">
    <p class='ocr_par' dir='ltr' id='par_1_18' title="bbox 0 0 1940 6164">
     <span class='ocr_line' id='line_1_83' title="bbox 0 0 1940 6164; baseline 0 2"><span class='ocrx_word' id='word_1_799' title='bbox 0 0 1940 6164; x_wconf 95' lang='lat' dir='ltr'><strong> </strong></span> 
     </span>
    </p>
   </div>
  </div>
 </body>
</html>
