3870 6164
133 236 137 271 ⁵
161 260 214 315 sot
394 328 399 345 ι
498 253 527 307 S.
547 249 708 307 cassetur
726 250 771 305 vll
791 250 889 306 PAPAE
908 248 1046 305 orbabat
1065 248 1152 304 PARS
1171 249 1193 305 l.
1211 275 1248 289 -
1265 246 1467 303 assistetis.
1517 294 1521 299 .

158 383 231 439 lecto
254 381 282 436 in
309 376 419 436 Cbristo
442 376 519 433 fratri
549 382 577 431 et
596 375 777 446 coepiscopo,
800 373 954 430 pataviensi
969 381 993 440 Α
1011 382 1122 446 propter
1153 371 1303 429 fundendas
1322 379 1388 428 sunt
1415 370 1644 443 ireqtrentissimae
1660 380 1725 428 orat

159 477 183 530 Α
187 515 265 531 .......
281 481 309 530 ιι
320 471 465 528 venerabili
477 468 666 541 llirsaugiensi
682 467 773 524 abbati
787 470 835 524 W.
908 482 953 523 sa·
1010 476 1038 523 et
1050 467 1212 539 largissimae.
1226 465 1324 522 dandae
1338 465 1530 538 eleemosynas,
1547 464 1725 539 omnibusqut

161 569 247 627 lotem
259 575 287 622 et
300 564 479 638 apostolicam
492 562 725 620 benedictionem.
1009 559 1054 617 dis
1069 560 1239 632 Redemptor
1260 568 1355 616 noster
1375 558 1528 615 exorandus
1542 567 1574 613 ιιι
1591 558 1700 615 inimici
1714 574 1725 615 ι

194 659 351 717 Pmdentiae
375 665 472 715 vestrae
487 673 519 713 ex
534 655 587 712 boo
599 655 666 711 satis
679 655 864 728 gratulamur,
882 654 955 726 quia,
1010 670 1080 727 quos
1094 671 1144 711 suo
1158 661 1296 727 praecepto
1310 652 1459 725 diligimus,
1472 651 1643 725 resipiseant,
1658 659 1689 708 et
1702 667 1725 708 ιι

159 755 229 811 sicut
255 752 410 825 oportebat,
438 749 566 807 nuntiare
591 748 673 805 nobis
697 764 759 804 vera
780 763 957 820 summopere
1011 749 1212 805 sniumsanetrc
1223 746 1351 803 Ecclesiae
1365 746 1612 817 redeuntemque
1627 759 1725 817 sponse

159 847 312 916 studuistis,
328 844 482 918 praesertim
492 859 555 899 cum
564 842 650 898 mults
663 850 690 898 et
702 842 773 899 varia
788 842 957 914 expertibus
1010 858 1063 912 qua
1076 840 1145 898 mori
1159 842 1286 913 dignatus
1304 847 1358 906 est,
1372 838 1545 895 defensorem
1557 847 1584 894 et
1606 847 1726 896 rectores

159 941 258 998 vestris
271 939 345 1013 apud
359 954 411 994 nos
431 936 595 994 referantur.
610 935 791 992 llotilicamus
804 943 896 991 autem
911 935 956 991 di·
1009 943 1039 990 ut
1063 950 1124 991 eam
1150 934 1239 1000 decet,
1268 934 1420 988 clementer
1442 931 1553 987 tribuat.
1587 931 1648 988 Nisi
1674 931 1725 987 eni

159 1034 267 1092 lectioni
286 1040 393 1098 vestrae,
411 1045 480 1104 pene
495 1042 592 1086 omnes
611 1038 722 1086 nostros
737 1028 840 1099 lldsles,
863 1029 955 1085 sudila
1009 1026 1142 1084 obediens
1166 1035 1193 1083 et
1208 1034 1311 1082 sanctae
1335 1025 1463 1080 Ecclesiae
1484 1024 1628 1080 humiliter
1648 1024 1725 1080 devo·

160 1143 228 1184 vocs
243 1123 472 1196 (sofflltodulplri
491 1122 578 1180 beatae
592 1125 735 1180 memoriae
753 1123 839 1195 regis,
854 1123 906 1178 niti
921 1122 954 1178 ad
1010 1122 1095 1190 utilis,
1109 1119 1345 1193 quemadmodum
1359 1117 1546 1175 Christianum
1567 1133 1662 1189 regem
1692 1132 1726 1191 op

160 1218 379 1278 bocnoscrebris
388 1217 753 1284 adhortationibusllectere,
762 1225 794 1273 ut
805 1216 955 1272 llenrieum
1009 1223 1039 1270 et
1058 1214 1128 1270 sicut
1149 1215 1183 1270 de
1206 1211 1354 1283 Rodulplro
1378 1211 1562 1283 speravimus,
1595 1209 1694 1280 luerit,
1718 1228 1726 1283 p

160 1313 335 1385 jampridem,
348 1312 419 1368 sicut
433 1311 516 1377 scitis,
530 1311 607 1382 plura
621 1308 712 1366 lacere
725 1309 804 1366 nobis
816 1319 954 1383 paratum,
1009 1308 1094 1365 dubio
1103 1308 1127 1362 ei
1139 1323 1196 1362 non
1214 1305 1298 1361 modo
1313 1314 1406 1361 sancta
1427 1305 1544 1360 Ecclesia
1558 1320 1616 1359 non
1634 1301 1726 1359 larebi

159 1405 203 1462 oui
219 1403 309 1462 fenne
327 1420 424 1461 omnes
436 1404 520 1461 italici
536 1402 640 1470 lavent,
656 1403 685 1458 in
700 1404 816 1477 gratiam
830 1412 954 1459 nostram
1009 1401 1093 1457 etiam
1103 1399 1287 1456 contradicet.
1298 1402 1340 1454 De
1353 1396 1483 1470 praedicto
1498 1397 1569 1452 euim
1581 1396 1726 1469 Eodulplu

158 1498 340 1571 recipiamus:
361 1498 532 1571 adjicientes,
546 1496 569 1552 si
582 1497 629 1553 ille
642 1497 669 1551 in
692 1497 809 1565 ltaliam,
823 1512 875 1568 pro
887 1498 955 1553 velle
1009 1493 1075 1566 quid
1094 1502 1187 1548 sancta
1212 1495 1339 1548 Romana
1366 1491 1486 1547 Ecclesia
1509 1490 1671 1563 speraverit,
1691 1498 1721 1546 et

159 1600 187 1648 et
200 1600 302 1648 conatu
321 1607 372 1647 suo
392 1606 448 1646 uon
463 1590 555 1646 valens
570 1590 716 1646 nobiscum
732 1589 833 1646 habere
846 1607 954 1663 pacem,
1008 1588 1051 1642 iile
1064 1586 1249 1659 promittebat,
1265 1594 1294 1641 tu
1309 1585 1376 1656 ipsc,
1390 1583 1474 1640 irater
1487 1583 1665 1653 charissime,
1680 1592 1726 1639 sat

159 1692 252 1741 contra
273 1692 397 1741 sanctam
413 1683 566 1739 Ecclesiam
582 1683 697 1749 venerit,
712 1698 745 1738 ex
760 1683 836 1739 vobis
856 1683 954 1738 frustra
1010 1680 1126 1753 gvroscis·
1145 1679 1346 1735 providendum
1361 1685 1402 1733 est
1416 1693 1480 1750 ergo
1499 1685 1531 1731 ut
1547 1694 1604 1733 uon
1623 1676 1720 1733 minus

157 1778 325 1851 sperandum
345 1776 405 1833 lore
428 1776 568 1832 auxilium.
592 1776 672 1849 Quod
694 1775 808 1848 quidem
829 1776 851 1831 si
866 1777 955 1843 nobis,
970 1756 994 1818 B
1011 1774 1057 1846 qui
1073 1782 1113 1828 est
1127 1771 1272 1845 eligendus
1287 1773 1314 1826 in
1330 1788 1433 1843 regem,
1449 1772 1519 1826 inter
1531 1776 1571 1826 tot
1587 1770 1710 1842 pericula

158 1871 205 1944 qui
227 1871 302 1929 illius
323 1869 480 1942 superbiam
503 1869 735 1941 parvipendimus,
761 1868 878 1935 deficiat,
898 1886 955 1926 non
1009 1868 1092 1922 bores
1104 1882 1212 1938 sperare
1223 1864 1384 1921 debeamus.
1402 1866 1462 1933 Quia
1477 1864 1509 1919 de
1525 1880 1554 1918 re
1568 1863 1633 1935 quid
1653 1879 1726 1934 prou

158 1964 227 2021 adeo
250 1980 332 2037 grave
351 1963 470 2020 videtur.
487 1963 514 2019 Si
536 1979 600 2018 vero
615 1963 678 2018 sslire
699 1971 801 2018 nostrae
814 1961 954 2027 blatlrildi,
1008 1960 1218 2032 nisiuramento
1232 1967 1323 2014 sancta
1335 1962 1461 2014 Ronaana
1474 1958 1591 2012 Ecclesia
1607 1956 1642 2012 ab
1657 1957 1727 2012 illos

159 2058 238 2128 cujus
256 2057 375 2112 militum
389 2042 564 2128 animosipsi
580 2054 759 2128 perpenditis,
773 2072 789 2111 a
802 2055 881 2112 vobis
895 2055 954 2112 sul·
1008 2062 1060 2120 rat,
1073 2053 1099 2108 in
1113 2052 1238 2123 sequenti
1252 2052 1450 2123 signifieamus.

158 2148 294 2219 lragatum
307 2163 363 2204 non
377 2147 471 2216 luerit,
486 2147 553 2221 quid
564 2146 643 2202 aliud
652 2156 747 2214 restat,
768 2148 819 2203 nisi
834 2157 875 2217 ut,
889 2164 954 2204 cum
1260 2148 1452 2201 terraemotum
1460 2148 1547 2214 'regis

157 2242 200 2297 sui
215 2240 342 2297 resistere
362 2242 563 2309 recusaverint,
588 2255 670 2311 quam
692 2241 785 2313 utique
805 2240 856 2297 lvac
876 2242 905 2296 in
925 2257 953 2298 re
1046 2264 1059 2289 ι
1080 2242 1122 2298 sb
1137 2242 1187 2298 bac
1201 2243 1268 2297 bora
1289 2249 1315 2296 et
1330 2239 1459 2309 deinceps
1482 2237 1568 2293 fidelis
1582 2253 1629 2293 ero
1646 2254 1726 2309 perr

159 2350 210 2405 pro
226 2333 318 2389 insana
343 2332 457 2401 babent,
482 2333 539 2404 ipsa
553 2334 593 2388 vel
616 2342 711 2390 coacta
730 2334 789 2405 paci
811 2333 884 2390 illius
907 2351 954 2389 ae·
1008 2334 1090 2391 isdem
1118 2336 1196 2390 beato
1216 2337 1297 2390 Petro
1320 2333 1444 2404 apostolo
1470 2334 1583 2403 ejusque
1605 2331 1712 2387 vicario

158 2427 291 2499 quiescat,
311 2434 358 2482 aut
380 2424 515 2498 quidquid
535 2426 674 2498 possidere
696 2427 806 2482 videtur
826 2429 955 2483 amittat?
1008 2429 1141 2499 Gregorio
1166 2429 1212 2500 qui
1228 2444 1301 2483 niune
1325 2427 1351 2481 in
1373 2442 1455 2481 eevrne
1471 2426 1553 2480 vivit:
1581 2434 1609 2480 et
1624 2424 1727 2496 quodcv

159 2518 344 2590 Quamobrem
351 2534 528 2591 summopere
538 2518 587 2575 niti
601 2533 649 2574 vos
659 2527 769 2592 oportet
777 2535 839 2576 eam
852 2531 955 2576 certam
1009 2522 1077 2577 milri
1093 2522 1150 2592 ipse
1162 2537 1229 2593 papa
1245 2520 1414 2592 praeceperit.
1430 2517 1481 2573 sub
1503 2518 1544 2573 bis
1557 2517 1685 2572 vilelicet
1700 2534 1726 2573 ιι

157 2611 272 2670 reddere
294 2628 329 2668 sn
344 2628 378 2669 ex
394 2612 471 2669 vobis
486 2611 642 2683 praesidium
656 2622 816 2685 exspectare
839 2613 956 2670 tirmiter
1008 2618 1057 2670 Per
1074 2631 1167 2670 cerum
1178 2616 1366 2673 obedientiam.
1381 2612 1511 2677 fideliter,
1526 2613 1594 2667 sieut
1609 2618 1719 2682 oportet

158 2706 265 2763 debeat.
280 2707 306 2762 Si
329 2706 463 2761 ilenricus
477 2704 549 2761 lorte
570 2704 790 2777 longobardiam
804 2706 954 2772 intraverit,
1008 2709 1130 2764 stianum
1145 2706 1306 2764 observabo.
1331 2709 1371 2760 De
1396 2704 1567 2760 ordinatione
1596 2718 1727 2761 vesoces

157 2798 310 2856 admonere
323 2799 408 2855 etiam
422 2807 462 2865 te,
471 2798 632 2855 charissime
644 2797 752 2864 fratrer,
768 2800 895 2857 volumus
905 2800 953 2856 ‹lu-
1008 2817 1080 2869 reem,
1096 2810 1124 2857 et
1144 2801 1177 2857 de
1190 2801 1270 2855 terris
1283 2799 1322 2855 vel
1337 2814 1420 2854 censu
1435 2814 1497 2869 quas
1510 2796 1727 2853 constantiensi

157 2907 219 2949 cem
232 2891 416 2963 Welpbonem
431 2900 463 2946 ut
483 2890 644 2947 fidelitatem
660 2892 739 2948 beato
760 2895 841 2949 Petro
861 2892 952 2958 iaciat,
1009 2902 1092 2963 rator,
1117 2894 1158 2949 vel
1183 2894 1309 2961 Carolus,
1328 2900 1422 2946 sancto
1448 2894 1529 2946 Petro
1553 2890 1708 2959 dederunt,

156 2985 230 3041 sicut
242 2986 336 3042 coram
351 2984 522 3057 imperatrice
535 2988 641 3057 signeto
652 2994 681 3040 et
693 2985 821 3057 episcopo
830 2987 954 3042 Cumano
1009 2987 1135 3043 carnibus
1160 2986 1283 3041 ecclesiis
1305 2986 1345 3039 vel
1368 2984 1476 3055 praediis
1490 2998 1552 3055 qum
1575 2982 1727 3055 apostoliea

158 3093 266 3135 mecum
289 3078 425 3149 disposuit
438 3093 569 3133 concesso
592 3076 643 3133 sibi
658 3086 853 3149 postmortem
868 3080 953 3150 patris
1009 3081 1042 3135 ab
1056 3078 1311 3150 aliquibusvirisvel
1327 3076 1487 3133 mulieribus
1499 3076 1591 3148 aliquo
1603 3083 1727 3148 tempore

157 3171 216 3243 ejus
237 3171 382 3228 beneflcio.
399 3171 481 3226 illum
499 3171 572 3225 enim
595 3179 687 3226 totum
712 3171 739 3225 ιιι
753 3171 858 3243 gremio
881 3172 952 3228 beati
1009 3173 1099 3228 oblata
1119 3171 1160 3226 vel
1179 3187 1317 3235 concessa,
1332 3180 1358 3225 et
1385 3172 1412 3224 iu
1437 3186 1497 3225 mea
1512 3178 1576 3224 sum
1588 3169 1629 3224 vel
1644 3166 1727 3225 luerit

158 3265 233 3321 Petri
253 3264 440 3321 desideramus
460 3264 605 3331 collocare,
624 3271 652 3319 et
673 3264 708 3320 ad
732 3264 792 3335 ejus
812 3265 953 3321 servitium
1009 3274 1116 3332 testate,
1129 3265 1166 3319 ita
1178 3266 1340 3319 conveniam
1353 3280 1416 3319 eum
1428 3280 1506 3335 papa,
1520 3272 1550 3317 ut
1564 3262 1719 3332 periculum

156 3357 314 3430 specialiter
328 3372 484 3429 provocare.
500 3359 588 3427 Quam
600 3357 767 3413 voluntatem
783 3357 806 3413 si
817 3358 844 3413 in
857 3374 901 3428 co,
912 3359 954 3415 vel
1009 3359 1070 3431 legii
1087 3367 1115 3413 et
1133 3358 1316 3428 perditionem
1331 3358 1428 3412 atrimae
1448 3372 1517 3411 useae
1538 3372 1593 3410 non
1608 3355 1727 3411 incurrat

157 3451 238 3507 etiam
251 3451 279 3506 in
303 3450 363 3506 aliis
387 3450 544 3522 potentibus
564 3449 627 3505 viris
649 3466 743 3506 amore
758 3451 789 3505 Β.
812 3453 885 3507 Petri
905 3469 954 3523 pro
1008 3455 1068 3508 Deo
1091 3460 1242 3524 sanctoque
1265 3452 1357 3516 Petro,
1379 3448 1524 3520 adjuvaute
1547 3448 1671 3515 Christo,
1693 3446 1724 3507 di

157 3559 270 3600 suorum
284 3552 462 3615 peccatorum
476 3543 649 3600 absolutione
661 3544 759 3611 ductis,
775 3545 953 3617 cognoveris,
1009 3546 1145 3601 bonorem
1157 3553 1184 3599 et
1197 3544 1343 3600 utilitatem
1358 3542 1532 3614 impendam,
1548 3550 1575 3597 et
1590 3557 1622 3596 eo
1639 3542 1683 3598 die
1697 3558 1727 3615 qr

157 3645 188 3694 ut
202 3636 345 3709 perlieiant
360 3637 481 3701 elabora,
496 3653 601 3708 nosque
614 3646 705 3693 certos
719 3636 833 3694 reddere
846 3638 956 3711 diligen·
1011 3638 1087 3695 illum
1102 3637 1229 3709 primitus
1244 3636 1344 3697 videro,
1360 3636 1475 3691 fideliter
1486 3652 1534 3707 per
1548 3651 1649 3690 manus
1661 3650 1727 3692 mes

157 3737 199 3783 tor
212 3744 337 3800 procura.
354 3731 414 3784 Hac
434 3729 510 3784 enim
525 3729 638 3797 fiducia,
653 3737 685 3785 ut
696 3730 782 3785 ltalici
800 3731 899 3787 remoti
921 3732 955 3787 ab
1009 3732 1047 3787 les
1062 3731 1146 3787 sancti
1161 3732 1231 3786 Petri
1242 3739 1270 3786 et
1283 3730 1356 3785 illius
1367 3728 1480 3785 ciliciae.
1493 3753 1504 3776 ι
1516 3732 1618 3783 Verum
1629 3729 1727 3800 quonia

157 3820 277 3876 ilenrico
299 3820 391 3889 nobis,
415 3822 472 3877 imo
493 3823 524 3876 B.
542 3823 625 3877 Petro
651 3821 767 3878 lideliter
784 3822 953 3893 adbaereaut,
1010 3825 1143 3896 ligionem
1155 3833 1231 3879 triam
1246 3823 1407 3893 spostolicae
1422 3822 1477 3877 sedi
1493 3821 1602 3877 lidelem
1616 3830 1646 3876 et
1666 3837 1728 3893 pror

155 3915 216 3969 Deo
231 3912 386 3987 adjuvante,
407 3911 516 3969 elllcere
538 3914 685 3970 credimus.
705 3918 840 3971 Praeterea
853 3915 955 3972 admo·
1009 3926 1136 3973 tenemus
1150 3926 1178 3973 et
1191 3916 1385 3988 experimentis
1407 3932 1463 3971 uon
1482 3916 1653 3979 dubitamus,
1673 3914 1727 3972 de'

157 4006 239 4063 nendi
253 4014 319 4063 sunt
337 4021 435 4062 omnes
457 4007 484 4062 in
506 4007 628 4079 partibus
648 4007 743 4063 vestris
758 4008 908 4064 Dominum
921 4010 955 4065 ti·
1009 4010 1073 4083 quid
1087 4010 1268 4066 minuendum
1287 4012 1327 4065 vel
1342 4009 1500 4080 augendum
1517 4007 1672 4075 eensueris,
1694 4024 1728 4065 ns

157 4108 275 4167 mentes,
290 4114 323 4155 ac
343 4114 451 4171 sponsas
471 4098 570 4155 Christi
586 4098 739 4156 libertatem
758 4100 910 4173 diligentes,
925 4112 956 4159 ut
1008 4119 1072 4159 men
1085 4103 1381 4176 praetermissointegro
1392 4101 1530 4158 lidelitatis
1542 4100 1638 4165 modo,
1650 4101 1728 4159 etobs

158 4208 215 4250 non
236 4192 326 4263 aliqua
351 4191 438 4263 gratia
458 4192 592 4249 suadente
605 4202 653 4249 aut
667 4193 723 4249 ullo
738 4202 815 4251 metu
829 4204 953 4268 cogente,
1007 4197 1053 4253 ιιι
1068 4196 1258 4268 promissione,
1275 4197 1399 4268 potestati
1414 4205 1481 4262 tum,
1498 4202 1525 4249 et
1539 4193 1600 4249 lvdei
1625 4209 1716 4265 quam

158 4293 303 4358 properent
316 4300 377 4341 enm
392 4293 496 4341 temere
508 4300 658 4356 personam
669 4285 784 4359 eligere,
797 4286 877 4361 eujus
891 4305 954 4344 mo·
1008 4291 1090 4345 Petro
1103 4288 1202 4356 debes,
1217 4289 1428 4345 committimus.
1444 4287 1525 4356 erod
1538 4302 1603 4341 vero
1618 4285 1654 4343 de
1664 4303 1728 4344 sace

158 4394 201 4436 res
212 4388 240 4436 et
252 4387 352 4435 caeters
367 4393 430 4450 quse
444 4378 502 4451 regi
522 4386 631 4451 oportet
650 4379 767 4436 inesses
782 4382 955 4453 suscipienda
1008 4381 1060 4438 bus
1083 4381 1278 4452 interrogastis,
1300 4381 1386 4453 placet
1398 4380 1477 4435 nobis
1489 4388 1520 4434 ut
1542 4380 1728 4450 impraesentis

156 4472 319 4531 Christianae
333 4471 474 4544 religionis
487 4471 648 4528 dolensione
661 4482 691 4529 st
703 4488 768 4529 cura
783 4473 951 4531 discordent.
968 4488 993 4550 [ι
1008 4482 1067 4530 tum
1076 4483 1188 4546 propter
1199 4474 1364 4546 populorum
1376 4473 1558 4539 turbationes,
1568 4480 1629 4527 tum
1644 4473 1728 4530 etiarn

158 4566 257 4622 ltlelius
279 4566 378 4637 quippe
394 4564 454 4621 lore
477 4565 645 4622 arbitramur
659 4574 690 4621 ut
712 4566 802 4637 aliqua
818 4583 894 4623 mora
910 4584 952 4623 sc·
1007 4576 1068 4640 pter
1079 4567 1217 4624 bonorum
1228 4569 1361 4639 inopiam,
1377 4567 1479 4623 scilicet
1496 4566 1558 4637 quia
1569 4565 1728 4636 paucissimi

157 4660 280 4715 cundum
305 4659 461 4714 Dominum
483 4657 518 4714 ad
549 4658 683 4715 honorem
697 4668 799 4715 sanctas
828 4660 955 4717 Ecclesiae
1008 4661 1054 4734 qui
1068 4660 1193 4717 fidelibus
1207 4660 1369 4717 Christianis
1383 4659 1472 4715 cilicia
1488 4658 1627 4731 religionis
1642 4674 1726 4730 perso

157 4751 334 4822 provideatur
352 4750 478 4820 idoneus,
500 4767 585 4823 quam
610 4752 728 4808 nimium
748 4751 906 4809 festinando
927 4754 954 4810 in
1008 4770 1058 4827 pro
1072 4754 1328 4826 temporerigorem
1338 4751 1728 4824 canonicumtemperando,d

156 4860 250 4917 regem
272 4844 369 4917 aliquis
392 4845 534 4902 ordinetur
556 4845 689 4917 indignus.
715 4846 824 4902 Scimus
843 4848 955 4919 quidem
1008 4849 1042 4904 tis
1055 4846 1181 4904 sullerrc.
1209 4850 1250 4902 De
1270 4846 1312 4903 bis
1332 4862 1451 4918 namque
1466 4845 1539 4917 pacis
1551 4854 1580 4901 et
1600 4846 1725 4917 tranquil

156 4937 231 5010 quod
254 4936 353 4993 iratres
377 4938 464 4993 nostri
495 4938 577 5011 longo
601 4940 755 4996 certamine
786 4939 955 5013 diversisque
1009 4950 1144 5013 tempore,
1157 4939 1370 5013 quod,l)omino
1378 4939 1536 5006 miserante,
1550 4939 1603 4994 cito
1611 4937 1728 4996 ιιιιιιιιιιι

157 5030 408 5102 perturbationibus
437 5027 603 5104 fatigentur,
629 5032 748 5089 nobilius
772 5041 869 5089 tamen
896 5022 955 5090 ess'e
1007 5033 1110 5100 dimus,
1124 5033 1330 5090 convenientius
1346 5033 1456 5088 tractari
1468 5032 1626 5103 pleniusque
1640 5034 1728 5104 poteri

154 5122 326 5197 dignoscitur
349 5123 437 5179 molto
467 5131 591 5195 tempore
614 5140 664 5196 pro
696 5125 821 5181 libertate
854 5134 955 5182 sanctes
1007 5129 1122 5184 nonicus
1141 5126 1211 5183 ordo
1225 5127 1339 5182 servari.
1358 5127 1494 5182 Caeterum
1508 5125 1542 5181 de
1564 5125 1712 5197 Buggone,

155 5217 284 5273 Ecclesitc
298 5215 450 5284 decertare,
472 5232 555 5289 quam
571 5217 676 5275 miseras
690 5235 722 5274 ae
737 5217 881 5275 diabolica
895 5235 952 5276 ser·
1008 5221 1140 5277 malitiam
1163 5219 1347 5291 significastis,
1362 5219 1481 5275 necdum
1510 5225 1616 5273 tantam
1640 5226 1729 5289 potest

155 5309 235 5366 rituti
250 5309 401 5382 subjacere.
431 5310 545 5367 Cottam
566 5326 683 5382 namque
712 5311 818 5377 miseri,
850 5313 955 5370 scilicet
1007 5313 1134 5371 videlieet
1148 5313 1305 5369 absolvendi
1334 5312 1385 5369 sibi
1416 5321 1474 5368 tam
1495 5320 1599 5367 temere
1619 5314 1728 5369 commi

154 5402 280 5460 membra
293 5403 406 5472 diaboli,
420 5403 585 5477 utejusdem
600 5404 700 5461 misera
714 5406 845 5463 servitute
860 5408 953 5478 oppri·
1006 5422 1057 5463 nec
1068 5406 1152 5462 etism
1173 5405 1350 5462 recordamur
1363 5422 1415 5461 nos
1429 5402 1576 5478 aliquando
1599 5419 1666 5461 eum
1687 5406 1729 5462 vel

154 5504 276 5554 urantur.
289 5497 402 5553 Certant
415 5504 527 5554 econtra
541 5498 665 5554 membra
680 5497 781 5555 Christi
795 5509 826 5556 ut
838 5499 951 5556 eosdem
1006 5516 1089 5556 moue
1100 5500 1141 5556 vel
1155 5499 1212 5554 visu
1225 5508 1320 5555 uotum
1336 5499 1472 5555 babuisse.
1486 5502 1518 5554 ln
1528 5506 1623 5554 sancta
1637 5498 1729 5571 quidet

153 5589 274 5646 miseros
290 5588 326 5647 ad
344 5590 527 5648 Christianam
543 5590 694 5648 libertatem
719 5592 861 5650 reducant.
876 5597 953 5666 era·
1006 5593 1079 5650 nodo
1098 5610 1181 5666 quam
1199 5610 1286 5665 rusper
1301 5599 1358 5650 Deo
1374 5601 1484 5649 auctore
1503 5591 1722 5661 celebravimus,

189 5780 262 5849 (ιιι)
277 5782 353 5848 Nece,
373 5786 457 5839 morte
477 5781 618 5838 Marianus
635 5783 734 5838 Scotum
753 5789 780 5837 et
796 5782 950 5852 bertoldus,
964 5798 1037 5840 anno
1053 5788 1132 5839 1080.
