3870 6164
216 271 268 331 447
556 266 585 323 S.
606 265 767 324 cneaoml
784 267 830 324 vll
848 268 946 327 PAPAE
964 266 1105 325 OPERUM
1123 266 1210 324 PARS
1228 268 1250 324 l.
1269 293 1305 310 -
1322 264 1526 323 aealsrittltt.
1811 267 1866 327 tls

215 393 311 463 rerba,
331 391 439 450 etbmsi
460 406 524 449 aera
539 399 642 460 essem,
657 390 838 461 suscipienda,
864 408 953 466 neque
981 392 1011 449 in
1023 395 1052 460 Α
1065 391 1214 466 quictiam]
1235 390 1270 448 ab
1284 390 1325 448 eis
1345 389 1439 460 habet,
1454 389 1484 446 in
1502 396 1563 447 tuta
1583 390 1657 463 pac'u
1669 390 1868 464 mnwlllitste

216 503 284 555 eum
297 486 413 560 aliquid,
428 485 481 543 nisi
494 485 575 559 legali
589 483 764 543 discussione
780 493 809 544 et
823 485 937 558 judicio,
954 502 1016 560 pro·
1070 482 1209 560 possidere
1228 484 1402 558 permittens,
1425 483 1531 541 nullam
1553 482 1684 557 delnoeps
1702 482 1759 542 fll‘u
1780 483 1868 543 mole-

216 579 407 653 mulgandum.
419 578 473 637 Sed
493 578 552 651 ipse
566 576 648 652 huius
660 577 919 636 mansuetudinisct
933 587 1016 638 tantae
1069 578 1153 637 stiam
1175 579 1284 636 inferas.
1304 577 1440 636 Volumus
1467 576 1542 635 enim
1565 592 1613 635 eos
1632 576 1787 637 areunae
1804 593 1868 653 quar

217 673 357 732 mutatis
373 672 485 741 oblitus,
500 670 622 730 fructum
641 671 833 730 inobedientias
846 672 1017 731 matrissuae
1069 671 1123 729 illis
1141 673 1329 746 praepositurae
1349 679 1414 729 sunt
1430 670 1461 727 in
1479 670 1621 745 integrum
1645 670 1789 744 possidere
1800 686 1868 730 cum

217 769 352 825 Romana
363 765 492 825 Ecclesiae
508 765 608 823 dicitur
618 764 782 835 reddidisse,
795 765 964 840 privilegium
976 780 1017 823 vc
1070 766 1147 822 omni
1161 766 1236 838 pacis
1256 766 1349 838 quiete
1366 773 1399 821 ut
1417 764 1592 838 privilegium
1609 763 1699 823 beata
1719 766 1867 825 memoria

218 858 351 918 ncrandae
365 859 509 917 memoriae
531 857 714 916 antecessoris
736 858 823 915 nostri
847 873 925 931 papae
947 859 1016 916 Ale·
1068 857 1278 931 praedecessoris
1298 858 1387 915 nostri
1402 857 1552 917 Alexandri
1566 874 1652 932 papae,
1668 873 1720 916 nec
1733 859 1766 915 in
1784 858 1868 917 mini·

217 952 321 1013 sandri
348 950 559 1024 confringendo,
585 958 612 1008 et
638 951 877 1009 excommunicato
899 967 916 1009 a
936 951 1016 1010 nobis
1069 967 1117 1008 ma
1138 951 1261 1025 quadbet
1282 961 1362 1024 parte
1384 951 1508 1009 rideatur
1538 948 1662 1026 infringi.
1686 951 1765 1023 Quin
1782 953 1874 1011 etiam·

218 1045 347 1105 Eurardc
361 1045 538 1118 impudenter
548 1043 794 1114 communicando,
809 1054 837 1103 et
849 1059 905 1102 non
925 1045 1016 1103 solum
1070 1044 1245 1117 precipimus
1257 1051 1289 1101 ut
1300 1043 1401 1101 abhinc
1409 1059 1495 1117 usque
1504 1047 1540 1101 ad
1546 1041 1724 1101 festidtatem
1734 1043 1869 1103 Omnium

219 1140 312 1213 ipsam
324 1138 479 1205 decaniam,
491 1135 611 1195 sedfcre
622 1137 715 1194 omnia
722 1137 851 1195 Ecclesiae
863 1137 1016 1195 ministeria
1069 1140 1245 1209 Sanctorum,
1269 1145 1329 1195 tam
1347 1136 1382 1196 de
1402 1136 1445 1195 bis
1465 1152 1552 1211 quam
1564 1139 1599 1194 dc
1615 1137 1713 1195 multis
1732 1136 1795 1195 aliis
1809 1151 1870 1213 quse

219 1231 373 1292 &maniaco
393 1228 546 1299 tendendo,
569 1247 585 1287 a
612 1233 673 1288 Deo
698 1246 870 1303 suspensam,
895 1237 928 1287 ut
948 1230 1016 1289 clim
1069 1229 1121 1286 tibi
1155 1230 1330 1304 objiciuntur,
1363 1230 1502 1287 rationem
1534 1228 1693 1289 redditurus
1716 1238 1747 1288 te
1775 1236 1870 1289 nostra

218 1324 374 1399 apostolicae
389 1323 463 1381 sedis
475 1323 644 1382 sententiam
658 1339 773 1396 operum
791 1339 907 1381 suorum
916 1324 1015 1396 nequi-
1068 1323 1227 1397 conspectui
1245 1330 1434 1396 repraesentet,
1453 1330 1481 1380 ct
1495 1322 1610 1381 interim
1622 1322 1682 1380 bae
1695 1324 1795 1383 omnia
1808 1336 1871 1398 qnae

218 1418 258 1475 tia
271 1417 370 1475 merito
383 1417 510 1475 rideatur
524 1418 554 1474 in
568 1433 597 1475 se
609 1432 780 1490 provocasse.
791 1416 877 1475 Unde
886 1417 1016 1475 volumus
1068 1416 1193 1489 superius
1206 1425 1400 1475 memorantur
1413 1416 1541 1475 canonici
1554 1425 1583 1474 et
1599 1419 1618 1473 J
1619 1416 1790 1486 osclrelinus,
1809 1430 1872 1489 qun

219 1510 379 1584 religionem
392 1519 469 1568 mam
489 1509 638 1584 praefatum
651 1510 811 1584 episcopum
825 1525 1014 1582 commonere,
1069 1512 1158 1580 [torte
1171 1508 1230 1584 qui,
1242 1511 1407 1580 Hsan.,s'ta
1416 1513 1442 1566 et
1451 1512 1600 1579 anuas]
1612 1509 1697 1568 abeis
1707 1508 1871 1585 prepca'tu·

220 1612 359 1677 quatenus
379 1606 439 1662 Deo
465 1612 495 1661 et
522 1603 651 1662 Ecclesiae
673 1619 731 1662 sua
753 1602 901 1662 satisfaciat
925 1611 953 1660 et
977 1604 1014 1661 ita
1068 1617 1129 1659 ram
1142 1610 1228 1673 tenet,
1251 1601 1280 1659 in
1299 1618 1365 1676 pace
1385 1600 1553 1675 possideant,
1579 1601 1775 1677 abbatiamque
1790 1617 1872 1661 asam

220 1698 367 1755 emendare
381 1697 502 1766 studeat,
516 1704 547 1754 ut
560 1706 588 1754 ct
601 1698 713 1770 querela
727 1697 890 1755 clericorum
900 1698 1014 1759 omuino
1067 1693 1142 1754 idem
1154 1696 1325 1754 Josebelinus
1339 1712 1406 1754 cum
1419 1695 1548 1755 omnibus
1564 1696 1622 1754 suis
1635 1695 1697 1753 aliis
1712 1696 1799 1754 rebus
1809 1711 1872 1755 mo·

221 1791 355 1864 sopiatur,
369 1798 398 1848 et
419 1790 534 1848 infamia
547 1806 596 1848 sua
615 1790 652 1848 ad
671 1805 751 1850 aurea
776 1793 933 1863 apostolica
947 1791 1020 1851 sedis
1033 1768 1058 1832 Β
1072 1790 1172 1847 bilibus
1190 1798 1219 1848 et
1231 1788 1419 1847 immobilibus
1438 1789 1564 1847 similiter
1582 1796 1689 1858 teneat,
1705 1796 1736 1846 et
1756 1789 1787 1847 in
1808 1804 1874 1863 pace

224 1884 342 1942 ulterius
353 1899 437 1957 super
450 1883 492 1942 his
503 1885 660 1943 excessibus
672 1900 731 1942 non
743 1883 888 1943 refemtur.
901 1885 1020 1956 Quodsi
1072 1883 1178 1941 nullam
1191 1882 1406 1941 controversiam
1422 1891 1478 1940 ate
1490 1882 1581 1955 aliquo
1603 1881 1687 1940 modo
1707 1880 1874 1940 submissam

221 1976 291 2037 forte
310 1978 407 2035 litteris
428 1979 541 2048 nostris,
555 1994 618 2051 quae
640 1995 689 2051 per
704 1986 732 2034 te
746 1978 797 2036 sibi
821 1979 979 2048 mittuntsrr,
993 1986 1020 2036 et
1072 1976 1202 2051 patiendo
1221 1974 1368 2051 possideat.
1395 1974 1559 2033 Benedictus
1584 1990 1694 2048 quoque
1724 1975 1875 2033 canoniam

222 2070 431 2128 commonitioni
449 2080 505 2128 tuae
518 2071 680 2129 inobediens
705 2071 852 2141 exsulerit,
870 2073 1021 2130 aucmrita·
1072 2086 1153 2129 suam
1165 2071 1217 2128 sub
1230 2069 1327 2128 eadem
1336 2070 1414 2142 pacis
1426 2068 1624 2143 masquillitate
1637 2067 1750 2125 interim
1764 2058 1875 2125 habeat.

222 2173 249 2221 te
267 2163 339 2221 beati
356 2163 428 2219 Petri
444 2164 579 2236 principis
598 2165 803 2236 apostolorum,
823 2180 911 2237 usque
923 2165 959 2222 ad
974 2164 1021 2223 di·
1073 2163 1254 2236 Praecipimus
1267 2162 1349 2220 etiam
1359 2171 1392 2220 ut
1403 2161 1549 2220 canoniam
1556 2176 1721 2219 concessam
1735 2160 1877 2221 alimonie

222 2272 305 2330 mam
315 2255 530 2314 satisfactionem
545 2273 561 2314 a
576 2258 775 2315 communione
786 2259 911 2331 corporis
920 2266 949 2317 et
961 2274 1023 2317 san·
1073 2273 1238 2331 pauperum,
1250 2273 1335 2332 quam
1349 2256 1385 2314 ab
1398 2272 1431 2314 co
1445 2272 1498 2314 usu
1512 2255 1681 2312 subtractam
1693 2253 1799 2315 dicens
1814 2270 1878 2313 ren·

223 2349 314 2423 guinis
337 2349 451 2407 Domini
481 2350 569 2407 nostri
599 2353 665 2408 Jesu
691 2350 796 2408 Christi
817 2366 882 2408 eum
902 2366 1019 2424 separes,
1072 2349 1186 2420 didisse,
1206 2350 1241 2408 ad
1255 2350 1385 2408 eumdem
1406 2365 1488 2409 usum
1501 2348 1639 2407 restituas.
1660 2347 1689 2405 Si
1703 2346 1879 2422 quidembis

223 2450 359 2516 quawnus
372 2451 505 2515 quantum
522 2441 602 2500 factis
621 2443 677 2502 suis
697 2443 852 2501 Dominum
872 2443 1022 2504 offenderit
1073 2444 1173 2502 nosuis
1187 2443 1328 2518 praeceptis
1342 2458 1373 2500 ac
1384 2443 1497 2500 monitis
1521 2441 1681 2501 obedienter
1694 2442 1877 2515 obtempera-

224 2536 265 2592 rel
280 2537 307 2593 in
317 2537 371 2594 boc
383 2546 571 2611 recognoscat.
1074 2538 1156 2607 reris,
1179 2547 1207 2594 ct
1226 2552 1288 2610 quae
1301 2537 1331 2594 in
1344 2536 1396 2593 illis
1412 2536 1592 2594 continentur
1616 2542 1715 2594 cuneta
1737 2535 1877 2608 patienter

261 2631 333 2687 Data
342 2632 442 2689 Romae
453 2631 665 2701 [mutnomap
676 2646 771 2690 mense
779 2631 878 2705 Aprili,
888 2631 946 2690 ind.
956 2647 1020 2692 xer.
1074 2629 1242 2704 impleveris,
1278 2629 1432 2688 laetabimur
1464 2637 1577 2704 propter
1604 2643 1699 2703 pacem
1734 2627 1878 2697 Ecclesiae,

479 2727 656 2784 EPISTOLA
676 2727 767 2783 Xl'll.
1074 2725 1198 2800 alioquin
1218 2725 1287 2782 scias
1317 2733 1345 2781 te
1366 2723 1400 2780 ab
1423 2724 1499 2781 omni
1522 2722 1670 2797 episcopali
1694 2719 1792 2780 officio
1816 2736 1876 2780 esee

279 2831 321 2878 sn
335 2833 686 2879 narremurssarscoanss
698 2834 967 2881 susssuasrtsass.
1074 2834 1247 2894 suspemum‚
1271 2826 1299 2876 ct
1320 2818 1544 2876 ceommunionc
1562 2817 1682 2891 corporis
1694 2825 1723 2874 et
1737 2814 1878 2890 angulas

532 2912 721 2980 (annotata.)
1075 2912 1189 2973 Domini
1202 2912 1290 2972 nostri
1300 2913 1366 2970 lesu
1377 2910 1477 2970 mrsu
1492 2918 1661 2985 separatum.

111 3020 119 3027 ··
226 3003 404 3074 Arpulteum
418 3005 979 3075 mutataprcctpttqueurccoootccs
996 3010 1023 3062 ct
1111 3010 1183 3066 Data
1211 3009 1321 3077 Romae,
1349 3021 1445 3066 mense
1468 3005 1568 3079 Aprili,
1600 3003 1748 3064 indictione
1770 3003 1879 3065 deuna

262 3075 443 3160 Jocclsele'uuat
453 3077 677 3160 praeposituram,
688 3073 860 3131 mactum
873 3091 933 3159 uero
943 3090 1023 3132 cauo·
1079 3109 1185 3177 quam·

220 3192 233 3209 ,
281 3147 338 3200 tam
348 3145 490 3217 possedere
501 3150 584 3208 aaut,
599 3150 625 3201 ct
638 3160 791 3218 pauperum
813 3160 958 3201 caucasum
981 3162 1026 3203 re·
1042 3148 1065 3213 c

260 3219 367 3279 stum,
389 3216 1024 3275 mammaemammal
1325 3196 1503 3255 EPssTOLA
1519 3196 1626 3253 XVHI·

259 3287 530 3343 redditurutvtaial·
600 3339 601 3343 ,
1165 3313 1209 3356 sn
1221 3313 1564 3359 srrseorrnrsnesscoenss
1577 3313 1611 3356 m
1624 3311 1791 3356 nrsnssts.

262 3379 868 3453 cmecsscscpieccpus,sorvosservorom
882 3382 943 3452 Dei,
958 3385 1025 3442 ltss-
1368 3397 1467 3460 (Auro
1496 3397 1586 3460 1070.)

227 3486 321 3533 rasso
340 3473 532 3532 aurelianensi
555 3473 698 3548 episcopo,
720 3475 837 3533 saluum
860 3484 889 3534 et
908 3476 1023 3551 apostoli
1079 3487 1252 3547 commearat
1266 3486 1323 3558 ejus
1337 3503 1403 3556 erpa
1414 3489 1563 3543 Romam
1574 3487 1719 3543 numum
1729 3485 1881 3543 obremus·

228 3581 290 3625 mm
310 3565 544 3636 angelomum,
565 3566 589 3626 ,ξ
609 3567 756 3627 obedierit,
1113 3561 1196 3614 tum.
1213 3561 1345 3615 Hortatur
1356 3563 1388 3614 ut
1400 3559 1552 3629 apostolicae
1564 3558 1634 3614 sedes
1648 3557 1752 3621 &ueta
1763 3559 1883 3628 flander

1113 3630 1300 3701 amplectatur,
1322 3633 1348 3685 et
1367 3632 1516 3686 ftomam
1532 3629 1650 3684 mirem
1674 3627 1814 3683 obseruari
1832 3643 1884 3684 cst-

242 3752 248 3765 .
264 3659 390 3765 Gmioef
409 3667 438 3717 et
457 3676 543 3734 mm
567 3660 603 3718 'd
616 3661 802 3768 ”lfimnd'm
814 3670 870 3721 tuae
882 3664 1023 3770 mmm:
1112 3705 1163 3756 ret.
1174 3702 1357 3771 Respondetes'
1367 3715 1395 3756 cc
1406 3700 1472 3755 celle
1482 3699 1713 3770 apostolicaesedis
1726 3698 1883 3754 dmdadr

227 3761 264 3809 trs
281 3750 425 3809 audactam
439 3760 535 3811 contm
548 3761 576 3812 te
588 3763 688 3813 merito
710 3771 956 3827 commoreremur,
971 3756 1024 3814 nist
1113 3770 1275 3827 celebrande,
1289 3772 1411 3828 &cleia
1423 3772 1521 3840 ,spem-r,
1537 3770 1571 3824 ap
1585 3771 1641 3825 pp,
1655 3770 1808 3837 mmm-3
1821 3769 1883 3825 aa„

228 3844 378 3918 apostolica
403 3846 619 3906 mansuetudine
635 3849 834 3908 detineremur.
862 3852 924 3924 lpse
947 3850 1024 3909 cuim
1112 3846 1201 3899 ”wael
1215 3846 1244 3897 lli
1265 3858 1296 3898 θα
1309 3844 1339 3897 ὑὶ
1357 3843 1491 3913 Hflfltlm'ss
1504 3847 1530 3897 el
1543 3842 1659 3899 Gallim
1673 3840 1781 3896 illvm
1793 3847 1880 3897 Wlff-

230 3937 388 3996 meminisse
400 3937 484 3998 debes
502 3949 531 3998 et
552 3950 630 4015 potes
647 3943 764 4016 qualiter
782 3942 943 4001 venerandas
960 3958 1024 4001 me·
1112 3945 1287 4003 Graeculus
1300 3944 1453 4018 episeopus,
1476 3959 1570 4001 servm
1587 3957 1729 4000 servorum
1751 3943 1815 4011 Dei,
1831 3940 1882 4000 Sr-

231 4032 328 4090 moria
349 4032 534 4106 predecessor
547 4044 652 4105 noster,
675 4036 835 4095 Menander
849 4052 919 4111 papa
941 4036 1023 4095 deca·
1077 4053 1173 4098 rssons
1182 4038 1378 4112 Hispaniarum
1387 4038 1524 4112 episcopo,
1532 4038 1651 4096 salutem
1662 4044 1691 4094 et
1699 4035 1883 4110 apostolicam

228 4125 303 4183 niam
323 4125 370 4197 [de
391 4126 514 4199 decania]
528 4129 634 4186 Sanctae
659 4130 764 4200 Crocia
787 4130 847 4189 riso
864 4128 1024 4189 donationis
1077 4131 1308 4191 benedictionem.

229 4229 285 4278 tuae
297 4236 330 4279 es
346 4220 441 4280 eadem
458 4224 646 4298 prepositura.
663 4222 786 4294 decreto,
802 4223 872 4283 illud
885 4224 1024 4283 mnonicis
1112 4226 1232 4300 &gultis
1250 4224 1432 4284 fraternitatis
1453 4233 1509 4283 tuae
1524 4224 1633 4294 litteris,
1654 4222 1755 4298 gaudio
1779 4237 1883 4281 sumus

228 4314 283 4371 tuis
305 4314 499 4390 deferentibus,
515 4318 555 4375 eis
568 4333 617 4391 per
629 4318 784 4376 munimina
796 4318 953 4392 apostolica
975 4335 1024 4377 ro-
1077 4320 1182 4393 replcti,
1203 4320 1334 4393 quioniam
1347 4335 1408 4377 mm
1424 4334 1509 4394 quam
1523 4335 1588 4394 erga
1607 4321 1764 4376 Romanam
1782 4315 1883 4375 Eccle-

230 4408 392 4482 boratlonis,
402 4410 481 4484 Juxta
503 4427 611 4471 morem
624 4419 679 4472 tuae
702 4413 858 4472 donationis
876 4412 1027 4473 conflrma-
1080 4414 1148 4470 siam
1162 4411 1247 4471 fldem
1260 4421 1290 4469 et
1301 4412 1477 4470 devotionem
1491 4413 1560 4487 geris
1572 4412 1602 4469 in
1618 4412 1658 4470 eis
1670 4411 1749 4485 plene
1762 4409 1883 4484 agnori-

231 4505 309 4575 rerit,
329 4514 358 4565 ct
375 4507 528 4580 subscripto
540 4507 715 4567 anathemate
728 4508 885 4581 apostolica
905 4508 1026 4565 aucun·
1039 4525 1066 4589 p
1079 4524 1152 4575 mus,
1167 4515 1195 4564 et
1218 4505 1294 4580 qnod
1312 4523 1370 4565 non
1392 4506 1545 4565 adulterino
1566 4521 1628 4564 eam
1647 4520 1726 4563 more
1737 4504 1882 4575 deeercre,

230 4600 305 4668 tatis,
317 4608 375 4657 tam
389 4610 417 4659 te
430 4617 514 4675 quam
527 4617 628 4660 omnes
642 4601 807 4671 bomincs,a
825 4601 952 4658 violentia
966 4601 1026 4675 Jam
1078 4601 1128 4660 sed
1150 4601 1278 4675 legitimas
1297 4601 1380 4674 prolis
1413 4600 1585 4658 successione
1606 4598 1734 4673 amplecti
1767 4597 1885 4657 deside-

232 4692 311 4751 dictte
333 4695 519 4768 praepositura
533 4711 580 4768 per
601 4696 777 4770 privilegium
802 4711 861 4754 suae
880 4694 1027 4753 conflrma-
1078 4711 1134 4755 raa.
1157 4697 1338 4769 Quapropter,
1359 4693 1517 4752 cbariuime
1540 4693 1636 4762 frater,
1665 4706 1775 4752 necne
1793 4698 1885 4751 sant

230 4786 525 4860 tioniscompescuerit.
536 4789 621 4862 Cuius
629 4789 776 4848 anathema
790 4789 1027 4847 excommunicato
1079 4791 1151 4849 bene
1164 4790 1318 4862 incoeptum
1331 4796 1405 4846 recto
1419 4788 1517 4846 funem
1535 4786 1695 4862 gradiatnrr
1721 4800 1774 4844 nec
1787 4785 1886 4843 bare—

229 4879 355 4937 liurardo
368 4880 530 4950 [Ererardo]
546 4882 788 4951 communicando,
800 4882 929 4957 quodam
941 4883 1027 4941 ctiam
1080 4885 1135 4942 tica
1157 4883 1241 4941 debet
1259 4883 1391 4957 pravitate
1406 4881 1493 4939 minui
1510 4881 1586 4955 quod
1602 4879 1752 4955 apostolica
1770 4886 1886 4951 comt

228 4972 325 5032 durius
338 4982 381 5031 est
400 4973 649 5045 (sieutdiciturlsb
662 4990 696 5031 eo
715 4975 835 5047 pretium
853 4976 1022 5049 accipiendo,
1080 4977 1227 5036 traditione
1249 4976 1396 5034 sancitum
1427 4975 1586 5049 apostolica
1613 4976 1686 5032 enim
1708 4973 1800 5043 sedes,
1833 4973 1885 5031 atii

229 5067 378 5124 temerario
399 5082 468 5125 ausu
491 5066 629 5123 insumere
648 5082 708 5124 non
729 5069 859 5139 timuisti,
880 5078 909 5128 et
934 5078 1022 5128 totam
1081 5071 1207 5147 quamvis
1227 5071 1355 5128 immeriti
1381 5073 1441 5126 Deo
1459 5078 1573 5128 auctore
1599 5068 1788 5142 presidemus,
1820 5067 1886 5141 ipa

230 5159 380 5219 &oldam
394 5157 553 5232 perturbare
564 5158 671 5218 nefario
682 5160 753 5217 fastu
767 5164 904 5235 superbiae
924 5163 1023 5222 ductos
1082 5165 1252 5240 gubernante
1275 5164 1353 5221 firma
1379 5163 1530 5236 permansit
1552 5163 1588 5220 ab
1623 5162 1689 5236 ipsis
1710 5158 1886 5235 primordiis,

229 5268 280 5325 pro
305 5252 391 5309 nlltilo
421 5252 549 5311 habuisti.
572 5251 655 5312 Unde
680 5258 922 5330 praesumptionem
944 5266 1023 5315 tuam
1082 5272 1171 5332 eoque
1188 5266 1284 5314 tuente
1302 5256 1404 5314 illibata
1423 5265 1554 5330 perpetro
1567 5254 1748 5330 permanebit,
1761 5262 1886 5314 testante

229 5345 300 5419 iuste
322 5344 433 5420 qmdem
457 5361 586 5405 coercere
608 5349 766 5420 apostolicos
786 5350 1026 5411 animadversionis
1083 5351 1182 5410 eodem
1195 5351 1315 5408 Domino
1331 5371 1338 5408 ι
1354 5354 1476 5423 Epopea
1489 5357 1515 5408 te
1534 5353 1641 5421 ropaos',
1662 5353 1695 5406 ut
1707 5348 1887 5420 conmutat

229 5437 350 5497 dedicta
372 5439 545 5511 deberemus,
569 5439 617 5499 sed
636 5456 684 5515 spc
705 5440 806 5501 futura
830 5443 1027 5502 emendationis
1082 5447 1147 5517 tides
1160 5449 1224 5513 tua;
1238 5449 1265 5501 et
1278 5449 1319 5509 tu,
1339 5445 1489 5517 albuaodo
1503 5459 1662 5510 eorum,
1676 5447 1805 5515 mauras
1817 5443 1888 5511 tra-

230 5530 322 5591 adbuc
337 5548 466 5592 excusus
490 5541 554 5592 usos
567 5533 737 5594 sufferimus.
755 5537 915 5609 apostolica
938 5538 1030 5612 ltaque
1084 5543 1211 5596 trestws
1222 5541 1294 5608 (Luc.
1312 5540 1475 5610 anstrudis
1487 5536 1662 5612 itaqoefolta
1674 5535 1810 5611 presidiis
1821 5537 1888 5592 Ro-

229 5624 280 5684 tibi
295 5627 457 5685 auctoritate
470 5629 655 5703 precipimus,
669 5638 808 5701 acaunus
820 5646 838 5687 a
852 5638 929 5689 mata
940 5640 1030 5691 mmc-
1084 5648 1166 5691 mana
1178 5642 1205 5692 te
1217 5635 1294 5707 cupit
1308 5633 1377 5691 scire
1397 5632 1518 5692 Ecclesia
1532 5631 1610 5706 quod
1622 5631 1704 5699 blios,
1715 5645 1785 5707 quos
1798 5629 1888 5688 (bsi-

229 5719 310 5778 ritatc
321 5720 379 5794 jam
394 5722 518 5779 animum
540 5738 662 5794 revoces,
682 5732 710 5781 et
722 5723 886 5795 predictam
901 5726 1032 5799 praeposi·
1083 5736 1126 5785 sto
1145 5726 1243 5796 nutrit,
1257 5743 1313 5784 non
1327 5727 1440 5784 dirersis
1454 5727 1597 5795 uberibus,
1612 5740 1664 5782 nec
1683 5723 1792 5783 diverso
1806 5722 1890 5795 cupit

230 5820 322 5873 mrem
335 5813 484 5887 canonicis,
503 5825 529 5875 et
546 5818 705 5874 Josclrelino
716 5817 763 5890 qui
776 5832 840 5877 eam
850 5818 1036 5887 [isoscbulac
1082 5820 1157 5879 alere
1169 5822 1250 5894 lacte,
1265 5829 1307 5892 ut,
1319 5821 1471 5880 soeundum
1487 5820 1661 5895 Apostolum,
1676 5819 1733 5876 sint
1742 5830 1842 5885 mum,
1854 5824 1890 5875 et
