3870 6164
136 286 189 342 ⁸79
477 280 506 337 S.
525 278 686 337 sausoith
704 281 749 337 vll
767 280 864 369 PllPAE
883 280 1125 338 opustestatus
1143 281 1164 337 l.
1183 308 1220 321 —
1238 275 1440 336 assistatis.
1731 278 1785 335 tto

137 424 230 467 tersas
256 408 382 482 regiones
402 413 550 464 censentur
575 405 707 480 episcopi,
733 406 869 463 diabolica
891 407 930 462 in·
945 407 1138 474 mutationem
1154 404 1385 476 beatiPetri‚quae
1396 402 1671 476 Simonemhlagum,
1686 417 1787 461 eornm

138 503 271 560 llantmati
296 500 433 574 superbia,
453 509 575 556 sanctam
601 502 757 557 Romanam
779 500 933 557 Ecclesiam
986 501 1080 574 utique
1093 500 1268 574 magistrum,
1282 499 1319 556 ad
1338 498 1434 554 altiora
1447 497 1609 554 tendentem
1623 495 1789 553 mirabiliter

138 597 229 653 conati
246 605 312 652 sunt
324 593 506 662 coniundere;
521 592 571 649 sed
592 609 640 665 per
653 593 786 650 auxilium
809 593 935 666 omnipo·
986 595 1096 668 deiecit,
1110 609 1255 667 speramus
1265 594 1377 649 utinam
1386 608 1485 649 eorum
1498 608 1555 649 uon
1569 591 1617 649 diu
1629 599 1789 648 remoratu-

138 688 291 757 tentisDei,
303 696 330 745 et
344 687 538 745 auctoritatem
546 686 618 742 beati
632 687 715 756 Petri,
730 687 824 759 iniqua
834 702 933 743 eorum
985 704 1057 757 ram,
1072 697 1101 745 et
1112 688 1233 761 quietem
1251 695 1355 744 sanetae
1371 685 1511 753 Ecclesiae,
1525 686 1604 743 vietis
1620 694 1650 742 et
1666 684 1789 743 confusis

139 781 327 855 presumptio,
338 780 456 839 sicnteis
468 779 662 836 verecundiam
676 788 705 836 et
726 778 931 847 confusionem,
984 781 1110 840 hostibus
1139 782 1215 851 auis,
1239 795 1320 839 more
1346 781 1428 838 solito
1450 779 1649 853 gloriosissime
1671 777 1788 836 dilatate

138 875 175 933 ita
191 875 348 949 apostolicae
359 875 417 932 sedi
431 875 547 947 gloriam
557 873 674 930 contulit
685 881 714 929 et
727 873 931 930 exaltationem.
986 875 1060 933 dam.
1084 879 1142 933 Vos
1162 876 1266 949 itaque,
1281 871 1450 932 dilectissimi
1463 872 1573 943 iratres,
1600 872 1790 930 innocentiam

136 970 277 1045 Siquidem
296 968 444 1026 aminimo
458 982 546 1039 nsque
567 965 783 1036 admaximum,
809 966 933 1024 videlicet
986 969 1141 1028 communis
1154 969 1250 1026 matris
1267 977 1364 1025 vestrae
1377 975 1478 1025 sanetae
1500 969 1637 1025 Romanas
1660 966 1790 1024 Ecclesia

56 1046 61 1053 ’
137 1064 194 1121 Η...
216 1064 325 1131 [scilicet
339 1061 492 1118 Henricum
514 1062 616 1133 regem]
640 1059 687 1131 qni
712 1068 808 1117 vertex
839 1075 934 1132 regem
986 1063 1201 1137 perpendentes,
1215 1072 1243 1121 et
1258 1061 1530 1135 quantumdiabolus
1546 1061 1675 1118 membra
1692 1076 1742 1118 sua
1755 1061 1789 1118 ad

137 1159 230 1227 ilorte,
243 1170 350 1227 regum.
365 1154 491 1224 Haemi,
506 1153 552 1226 qui
578 1160 668 1210 vertor
690 1161 717 1209 ot
738 1162 834 1211 auctor
848 1154 934 1225 pesti·
987 1155 1159 1214 inferendam
1179 1156 1302 1231 praefatae
1318 1157 1459 1228 Romsnaej
1473 1155 1603 1212 Ecclesiae
1622 1153 1791 1227 inquietudi-

136 1248 186 1306 ieri
205 1247 309 1304 consilii
322 1245 408 1303 fuisse
421 1246 564 1318 probatur,
579 1260 628 1316 per
644 1245 766 1318 plurima
786 1261 934 1319 eorpomm
989 1267 1050 1308 nem
1065 1260 1202 1316 exerceat,
1229 1250 1443 1318 considerantes,
1458 1248 1531 1306 sicut
1547 1248 1645 1317 decet,
1658 1257 1688 1305 et
1703 1247 1789 1306 officii

137 1350 165 1397 et
178 1339 334 1396 animarum
353 1340 473 1412 pericula
488 1339 621 1411 persensit
634 1347 750 1410 quantas
774 1339 846 1396 beati
857 1337 934 1395 Petri
989 1343 1071 1402 vestri
1095 1344 1217 1401 debitum
1237 1343 1328 1416 exigit,
1343 1343 1517 1400 orationibus
1544 1343 1663 1416 aliisque
1685 1343 1788 1410 modis,

139 1433 335 1491 auctoritaaad
349 1431 535 1490 ulciscendam
554 1448 651 1489 eorum
674 1432 846 1504 iniquitatem
866 1432 935 1489 vires
988 1437 1086 1512 quibes
1106 1437 1241 1494 laboranti
1255 1438 1336 1493 matri
1358 1436 1574 1494 succurrendum
1596 1446 1654 1505 est,
1676 1452 1789 1510 operam
1833 1486 1840 1495 .

138 1527 270 1585 obtineat.
297 1526 378 1584 Scitis
402 1527 476 1583 enim
493 1526 556 1598 quia
577 1535 700 1598 ternpore
717 1526 824 1584 domini
847 1525 935 1582 nostri
980 1531 1165 1604 'studiumque
1184 1530 1344 1604 impendite,
1361 1539 1496 1603 quatenus
1508 1540 1638 1603 appareat
1659 1545 1709 1589 vos
1726 1531 1789 1605 legi.
1821 1563 1840 1578 .

140 1636 216 1694 papae
239 1627 309 1680 h...
328 1619 499 1695 [Alexandri]
509 1619 584 1693 quod
605 1620 680 1676 idem
694 1621 765 1676 lt...
779 1618 933 1693 [ilenricus]
988 1626 1072 1682 timos
1083 1625 1142 1698 ejus
1163 1625 1234 1681 lilios
1246 1605 1316 1695 esse,
1334 1625 1475 1698 ipsiusque
1494 1624 1704 1693 contumeliam,
1726 1641 1790 1696 par·
1807 1653 1840 1666 -

138 1714 245 1788 injuris
258 1715 388 1772 Ecclesiae
402 1714 481 1771 Beati
496 1714 569 1770 Petri
585 1730 632 1787 per
646 1712 779 1771 cadulum
795 1714 855 1785 [qui
867 1714 936 1769 alibi
990 1709 1046 1776 tita'
1057 1721 1203 1776 nobiseum
1226 1718 1326 1774 laboris
1343 1718 1497 1790 diligentia,
1520 1732 1552 1775 er
1566 1717 1651 1775 sorde
1674 1719 1788 1775 molire
1815 1758 1840 1772 -

137 1809 281 1866 Cadalous.
306 1811 406 1866 Hane.
429 1805 565 1881 cedulam]
581 1806 681 1864 inlerrs
693 1806 896 1880 excogitaverit,
907 1816 936 1864 et
952 1779 976 1842 B
992 1813 1108 1883 Quodsi
1125 1811 1228 1869 fueritis
1240 1812 1308 1868 socii
1317 1813 1528 1885 compassionis,
1540 1812 1629 1881 eritis,
1640 1811 1840 1869 auxiliantee

138 1902 167 1958 in
193 1910 325 1975 quantam
347 1917 485 1974 quamque
508 1900 707 1973 turpissimam,
733 1900 835 1958 mundo
855 1909 935 1970 teste,
990 1911 1062 1973 Deo,
1076 1907 1177 1965 taetitiae
1190 1906 1333 1979 participes
1343 1913 1371 1963 et
1389 1906 1595 1963 consolationis.
1611 1908 1722 1964 (laetere
1731 1918 1839 1979 quase

139 1992 306 2053 confusionis
324 1993 432 2052 iuream
447 2010 512 2051 cum
534 1992 634 2050 eodem
648 1992 751 2050 Cadulo
763 1992 862 2051 cadere
874 2010 936 2051 me·
990 2018 1046 2059 oon
1065 2002 1240 2067 inseruimus,
1261 2000 1358 2072 legatis
1372 2001 1483 2069 nostris,
1504 2001 1605 2074 quibus
1618 2000 1692 2058 sicut
1707 2000 1839 2058 nobis·

139 2088 204 2157 ruit,
218 2095 246 2144 et
258 2095 361 2160 quanto
376 2086 480 2143 honore
492 2086 654 2158 quantisque
665 2085 812 2159 triumphis
824 2087 850 2142 in
860 2104 937 2144 exer·
990 2095 1100 2153 eredere
1114 2094 1237 2167 potestis,
1250 2093 1392 2151 referenda
1405 2093 1608 2152 commisimus.

140 2181 269 2239 citatione
289 2179 362 2238 iilius
372 2180 530 2237 certaminis
542 2183 577 2235 ll.
603 2181 634 2235 P.
645 2179 808 2248 [reverenda
819 2181 938 2252 paterni·
1026 2188 1097 2241 Data
1113 2184 1216 2253 Cieani,
1232 2182 1397 2241 duodecimo
1412 2182 1554 2240 Kalendas
1568 2184 1702 2257 Augusti.

139 2282 193 2345 tas,
205 2274 254 2331 hoc
262 2280 303 2331 est
311 2273 475 2346 respublica.
493 2272 938 2345 Hartmlnostraproiecerit.Sci·
1264 2278 1440 2334 EPlSTOLA
1472 2279 1520 2335 Vl.

142 2368 177 2426 tis
198 2368 280 2425 etiam
305 2382 388 2441 qnam
416 2366 584 2423 detestandis
603 2366 854 2439 conspirationibus
875 2377 938 2425 ante
1294 2386 1337 2427 an
1356 2386 1487 2428 aosnntr.

57 2482 62 2487 ·
140 2478 228 2520 annos
237 2470 303 2531 tres,
319 2461 457 2534 praecipne
467 2458 712 2531 Longobardorum
721 2460 840 2534 episcopi
854 2478 883 2518 se
892 2461 939 2518 ad
1294 2463 1386 2525 (Αυηο
1405 2466 1495 2525 1080.)

141 2572 252 2615 tersum
266 2570 328 2623 nos,
344 2554 443 2611 eodem
457 2555 527 2610 ib...
549 2553 730 2626 principante,
750 2563 937 2623 armaverunt,
994 2555 1028 2609 ti
1039 2555 1168 2609 allr'cbcoii
1181 2555 1699 2625 impetatoriConstantinopolitano,ab
1709 2558 1839 2626 uapor

142 2658 169 2708 et
180 2647 254 2723 qnod
268 2663 316 2722 per
336 2646 523 2705 defensionem
543 2647 614 2703 beati
634 2647 707 2704 Petri
731 2647 806 2704 illaesi
821 2656 848 2704 et
861 2649 936 2706 ittco·
1027 2628 1133 2681 mmm
1146 2626 1278 2726 qimai?
1301 2625 1399 2708 ‘wisse
1413 2626 1502 2709 ⁰li⁶f⁰t
1515 2631 1541 2680 θ’
1557 2624 1838 2712 ‘'¹3⁰⁸‘de

141 2744 229 2799 lumes
241 2741 361 2798 nonsine
371 2756 468 2813 magna
477 2748 583 2809 nostra,
593 2749 807 2813 nostrorumque
816 2741 939 2799 fidelium
1028 2697 1798 2837 {222ssssmsaffffl‘ffl'wfflfflffiffi

141 2834 254 2892 honoris
273 2833 439 2891 exaltatione
452 2833 643 2890 remansimus.
658 2832 714 2890 illis
736 2849 800 2890 vero
820 2835 939 2906 priorem
1028 2845 1059 2893 ut
1073 2841 1098 2893 ei
1119 2841 1235 2907 iitlclt'ter
1258 2841 1422 2904 ituetuiattts
1438 2840 1600 2908 muttrlutque
1613 2842 1752 2913 episcopis
1769 2844 1819 2896 ue

142 2926 809 2996 arbitrantibnsnonsulficeresibiconfusionem,
824 2929 939 3001 aplanta
1028 2911 1823 3051 ξίἱὲηἱζὲἓὶἔέῗξῗῖἕὼᾮῗέἵΐνὲαὲᾌῗὲθὲαξέῧιῖθζῐ

1091 3022 1100 3047 7
1560 3023 1562 3027 '
1758 3024 1768 3053 9

144 3022 219 3096 θθάῑ8
240 3037 328 3126 usqu?
346 3020 381 3078 Μ]
393 3021 525 3125 ‘fenicem'
545 3020 704 3094 ὃ903ῑοΙίοω
727 3022 842 3126 u¹tf⁰⁰i⁸
855 3038 938 3094 ‘1⁰³⁹'
1027 3055 1056 3106 t'tt
1070 3053 1144 3107 bont‘s
1154 3053 1276 3122 operibus
1283 3056 1462 3124 perseueraret,
1475 3054 1564 3123 sieque
1574 3052 1636 3108 illos
1652 3056 1814 3126 cpeccctis

143 3124 204 3172 tum
233 3115 336 3173 ieriertt
350 3114 411 3185 [cl.,
428 3112 548 3171 fervertt.
572 3117 683 3184 flattu]
708 3113 824 3186 gladtns,
848 3115 978 3201 adhunc
1027 3123 1178 3179 obsolouttt.

143 3211 220 3282 plaga
232 3208 390 3265 incurabilis
403 3216 514 3281 praestal
524 3206 664 3264 indicium.
680 3207 735 3265 Sed
751 3208 778 3263 in
789 3207 833 3265 his
846 3209 939 3266 omni·
1025 3217 1467 3290 Gashonlusepiseopus‚servus
1477 3232 1621 3274 servorum
1632 3218 1804 3288 Desisti-stri-

140 3301 193 3360 bus
211 3302 372 3372 obduratas,
387 3301 566 3358 meretricum
580 3317 668 3369 more,
684 3300 788 3358 irontes
801 3310 937 3375 gerentes,
991 3312 1043 3370 bas
1056 3321 1084 3368 sl
1096 3310 1264 3383 coepiscopis
1274 3312 1303 3366 ia
1319 3311 1417 3385 Apulia
1429 3318 1457 3368 al
1470 3311 1595 3367 Calabria
1609 3327 1799 3371 mmmmm.

143 3404 170 3453 et
188 3395 355 3469 impudentia
369 3411 417 3452 sua
441 3394 511 3451 iram
538 3394 590 3453 sibi
612 3393 679 3468 justi
690 3394 784 3468 judicii
802 3396 938 3453 thesauri·
993 3405 1076 3473 libas,
1091 3404 1207 3461 salutem
1222 3413 1250 3460 or
1263 3404 1442 3476 apostolicam
1456 3404 1686 3464 benedictionem,

145 3498 250 3560 santes,
264 3490 309 3563 qui
324 3497 449 3563 respectu
463 3488 634 3546 contumeliae
647 3504 705 3547 suae
721 3489 755 3546 ad
773 3505 884 3546 sensum
895 3505 939 3547 re·
1027 3501 1132 3556 Notum
1146 3515 1205 3556 asso
1217 3497 1372 3570 prudentiae
1387 3507 1483 3556 vestm
1492 3515 1547 3555 non
1554 3497 1723 3559 dubitamus
1735 3502 1789 3575 glo

143 3581 201 3640 dire
215 3583 376 3649 debuerant,
389 3589 496 3656 patrem
513 3598 595 3640 suum
618 3583 713 3651 secuti,
727 3583 772 3655 qui
786 3583 942 3640 dittitzPo-
992 3593 1174 3650 aiosissimom
1211 3592 1405 3664 imperatorem
1438 3593 1788 3666 constantinopolitannm,

143 3692 207 3732 uum
220 3676 307 3730 sedem
321 3691 406 3731 meam
421 3676 455 3730 ab
469 3678 602 3745 aiuilffllss»
623 3680 648 3730 el
664 3678 819 3733 ⁶t081'mi'lt'8
834 3679 940 3734 Alitis&
993 3687 1155 3744 illichaelem
1168 3685 1294 3743 videlicet
1305 3690 1392 3756 (llll),
1413 3686 1448 3743 ab
1463 3687 1612 3759 imperialis
1626 3688 1792 3747 excellentia

144 3785 185 3824 '1²⁰
200 3770 279 3835 (lsai.
296 3773 386 3838 xtv),
401 3768 544 3840 pristinam
563 3767 794 3840 &multationem
814 3771 942 3828 adversus
994 3781 1116 3837 culmine
1128 3779 1239 3852 indigno
1258 3780 1349 3852 potius
1360 3788 1387 3836 et
1400 3780 1545 3850 malitiose,
1559 3796 1645 3853 quam
1653 3781 1733 3855 juste
1748 3790 1794 3839 aut

144 3861 295 3919 Dominum
308 3869 336 3917 et
349 3868 473 3917 sanctam
485 3861 664 3917 universalem
680 3863 830 3920 Ecclesiam
849 3864 940 3921 conati
995 3874 1203 3943 rationabilitas,
1220 3888 1280 3930 esse
1293 3872 1444 3946 (laieorum,
1455 3874 1500 3947 qai
1515 3874 1650 3931 auxilium
1663 3874 1793 3934 bassilla.

143 3964 207 4011 ⁸¹¹1st
220 3953 361 4022 ¹¹¹¹¹<>V³f02
383 3962 411 4010 01
435 3952 576 4009 hminem
594 3955 767 4027 Sacrilegum,
789 3963 817 4012 θῑ
841 3965 942 4015 δὸῐὶθῐὶθ
995 3968 1040 4035 tri,
1055 3983 1163 4024 necnon
1190 3967 1238 4023 lilii
1258 3967 1344 4023 nostri
1362 3968 1550 4039 gloriosissimi
1576 3967 1654 4026 duob
1678 3968 1793 4027 Iloberti

144 4050 278 4105 Romauae
291 4046 421 4104 Ecclesiae
435 4047 586 4118 perjurum,
599 4062 716 4103 necnon
728 4048 941 4120 peruniversurn
994 4059 1163 4132 flagitatores
1172 4060 1279 4119 ltaliam
1292 4061 1379 4133 periit,
1394 4064 1566 4134 Quapropter
1574 4077 1636 4130 aas,
1646 4063 1714 4119 liam
1723 4062 1793 4121 imii-

145 4144 207 4198 R...
220 4143 278 4210 [hoc
293 4145 332 4197 etti
355 4141 524 4196 Romanum.
538 4138 650 4213 Hatra]
672 4140 769 4199 orbem
779 4141 941 4202 nefandissi·
995 4153 1051 4225 gni¹
1065 4154 1138 4210 sedis
1148 4153 1232 4225 ipsius
1239 4170 1335 4211 euram
1345 4162 1481 4227 gerentes,
1492 4155 1695 4227 compassionis
1708 4156 1796 4213 siwe-

144 4236 196 4291 mis
209 4234 357 4292 ⁸00¹011b1¹⁸
371 4233 532 4291 dammum
552 4236 624 4293 W···
641 4236 698 4304 [hoc
721 4241 759 4292 eii
772 4237 939 4294 wiveicum·
995 4246 1071 4304 ribus
1085 4247 1165 4315 moti,
1189 4247 1315 4319 precibus
1328 4248 1412 4317 illius,
1426 4264 1478 4305 nec
1495 4264 1552 4305 nort
1565 4247 1694 4321 ejusdem
1708 4248 1794 4319 duris,

143 4331 245 4398 Earn,
261 4328 417 4397 Gibertum]
428 4327 543 4385 dicimus
562 4337 664 4385 muctar
677 4331 843 4388 Ravennatis
857 4333 941 4389 ecclc·
993 4338 1171 4397 annitendum
1191 4356 1251 4396 esse
1262 4341 1430 4411 censuimus,
1449 4350 1476 4397 et
1489 4358 1506 4398 a
1518 4339 1644 4398 fidelibus
1656 4340 1733 4400 beati
1746 4346 1796 4401 Ps-

143 4423 193 4481 slae
223 4422 441 4491 devastatorem,
471 4421 669 4478 antichristum
690 4423 740 4480 sibi
758 4432 784 4480 et
805 4423 941 4482 haeresiar·
993 4433 1028 4489 tri
1050 4432 1269 4491 subveniendum
1289 4434 1339 4492 sibi
1355 4434 1414 4492 fore
1432 4435 1598 4507 putavimus.
1625 4434 1718 4508 Igitur
1733 4435 1797 4509 qnia

143 4517 223 4575 cham
238 4517 413 4574 constituere.
429 4518 462 4572 ln
482 4531 537 4589 quo
548 4515 678 4572 nimirum
690 4497 980 4577 SatansecontentuD
995 4526 1069 4583 inter
1082 4535 1180 4584 cartem
1200 4528 1365 4585 multimoda
1376 4527 1520 4601 sniiragt'a,
1532 4527 1605 4585 istttd
1625 4543 1686 4586 non
1706 4530 1798 4587 minna

143 4610 181 4668 illi
193 4611 341 4668 interluerc
363 4625 481 4684 qucmtn
495 4617 538 4666 cst
550 4610 605 4666 vita
623 4609 805 4679 detestabilis,
826 4621 853 4668 et
866 4612 940 4668 ordi·
996 4619 1170 4694 prolaturum
1179 4623 1323 4678 memorati
1333 4620 1471 4694 principes
1480 4621 1663 4692 exsistimant,
1679 4623 1796 4694 scilieet,

144 4704 217 4762 natio
228 4703 356 4760 heretica
372 4702 557 4760 immensitate
580 4704 737 4761 multimodi
758 4704 888 4762 criminis.
901 4705 943 4763 Si·
995 4724 1027 4771 ot
1045 4715 1148 4771 milites
1170 4716 1353 4784 auxiliatores,
1367 4724 1443 4772 asota
1460 4715 1524 4785 fiale,
1547 4731 1604 4773 noa
1621 4715 1799 4775 dissimilitas

117 4824 121 4833 ·
145 4796 259 4871 quidem
273 4794 307 4853 ad
320 4795 390 4852 banc
408 4795 541 4852 insaniam
557 4796 604 4852 illa
618 4795 730 4854 demum
743 4814 791 4855 eos
815 4798 944 4872 despera·
996 4808 1096 4864 animis
1107 4807 1148 4865 iro
1159 4816 1317 4866 constanter
1333 4809 1360 4864 io
1373 4808 1540 4881 adiutorium
1555 4816 1583 4865 et
1603 4807 1798 4866 defensionem

144 4891 183 4948 lio
198 4891 283 4947 traxit
296 4887 369 4962 (111θᾶ
389 4905 479 4962 neque
501 4890 643 4963 precibus,
661 4907 750 4965 neque
768 4893 942 4950 servitiorum
996 4900 1100 4974 ptaeiati
1119 4902 1295 4974 imperatoris
1314 4902 1440 4972 debeant,
1460 4901 1611 4974 apostolica
1632 4902 1799 4961 auctoritato

146 4992 193 5042 sul
201 4998 350 5041 munerum
364 4982 598 5055 promissitlssibub
613 4984 744 5042 Scelerum
761 5002 875 5043 tuorum
896 5004 941 5043 ve·
997 4994 1173 5068 praecipimus
1185 5005 1319 5068 quatenus
1329 4996 1366 5051 illi
1381 4996 1427 5068 qtti
1453 4996 1578 5052 militiam
1593 4996 1682 5071 ipsius
1695 4998 1799 5054 intrare

144 5081 219 5136 niam
233 5077 304 5152 apud
321 5092 372 5134 nos
384 5077 512 5134 maluerit
520 5079 677 5151 impetrare,
692 5080 746 5136 nisi
760 5080 943 5140 ruretenent
995 5090 1154 5156 statuerint,
1169 5089 1197 5146 in
1209 5090 1377 5146 contrariam
1388 5099 1497 5162 partem
1509 5089 1656 5162 proditoria
1667 5092 1800 5164 tergiver-

140 5174 246 5248 iudicio
264 5172 447 5231 ecclesiastico
458 5183 615 5247 nostrasque
629 5192 751 5233 censuras
763 5192 793 5232 se
804 5177 942 5235 mediante
996 5183 1103 5239 satione
1114 5183 1232 5239 transire
1244 5198 1300 5239 non
1314 5184 1441 5253 audeant,
1455 5199 1549 5241 t’erttm
1563 5183 1649 5255 (qnod
1664 5183 1799 5241 Christia-

144 5268 342 5338 miscricordia,
362 5267 433 5324 sicut
446 5266 523 5324 decet
534 5267 659 5325 cilicium
677 5278 815 5338 nostrum,
834 5270 945 5328 submit·
995 5291 1040 5334 nre
1058 5276 1201 5347 religionis
1221 5277 1348 5333 honoret
1368 5277 1492 5334 debitum
1512 5277 1640 5350 postulat)
1659 5277 1686 5335 ei
1708 5278 1801 5351 prosi·

43 5434 67 5455 ·
144 5372 212 5420 tere.
233 5363 293 5419 Hos
306 5362 399 5434 itaquo
416 5361 498 5419 nullis
525 5362 675 5420 rationibus
688 5362 783 5436 lultos,
807 5365 864 5423 imo
882 5381 942 5423 ont·
996 5369 1071 5426 diunt
1085 5368 1201 5425 fideliler
1214 5369 1386 5441 impendant.
1408 5371 1553 5428 Dilectioni
1574 5386 1686 5444 quoqne
1701 5380 1801 5430 cestra

144 5454 223 5514 nium
245 5454 394 5514 eriminum
426 5456 593 5513 conscientia
627 5456 834 5530 perditissimos,
861 5466 943 5517 tanto
996 5461 1174 5518 nihilominus
1186 5463 1367 5536 precipiendo
1380 5465 1543 5520 mandamus
1554 5473 1584 5520 ut
1606 5479 1655 5520 eos
1672 5465 1722 5539 qni
1736 5482 1799 5525 cunt

143 5550 231 5623 magis
243 5548 437 5622 vilipendimus
450 5559 553 5622 quanto
568 5550 620 5622 ipsi
639 5567 669 5608 se
689 5551 787 5610 altiora
806 5569 943 5611 conscen·
996 5553 1093 5612 eodem
1116 5555 1184 5612 duce
1210 5566 1238 5614 et
1256 5559 1385 5629 praedicto
1411 5558 1570 5632 imperatori
1593 5558 1800 5618 transfretaturi

143 5643 216 5702 disse
240 5642 390 5702 confidunt.
405 5645 457 5700 Per
478 5644 698 5703 misericordiam
721 5647 819 5720 quippe
845 5648 895 5704 Dei
916 5654 945 5705 et
996 5657 1071 5718 sunt,
1090 5648 1307 5723 diligentissime,
1323 5661 1487 5711 utvestrum
1501 5651 1801 5727 officinmeaigitnto·

173 5846 250 5908 icor)
258 5845 366 5901 Ducam
377 5840 504 5915 intelligit
513 5840 761 5939 quil’arapinacius
769 5841 910 5899 dicebatur
922 5851 949 5901 et
958 5859 1106 5918 purpuram
1118 5856 1247 5920 posuerat
1260 5847 1303 5906 die
1316 5854 1332 5905 7
1339 5849 1432 5923 aprilis
1438 5850 1502 5907 antri
1517 5856 1598 5908 1078.
