3870 6164
147 209 196 263 ui
621 199 651 255 s.
672 198 835 255 ueneoeu
851 156 1013 255 vtr'rarn
1033 199 1168 256 ornuou
1187 197 1273 255 raus
1292 199 1326 254 ιι.
1476 236 1483 250 ,
1744 198 1791 252 ae

146 327 360 386 corroboramus
384 325 561 397 omniaque
582 323 711 396 praedicta
729 323 842 380 ecclesia
861 340 943 380 vene·
957 329 985 391 Α
998 323 1032 380 de
1056 325 1195 396 Aliperga,
1212 331 1239 378 et
1264 326 1292 378 8.
1315 320 1460 378 Nicolaum
1479 294 1649 389 de'razano,
1672 321 1702 377 S.
1727 322 1792 376 llar-

146 423 206 479 rab.
225 421 267 478 tui
289 420 447 477 monasterii
466 416 502 474 ad
521 432 643 490 praeseus
663 415 774 485 habere,
797 425 844 474 aut
863 417 943 474 dein·
998 417 1098 473 cellum
1113 417 1141 472 in
1163 419 1328 482 Tommano,
1349 417 1481 493 Sanctam
1506 413 1628 471 Mariam
1652 412 1682 469 in
1704 412 1794 480 Calin,

147 515 293 589 oesz'uste
307 513 405 571 divinis
418 511 603 584 humanisque
617 509 724 584 legibus
738 511 766 566 in
781 519 943 584 perpetuum
997 509 1025 566 S.
1043 509 1161 566 blaciam
1184 510 1218 565 de
1242 508 1346 581 Regina
1369 522 1434 564 cum
1448 506 1580 564 omnibus
1593 520 1695 563 eorum
1717 506 1794 577 perti·

147 607 312 681 acquisierit,
337 615 395 663 tam
411 606 438 661 in
462 605 599 674 ecclesiis,
623 603 702 671 casis,
729 605 820 671 terris,
842 603 942 672 vineis,
998 604 1107 670 nentiis,
1134 603 1161 658 in
1179 602 1280 658 Eliceto
1295 604 1321 658 S.
1347 599 1453 657 Effrem
1476 615 1542 657 cum
1569 598 1719 657 territoriis
1731 597 1794 666 suis,

146 702 247 768 hortis,
267 700 387 768 olivetis,
421 699 521 772 pratis,
549 698 666 770 canapis,
705 697 794 766 silvis,
821 696 943 754 curtibus
998 698 1130 753 Sanctum
1152 696 1322 752 Marcianum
1337 693 1370 750 de
1386 694 1509 762 Parituli,
1532 702 1561 750 et
1583 695 1718 750 Sanctam
1739 693 1793 747 hla-

147 795 187 851 rel
198 795 325 861 castellis,
340 809 479 866 quamque
488 793 515 848 in
527 793 611 849 servis
625 800 654 848 et
665 791 779 861 ancillis,
797 800 825 848 et
840 792 868 847 in
881 807 943 847 om·
998 791 1068 847 riam
1083 790 1116 847 de
1130 789 1252 858 Sahleta,
1269 792 1297 845 S.
1317 788 1432 845 Mariam
1452 788 1478 844 in
1496 785 1586 845 casale
1600 785 1723 846 Geldoni
1737 801 1793 842 cum

145 888 226 945 nibus
250 888 333 945 rebus
359 895 388 944 et
412 885 632 959 possessionibus
657 885 713 940 suis
739 884 887 941 mobilibus
916 892 944 940 et
999 886 1128 941 omnibus
1143 899 1240 940 eorum
1254 882 1434 956 pertinentiis.

145 981 346 1049 immobilibus,
363 996 477 1053 seseque
491 980 678 1048 moventibus,
700 987 728 1034 et
744 994 806 1051 quae
830 977 944 1034 liberali·
1034 984 1170 1038 Praeterea
1188 977 1350 1034 auctoritate
1369 983 1471 1033 sanctae
1495 977 1631 1034 itomanae
1646 982 1675 1030 et
1688 983 1793 1047 aposto·

146 1073 212 1142 tate,
234 1091 282 1131 seu
305 1074 449 1131 collatione
470 1072 526 1129 sive
552 1073 730 1128 concessione
753 1071 942 1143 religiosorum
998 1075 1058 1130 iicae
1070 1072 1140 1129 sedis
1153 1070 1421 1142 concedimusatque
1430 1070 1629 1126 confirmamus
1641 1068 1693 1124 tibi
1706 1085 1738 1124 ac
1746 1068 1793 1123 tuis

145 1168 292 1225 hominum
305 1167 425 1241 legaliter
439 1176 465 1223 et
485 1165 615 1222 laudabili
625 1165 716 1222 studio
727 1164 881 1236 acquisivit,
897 1173 944 1220 aul
999 1165 1204 1225 successoribus
1222 1180 1320 1221 omnes
1340 1164 1368 1220 in
1383 1164 1523 1236 integrum
1552 1162 1714 1219 oblationes
1733 1161 1792 1218 rim·

146 1262 287 1335 acquirere
307 1261 417 1333 poterit,
433 1269 460 1317 et
482 1275 594 1332 prorsus
607 1274 669 1330 quae
683 1274 812 1315 concessa
827 1267 892 1315 sunt
906 1259 943 1314 illi
999 1277 1062 1317 rum
1082 1275 1115 1316 ao
1129 1258 1323 1316 defunctorum
1348 1273 1411 1327 quae
1428 1257 1477 1329 ipsi
1492 1256 1663 1313 monasterio
1687 1271 1735 1328 per
1756 1263 1789 1312 tt·

147 1363 175 1411 et
199 1355 378 1411 corroborata
411 1354 520 1426 piorum
544 1353 742 1424 imperatorum
766 1361 815 1408 aut
845 1351 943 1422 princi·
997 1363 1176 1419 crementum,
1192 1352 1330 1408 autetiam
1342 1351 1401 1407 sine
1414 1357 1580 1407 testamento
1596 1349 1657 1421 iure
1673 1364 1790 1406 accesse-

147 1464 214 1520 pum
230 1449 381 1521 preceptis.
404 1450 569 1519 Quanquam
591 1462 654 1502 vero
670 1446 750 1501 istam
774 1447 801 1502 in
822 1448 944 1501 Pautano
998 1448 1068 1516 riute
1082 1455 1111 1503 et
1128 1454 1258 1518 perpetuo
1278 1453 1388 1501 maneat
1399 1444 1456 1516 jam
1480 1444 1570 1516 ipsum
1592 1442 1685 1500 iatum
1702 1458 1790 1499 mont-

146 1542 293 1615 capcllam,
316 1557 378 1615 qua:
399 1549 511 1596 vocatur
525 1541 615 1596 Sancti
631 1538 788 1607 Benedicti,
811 1547 841 1595 et
861 1540 944 1595 aliam
999 1542 1114 1599 sterium
1128 1539 1180 1596 sub
1198 1539 1295 1609 tutela,
1309 1539 1424 1606 ditione,
1436 1553 1484 1595 seu
1493 1538 1556 1610 jure
1570 1545 1680 1594 sanctae
1695 1539 1790 1595 Rome·

145 1641 174 1694 S.
201 1635 294 1692 Vitalis
317 1650 380 1690 cum
402 1635 508 1691 omnib.
536 1633 706 1706 pertinentiis
730 1634 797 1700 suis,
823 1633 943 1688 etaliarn
998 1651 1041 1692 nte
1061 1633 1187 1691 Ecclesim
1210 1632 1326 1689 liberum
1349 1640 1377 1689 et
1397 1633 1520 1688 immune
1541 1631 1576 1686 ab
1599 1631 1680 1687 omni
1707 1630 1790 1702 subje-

145 1734 175 1787 S.
198 1729 340 1786 Michaelis
360 1728 530 1802 archangeli,
556 1744 619 1801 quae
641 1728 741 1785 dicitur
760 1726 796 1783 ad
809 1727 943 1784 Olivolam
959 1703 1087 1785 Bctione
1099 1725 1362 1793 alteriuslicclesiac,
1375 1734 1404 1782 et
1417 1725 1452 1782 ab
1467 1725 1542 1782 omni
1555 1726 1621 1803 jure
1633 1723 1790 1781 immolem

146 1839 201 1880 una
217 1840 281 1881 oum
303 1822 432 1881 omuibus
445 1823 501 1878 suis
519 1821 708 1895 pertinentiis,
733 1830 760 1877 et
784 1821 811 1877 in
825 1820 941 1878 Paletria
996 1830 1068 1878 tum.
1083 1820 1234 1877 statuimus
1255 1820 1337 1899 etiarn
1355 1827 1386 1875 ut
1401 1818 1455 1874 siut
1471 1816 1601 1874 monachi
1616 1819 1658 1872 tui
1674 1817 1710 1873 ab
1724 1815 1790 1875 omni

144 1917 277 1991 capellam
302 1933 386 1973 uuam
409 1919 439 1974 S.
464 1916 570 1983 blariae,
592 1914 658 1971 eccl.
687 1917 715 1970 S.
744 1913 943 1971 Bartholomaei
996 1916 1136 1973 saecularis
1148 1915 1230 1971 oibcii
1244 1913 1419 1970 intestatione
1432 1912 1532 1979 securi,
1546 1920 1575 1968 et
1590 1913 1670 1968 omni
1683 1926 1789 1985 pragu·

145 2012 260 2082 apostoli
284 2018 310 2065 ct
326 2010 462 2082 martyris,
483 2018 510 2066 et
525 2016 633 2064 curtem
656 2008 683 2063 in
706 2008 816 2075 collina,
838 2015 866 2062 et
880 2024 942 2063 cur·
997 2009 1103 2065 tamine
1113 2007 1263 2064 mundanae
1277 2006 1460 2079 oppressionis
1471 2006 1582 2074 remoti,
1596 2005 1625 2062 in
1640 2013 1744 2062 sanctae
1755 2020 1789 2060 re-

144 2112 199 2159 tem
214 2102 248 2159 de
263 2104 401 2171 biuriano,
417 2104 446 2157 in
462 2105 541 2158 Petra
556 2102 689 2158 strumina
705 2117 791 2161 casas,
805 2109 833 2156 ct
848 2102 941 2168 silvas,
997 2103 1068 2176 gulae
1082 2100 1273 2158 observatione
1291 2101 1387 2174 quieti,
1401 2100 1467 2156 nulli
1487 2100 1533 2155 alii
1552 2099 1605 2155 nisi
1622 2101 1763 2156 Romanae
1771 2105 1792 2153 et

145 2205 174 2252 et
186 2204 290 2251 curtem
306 2195 340 2251 de
354 2196 470 2269 lapillo,
487 2195 677 2251 hereditatem
692 2193 726 2250 de
738 2196 817 2261 Bato,
833 2194 861 2249 in
874 2196 942 2252 Cur·
996 2195 1228 2268 apostolicaesedi,
1241 2194 1394 2267 cujusjuris
1404 2202 1455 2260 est,
1464 2192 1553 2264 aliqua
1565 2201 1792 2249 teneanturooea·

146 2290 221 2344 tiano
247 2289 379 2360 capellam
405 2288 432 2343 iu
462 2287 567 2344 honore
591 2290 620 2345 S.
653 2288 727 2345 Petri
754 2288 941 2358 apostolorum
995 2291 1073 2347 sione
1088 2306 1146 2345 esse
1160 2288 1293 2360 subjecti3
1309 2289 1356 2361 qui
1370 2288 1405 2345 de
1419 2288 1479 2345 suis
1499 2286 1552 2343 sibi
1567 2289 1684 2361 qualem
1706 2287 1792 2343 roluc-

144 2382 289 2455 principis,
317 2382 346 2437 in
368 2383 465 2439 Cereto
486 2381 616 2452 capellam
638 2384 665 2437 S.
690 2381 800 2437 blartini
824 2381 943 2453 episcopi
997 2385 1053 2440 riut
1066 2383 1217 2439 secundum
1233 2386 1263 2438 B.
1289 2381 1432 2438 Benedicti
1450 2380 1587 2453 regulam,
1602 2380 1734 2436 abbatem
1748 2379 1791 2434 cli-

145 2493 207 2532 cum
222 2473 349 2532 omnibus
371 2475 539 2546 pertinentiis
560 2474 629 2542 suis,
651 2473 781 2547 capellam
807 2477 834 2531 S.
850 2474 941 2547 Sylve-
997 2487 1077 2550 gant3
1093 2477 1116 2532 si
1132 2493 1197 2532 vcro
1210 2492 1243 2532 cr
1258 2475 1296 2531 eis
1310 2474 1423 2531 idoneus
1434 2473 1566 2542 defuerit,
1576 2474 1612 2530 ab
1626 2474 1691 2531 aliis
1703 2472 1790 2529 utilem

144 2571 192 2625 stri
207 2568 373 2625 confessoris
395 2568 429 2625 dc
450 2572 569 2626 Corneto
593 2568 620 2624 iu
636 2568 770 2624 comitatu
796 2571 940 2641 Capuano,
996 2580 1024 2627 et
1039 2571 1198 2642 religiosum
1222 2587 1286 2625 eum
1306 2569 1420 2625 consilio
1434 2568 1555 2623 Romani
1570 2566 1710 2639 pontificis
1724 2569 1791 2621 acci-

144 2665 172 2719 in
187 2664 246 2719 loco
260 2662 376 2719 Biniano
390 2663 521 2735 capellam
543 2664 569 2717 S.
586 2663 681 2718 Mariae
700 2662 819 2734 Virginis
834 2663 941 2718 Matris
995 2665 1080 2737 piant,
1096 2661 1243 2720 abeodem
1271 2661 1489 2718 benedicendum
1513 2668 1540 2716 ct
1564 2658 1788 2716 consecrandum.

144 2772 198 2828 que
222 2757 335 2812 Domini
360 2757 410 2811 Dei
437 2755 535 2823 nostri,
559 2755 587 2810 in
613 2755 712 2812 Bibino
738 2755 881 2811 ecclesiam
910 2757 938 2810 S.
995 2757 1220 2815 consecrationes
1241 2757 1322 2811 etiam
1344 2756 1533 2820 ecclesiarum,
1557 2763 1586 2810 et
1610 2752 1792 2809 ordinationes

144 2850 274 2907 Marciani
283 2891 291 2921 ,
313 2851 338 2905 in
352 2850 459 2906 beletro
477 2848 590 2905 ilumlne
610 2847 680 2905 infra
695 2849 832 2905 civitatem
850 2852 940 2905 Asco-
993 2849 1156 2907 monachor.
1176 2851 1235 2907 sive
1249 2849 1413 2905 clericorum
1428 2847 1540 2921 suprad.
1557 2846 1688 2905 coenobio
1712 2847 1791 2919 perti·

143 2944 249 3000 lensem
275 2943 416 3000 ecclesiam
440 2945 467 2998 S.
495 2941 643 3011 Desiderii,
671 2949 699 2997 et
734 2942 800 2998 ioris
829 2957 940 2998 omnem
993 2946 1129 3011 nentium,
1154 2942 1347 3015 abepiscopis,
1365 2942 1528 3015 inquorum
1549 2940 1697 2997 dioecesib.
1722 2948 1792 3005 sunt,

142 3036 341 3103 haereditatem,
358 3037 386 3091 in
400 3036 502 3092 finibus
515 3038 616 3093 &nne
634 3036 780 3092 ecclesiam
801 3036 829 3089 S.
854 3035 939 3090 litlia·
994 3038 1139 3109 accipiant,
1160 3037 1182 3093 si
1198 3045 1290 3092 tamen
1305 3035 1424 3107 episcopi
1440 3035 1572 3090 canonice
1592 3033 1716 3091 ordinati
1734 3032 1793 3091 fue-

142 3131 181 3199 ni,
204 3131 233 3186 in
246 3131 380 3186 comitatu
404 3129 537 3186 Tranensi
560 3137 666 3185 curtem
689 3127 725 3185 de
745 3131 852 3184 l‘aaano
875 3145 938 3184 cum
958 3086 1060 3201 crint,
1074 3140 1102 3186 et
1115 3129 1312 3186 ordinationem
1328 3130 1413 3200 gratis
1434 3128 1567 3195 iecerint3
1583 3129 1606 3183 si
1631 3135 1729 3184 autem
1741 3126 1791 3183 ho·

141 3224 271 3281 omnibus
294 3224 399 3279 olivetis
423 3222 498 3289 suis,
521 3222 549 3277 in
571 3224 703 3279 comitatu
726 3222 872 3293 sipontino
898 3222 938 3294 pi·
992 3223 1169 3296 rumaliquid
1182 3223 1331 3291 obstiterit,
1352 3223 1437 3279 abbas
1451 3238 1515 3279 cum
1529 3222 1639 3277 licentia
1662 3229 1791 3279 etaucto-

141 3318 268 3386 scoriam,
293 3318 320 3373 in
346 3317 478 3373 comitatu
497 3315 640 3372 Lesinensi
667 3314 938 3388 piscariam‚Cajazo
992 3319 1073 3374 ritate
1098 3319 1184 3372 Rom.
1214 3325 1289 3388 pout.
1318 3316 1351 3372 ad
1377 3316 1601 3388 qualemcunque
1625 3314 1790 3372 catholicam

141 3420 246 3468 curtem
263 3411 290 3466 in
305 3410 427 3478 molino;
446 3409 612 3466 Laniensem
625 3419 733 3466 curtem
754 3425 853 3475 unam,
868 3412 937 3465 San·
992 3411 1076 3483 episc.
1091 3409 1231 3482 placuerit,
1244 3425 1324 3465 causa
1337 3408 1549 3465 consecrationis
1561 3416 1589 3465 et
1603 3407 1724 3465 ordinat.
1739 3416 1791 3465 tam

141 3513 216 3561 ctum
232 3508 353 3561 Roseum
370 3502 937 3569 chessacuurcurtibussuisomnibus,
993 3504 1117 3560 locorum
1138 3519 1221 3575 quarn
1249 3518 1428 3574 personarum
1453 3502 1564 3557 licenter
1594 3510 1707 3575 pergat.
1730 3504 1792 3559 flac

141 3597 283 3653 infinibus
301 3600 401 3668 Capuae
424 3581 558 3653 Sanctum
581 3596 744 3665 Reinerunr,
761 3604 788 3651 et
806 3599 937 3652 Sanctum
994 3598 1074 3669 igitur
1098 3597 1191 3653 omnia
1216 3613 1278 3668 qum
1308 3596 1391 3667 liujus
1413 3595 1539 3668 precepti
1562 3594 1723 3668 decretique
1746 3610 1792 3652 no·

140 3690 297 3746 liobertum
308 3706 374 3745 curu
385 3690 531 3744 territoriis
544 3689 611 3756 suis,
627 3689 655 3743 in
674 3703 772 3761 campo
793 3689 893 3745 Marini
909 3689 938 3744 in
991 3692 1040 3748 stri
1055 3691 1151 3764 pagina
1166 3690 1300 3757 continet,
1316 3690 1342 3744 iu
1359 3689 1487 3745 omnihus
1502 3689 1710 3761 inperpetuum
1729 3704 1791 3746 cou-

140 3781 241 3837 tinibus
267 3781 501 3837 Tremonensibus
528 3784 661 3837 Sanctum
687 3780 850 3854 Adjutorem
875 3797 938 3853 erga
993 3783 1124 3841 servanda
1147 3783 1325 3839 decrevimus.
1352 3782 1379 3839 Si
1402 3783 1464 3854 quis
1487 3796 1552 3837 vero
1575 3782 1791 3854 imperatorum,

139 3874 253 3931 iluvium
264 3873 432 3930 Vulturnum
447 3889 512 3929 cum
531 3872 697 3943 terrissuis,
714 3872 742 3928 in
762 3872 865 3930 linibus
889 3875 938 3929 Ca·
994 3877 1109 3946 ducum,
1146 3876 1355 3943 marchionum,
1390 3875 1536 3943 comitum,
1571 3874 1729 3949 principum
1760 3890 1791 3932 ac

140 3982 202 4039 puae
216 3969 346 4024 Sanctum
360 3964 528 4038 Stephanum
548 3965 583 4022 de
606 3965 702 4022 Strada
718 3981 782 4021 cum
795 3965 940 4023 territoriis
992 3970 1126 4045 judicum,
1149 3978 1197 4027 aut
1218 3985 1384 4042 quacunque
1405 3969 1537 4042 dignitate
1552 3970 1680 4041 praedita,
1701 3970 1790 4042 cujus·

139 4061 207 4128 suis,
224 4060 368 4117 sedetiam
392 4060 421 4114 in
435 4059 554 4115 Castello
568 4061 668 4131 lliagno
689 4059 831 4115 ecclesiam
846 4061 937 4116 Sancti
993 4081 1101 4137 cunque
1123 4063 1224 4120 ordinis
1246 4064 1287 4119 vel
1310 4065 1394 4121 ctiam
1416 4063 1584 4121 conditionis
1606 4078 1703 4138 magna
1725 4078 1788 4135 par·

140 4156 233 4228 biagni
251 4169 316 4212 cum
341 4153 470 4210 omnibus
492 4152 548 4208 suis
573 4152 728 4222 territoriis,
745 4160 774 4208 et
796 4154 937 4209 ecclesiam
991 4173 1077 4231 vaquc
1097 4174 1215 4231 persona
1237 4157 1308 4214 hanc
1321 4158 1525 4214 constitutionis
1539 4166 1648 4216 nostrae
1663 4156 1789 4231 paginam

140 4251 168 4307 S.
188 4248 286 4323 Angeli
310 4248 339 4303 in
354 4244 497 4303 Altissimo
516 4261 598 4319 super
620 4245 734 4303 lluvium
748 4247 896 4303 bivernum
910 4247 937 4303 in
991 4268 1171 4325 cognoscens,
1187 4259 1281 4308 contra
1296 4267 1355 4307 eam
1370 4252 1516 4308 temerario
1532 4267 1602 4308 ausu
1624 4252 1717 4308 venire
1731 4258 1786 4306 ten·

55 4365 58 4369 <
139 4341 343 4413 linibuscampi
357 4340 466 4398 Morari
482 4355 546 4397 cum
567 4338 693 4412 ejusdem
707 4341 829 4398 ecclesie
852 4341 936 4397 hare·
990 4346 1101 4411 taverit,
1124 4353 1174 4401 aut
1192 4346 1291 4401 teneui
1315 4344 1496 4413 consenserit,
1510 4344 1553 4400 vel
1574 4344 1668 4402 fautor
1680 4345 1787 4402 exstite-

139 4436 234 4505 ditate,
250 4451 311 4508 quae
326 4442 368 4491 est
382 4433 409 4490 in
425 4431 596 4506 longitudine
611 4433 770 4490 milliarium
796 4433 863 4501 duo,
888 4449 936 4491 nec
950 4469 975 4530 D
989 4440 1040 4504 rit,
1066 4438 1224 4495 admonitus
1246 4439 1330 4495 seruel
1355 4447 1441 4510 atque
1465 4439 1566 4495 iterum
1590 4448 1621 4494 et
1639 4441 1726 4495 tertio
1744 4454 1789 4511 per

139 4547 194 4586 non
206 4529 351 4586 ecclesiam
369 4528 397 4586 8.
412 4527 526 4584 loannis
538 4542 602 4583 cum
614 4526 744 4584 omnibus
763 4526 937 4599 pertinentiis
990 4540 1179 4602 competentes
1196 4531 1331 4600 inducias,
1345 4532 1397 4588 nisi
1410 4548 1441 4588 ea
1457 4548 1519 4605 quae
1531 4531 1566 4588 ab
1578 4531 1628 4589 illo
1641 4541 1709 4590 sunt
1722 4532 1789 4589 mate

135 4623 236 4679 ‘suisin
251 4637 313 4678 casa
331 4622 463 4688 Pollucis,
478 4621 620 4677 ecclesiam
643 4621 671 4676 8.
691 4620 764 4676 Petri
788 4621 816 4676 iu
835 4620 937 4677 linibus
989 4624 1078 4681 ablata
1105 4625 1228 4682 ecclesiae
1256 4624 1398 4682 humiliter
1426 4625 1597 4682 satisfaciens
1622 4626 1787 4694 restiutctit,

139 4715 175 4772 de
186 4718 288 4772 Loreto
303 4731 429 4772 unacum
442 4713 829 4786 omnibussuispcrtinentiis,
840 4713 936 4770 castel·
991 4720 1131 4791 potestatis
1149 4719 1317 4791 honorisque
1332 4721 1374 4775 sui
1395 4719 1527 4792 dignitate
1547 4717 1641 4785 cadat,
1657 4734 1789 4794 reumque

139 4809 197 4865 lum
211 4809 285 4880 quod
300 4817 413 4865 vocatur
426 4809 525 4865 Becclo
537 4822 601 4864 cum
615 4806 729 4864 ccclesia
743 4809 770 4865 S.
790 4808 934 4878 Marciani,
987 4828 1017 4869 se
1034 4812 1126 4868 divino
1137 4812 1244 4884 judicio
1261 4812 1295 4869 de
1314 4820 1467 4884 perpetrata
1481 4813 1630 4884 iniquitate
1645 4819 1788 4887 cognont

139 4902 287 4960 etNicolai
315 4900 445 4973 episcopi,
465 4910 493 4957 et
507 4902 636 4958 Sanctum
657 4903 799 4969 Maurum,
823 4903 850 4957 in
865 4904 934 4958 Cur·
988 4914 1016 4962 et
1039 4921 1053 4961 a
1076 4907 1213 4962 sacratiss.
1231 4922 1345 4977 corpore
1368 4922 1400 4962 ac
1425 4907 1554 4979 sanguine
1582 4907 1634 4962 Dei
1658 4922 1692 4964 ac
1706 4910 1785 4965 nou.

138 4994 210 5051 hano
222 4995 312 5050 villam
327 5010 387 5065 quac
397 4994 555 5050 nominatur
565 4997 624 5050 Leo
637 4995 771 5061 Cubante,
786 4995 934 5051 incivitate
988 4999 1076 5054 nostri
1091 5003 1158 5055 lesu
1174 5000 1276 5056 Christi
1291 5000 1398 5056 alienus
1418 4998 1482 5067 fiat,
1503 5014 1591 5072 usque
1606 4998 1677 5056 dum
1692 5000 1792 5073 recipi*

138 5088 210 5145 Aliie
220 5087 363 5145 ecclesiam
373 5089 401 5143 S.
414 5088 539 5144 Mercurii
550 5104 612 5143 cum
620 5088 678 5145 aliis
689 5087 807 5144 ecclesiis
819 5088 869 5144 sihi
879 5104 936 5160 per·
989 5101 1063 5157 scat;
1076 5092 1182 5149 cunctis
1191 5101 1285 5151 autem
1298 5109 1360 5166 quae
1370 5093 1494 5164 superius
1506 5093 1609 5164 scripta
1619 5100 1686 5150 sunt
1694 5094 1834 5151 omer-

137 5180 299 5247 liuentibus,
314 5181 381 5253 ripae
396 5181 475 5254 longe
488 5181 515 5237 in
529 5182 636 5238 civitate
652 5183 736 5240 Arole
749 5181 892 5238 ecclesiam
906 5183 933 5238 S.
988 5185 1115 5242 vantibus
1128 5189 1164 5242 sit
1185 5186 1321 5243 absolutio
1346 5202 1378 5242 ac
1392 5185 1522 5243 remissio
1541 5186 1670 5244 omnium
1691 5200 1834 5260 pecca-

137 5275 275 5343 Mercurii,
295 5282 323 5331 et
337 5275 364 5330 S.
384 5277 496 5331 Petrum
516 5274 551 5331 ed
566 5275 708 5332 blortitam
722 5290 787 5331 cum
804 5276 933 5333 omnibus
987 5287 1079 5334 tortum
1104 5295 1229 5346 suorum,
1246 5280 1281 5335 sit
1303 5279 1433 5352 gaudium
1449 5288 1477 5337 et
1501 5279 1668 5349 exsultatio,
1694 5280 1834 5339 lartiliu

40 5424 52 5443 ,
138 5368 337 5442 pertinentibus
350 5368 418 5437 suis,
438 5369 468 5424 S.
481 5367 651 5440 Stephanum
665 5367 701 5426 de
720 5370 838 5438 Lucere,
854 5376 881 5425 et
902 5370 931 5425 S.
987 5380 1014 5427 et
1029 5386 1080 5444 pax
1099 5372 1126 5426 in
1140 5370 1184 5428 die
1208 5371 1466 5461 adventuspomini
1481 5373 1653 5431 nostrilesu
1674 5372 1834 5434 chum-.-

138 5461 305 5536 Stephanum
317 5461 351 5519 de
365 5461 503 5531 Fromari,
517 5469 544 5518 ct
554 5463 583 5518 S.
594 5462 729 5536 Angelum
744 5461 772 5517 in
786 5461 890 5530 Pleseo,
905 5470 934 5519 et
988 5472 1016 5521 et
1037 5465 1077 5521 sic
1091 5465 1118 5520 in
1142 5464 1196 5521 hoc
1209 5467 1309 5523 sacculo
1334 5462 1455 5524 fructum
1476 5466 1557 5524 bonae
1573 5469 1693 5525 actionis
1706 5465 1834 5526 ursa-f

135 5556 165 5614 S.
187 5555 323 5629 Angelum
343 5555 377 5613 dc
392 5557 515 5626 Attiano,
543 5563 571 5610 et
592 5558 722 5612 Sanctum
744 5556 882 5629 Angelum
905 5556 932 5612 in
988 5558 1073 5628 piant,
1093 5565 1229 5631 quatenus
1243 5558 1318 5631 apud
1331 5560 1486 5624 districtum
1502 5559 1632 5620 iudicem
1647 5562 1676 5620 iu
1695 5561 1808 5619 iumroe

136 5650 311 5718 palumbara,
323 5657 351 5705 et
364 5650 392 5707 S.
408 5648 572 5721 Gregorium
587 5647 742 5720 deterere,
760 5659 787 5706 et
806 5652 833 5706 S.
857 5653 931 5706 iliar-
987 5650 1218 5723 premiaaeternae
1232 5653 1305 5724 pacis
1315 5654 1465 5710 inveniant.
1480 5655 1553 5712 Beue
1565 5657 1661 5713 valeat.

136 5744 225 5802 tinum
240 5743 274 5803 de
295 5745 462 5813 ventecano,
478 5751 508 5799 et
528 5743 558 5798 S.
574 5743 699 5811 Petmm,
718 5751 747 5798 et
768 5744 797 5800 S.
818 5743 932 5799 Mariam
1021 5747 1092 5802 Data
1105 5745 1209 5802 Salerni
1223 5762 1259 5804 ιιι
1275 5747 1317 5804 ld.
1332 5748 1475 5805 Decembr.
1489 5762 1669 5822 peturanum
1683 5750 1788 5823 Grego-
