3884 6158
114 204 119 213 ι
221 253 270 303 eut
484 238 487 243 ¹
562 249 588 301 S.
609 245 771 304 uueuuttu
789 246 834 301 Vll
854 247 952 301 PAPAE
970 246 1108 301 OPERUM
1126 246 1213 301 PARS
1233 247 1252 301 l.
1274 276 1308 285 —-
1328 246 1527 301 nsulsutuu.
1676 234 1682 251 ⁸
1813 251 1867 303 328

218 374 302 443 tinui,
323 390 358 431 ue
369 372 432 431 illos
444 371 591 438 desereres,
611 377 642 427 ut
653 379 707 427 tuae
719 368 803 426 solius
823 368 924 427 animae
935 367 1018 426 saluti
1032 374 1059 437 Α
1073 378 1132 426 tum
1146 369 1219 425 alere
1233 370 1273 426 sui
1291 368 1368 425 lactis
1382 368 1548 425 fecunditate
1564 368 1686 435 fesunat,
1700 370 1741 426 sic
1753 379 1781 427 ει
1793 371 1869 429 Chri·

221 467 397 542 provideres:
413 468 535 525 chorites
555 466 638 532 otim,
655 471 685 519 ut
697 477 768 536 saepe
788 461 853 531 diri,
873 471 902 519 et
921 462 959 519 ita
974 461 1016 520 di·
1070 471 1129 521 stus
1142 479 1211 536 quos
1226 462 1282 535 ipse
1298 471 1442 535 regenerat
1457 478 1508 519 suo
1528 464 1660 535 sanguiue
1672 478 1784 535 semper
1799 480 1869 522 enu-

220 578 293 630 cam,
316 575 434 634 sequens
453 557 594 616 coelestem
609 556 716 625 tubam,
738 573 791 613 non
810 574 870 628 que
883 574 933 614 suo
954 560 1018 613 sunt
1070 556 1153 613 trit.»
1170 557 1293 625 Etenim,
1308 566 1339 613 ut
1353 555 1427 612 idem
1443 559 1565 612 loannes
1578 556 1674 612 scribit
1692 556 1726 613 ad
1739 556 1869 613 'fbeodo-

216 658 319 727 querit
332 656 358 725 (l
369 655 428 712 dor.
447 651 529 724 ειη).
543 650 607 717 Sed,
623 650 685 723 quia
700 651 770 707 inter
781 662 879 707 caetero
892 666 954 724 quae
966 649 1016 707 tibi
1070 666 1131 707 rum
1147 651 1326 718 monachum,
1345 650 1509 706 «lubricum
1522 665 1608 722 genus
1622 659 1665 706 εει
1681 658 1778 707 natura
1791 666 1868 708 rnor-

223 756 317 805 oontre
331 746 478 819 principem
490 744 588 803 mnndi
602 761 689 814 arma,
703 747 763 800 Deo
774 742 890 813 favente,
901 742 1015 813 contuli,
1071 744 1135 800 talis
1149 764 1155 801 :
1171 744 1224 801 cito
1241 743 1353 817 quidem
1368 743 1482 811 labitur,
1497 742 1545 800 sed
1560 760 1615 801 non
1630 759 1692 800 sero
1715 754 1866 816 reparatur,

219 841 291 915 quod
301 840 476 914 potissimum
488 847 540 908 est,
555 846 585 896 ut
594 838 878 911 eorpusDominicum
892 836 1017 909 frequen·
1070 847 1107 907 et,
1119 847 1147 894 ut
1162 838 1242 895 facile
1254 837 1337 905 cadit,
1351 839 1389 895 ita
1399 845 1428 894 et
1439 837 1567 894 velociter
1577 837 1671 911 surgit.
1689 862 1702 886 ι
1714 839 1865 906 Debemus,

217 941 260 991 ter
277 934 422 1007 acciperes,
442 931 578 991 indicavi:
600 939 629 989 ει
647 939 679 987 ut
691 939 773 989 certm
792 931 901 988 uductae
919 930 1017 987 matris
1071 948 1087 987 o
1112 932 1175 1001 filia,
1198 934 1230 989 ad
1252 931 1305 989 boc
1326 932 1463 1004 singulare
1483 930 1630 1004 confugere
1652 940 1866 999 sacramentum,

216 1027 329 1085 Domini
349 1035 377 1083 te
391 1026 502 1084 omnino
523 1026 709 1084 committeres
723 1025 852 1098 praeccpi;
874 1023 1017 1097 quidinde
1070 1027 1204 1099 singulare
1223 1034 1349 1101 appetere
1369 1024 1613 1082 medicamentum.
1634 1026 1701 1081 Haec
1714 1023 1787 1092 ideo,
1800 1025 1868 1081 eba-

217 1121 314 1179 beatus
334 1121 509 1188 Ambrosius,
540 1118 667 1176 videlicet
686 1118 721 1174 de
746 1116 880 1176 sumendo
902 1132 1017 1191 corpore
1070 1120 1178 1176 rissima
1192 1120 1278 1176 beatri
1293 1118 1365 1175 Petri
1376 1118 1440 1190 lilia,
1455 1118 1576 1175 seribere
1586 1120 1739 1190 procuravi,
1753 1128 1785 1176 ut
1799 1119 1867 1175 fides

216 1213 341 1277 Domini.
354 1214 479 1283 senserit,
495 1213 577 1270 bisin
589 1212 824 1269 litterisintimari.
843 1212 891 1268 nit
904 1211 1015 1269 enimin
1070 1229 1102 1270 ac
1124 1213 1219 1270 fiducia
1239 1213 1265 1269 in
1285 1210 1443 1285 accipiendo
1464 1229 1563 1285 corpus
1582 1212 1694 1268 Domini
1714 1213 1800 1286 major
1819 1211 1867 1269 tibi

215 1308 287 1365 libro
299 1316 399 1381 quarto
411 1310 453 1364 De
466 1306 645 1365 sacramentis
656 1307 729 1362 inter
744 1315 862 1364 caetera:
879 1330 891 1355 ι
908 1306 935 1363 81
946 1321 1018 1363 mor·
1070 1315 1217 1364 accrescat.
1233 1308 1329 1363 Talem
1343 1305 1455 1379 quidem
1470 1305 1639 1375 thesaurum,
1651 1306 1770 1378 taliaque
1783 1305 1867 1373 dona,

135 1446 147 1459 .
216 1408 272 1459 tem
301 1400 413 1457 Domini
437 1402 639 1471 annuntiamus,
663 1401 858 1457 annuntiamus
878 1399 1016 1456 remissio·
1069 1418 1126 1458 non
1138 1417 1247 1470 aurum,
1262 1416 1317 1457 non
1331 1400 1431 1473 lapides
1443 1400 1588 1473 pretiosos,
1603 1415 1696 1456 amore
1716 1399 1801 1472 patris
1814 1399 1865 1467 tui,

215 1510 278 1552 nem
299 1503 482 1567 peccatorum.
504 1495 531 1552 Si
555 1496 773 1568 quotiescunque
787 1493 940 1551 effunditur
954 1508 1014 1550 san·
1070 1495 1205 1554 coelorum
1226 1494 1352 1552 videlieet
1367 1493 1506 1568 principis,
1529 1508 1602 1549 ame
1622 1504 1666 1549 tua
1682 1492 1793 1563 requirit
1805 1493 1866 1548 ani·

215 1588 275 1661 guis
290 1588 410 1657 Domini,
425 1590 453 1645 in
473 1588 662 1647 remissionem
685 1597 861 1660 peccatorum
880 1586 1014 1656 funditur,
1070 1607 1127 1657 ma,
1151 1590 1212 1646 iicet
1237 1589 1271 1645 ab
1286 1588 1346 1646 aliis
1370 1587 1558 1645 sacerdotibus
1582 1587 1661 1658 longe
1681 1586 1794 1643 meliora
1815 1602 1866 1658 pro

215 1680 302 1739 debeo
320 1682 397 1738 illum
416 1698 524 1754 semper
542 1682 675 1754 accipere,
695 1690 726 1738 ut
739 1697 848 1754 semper
866 1680 935 1738 mibi
958 1696 1017 1753 pec·
1070 1684 1174 1740 meritis
1190 1684 1313 1752 accipere
1331 1682 1430 1755 possis.
1448 1684 1489 1737 De
1502 1684 1590 1737 Matre
1606 1680 1804 1749 verqDomini,
1820 1680 1865 1736 cui

215 1783 273 1832 ceta
290 1774 471 1833 dimittantur.
495 1776 546 1847 Qui
565 1790 673 1848 semper
692 1791 784 1847 pecco,
804 1791 911 1848 semper
924 1773 1010 1831 debeo
1029 1761 1092 1835 Bte
1116 1777 1300 1851 principaliter
1313 1775 1439 1833 commisi
1464 1784 1493 1831 et
1510 1775 1663 1843 committo,
1679 1783 1704 1829 et
1722 1789 1867 1846 nunquam

214 1868 314 1926 babere
328 1869 503 1926 medicinam.
521 1890 535 1921 u
552 1872 624 1927 ltem
642 1869 699 1943 ipse
719 1869 882 1926 Ambrosius
897 1869 925 1924 in
943 1868 1012 1924 libro
1065 1871 1253 1940 committere,
1269 1885 1413 1943 quousque
1427 1869 1503 1925 illam
1517 1867 1669 1932 videamus,
1682 1867 1865 1938 utcnpimns,

164 1992 167 1997 ·
214 1964 311 2036 quinto
328 1963 361 2019 de
380 1964 556 2019 sacramentis
573 1983 579 2019 ε
598 1988 610 2012 ⁸
631 1964 657 2019 Si
678 1963 855 2035 quotidianus
869 1970 911 2018 est
926 1962 1012 2034 panis,
1065 1966 1207 2032 orrrittam,
1219 1964 1285 2037 quid
1295 1963 1344 2020 tibi
1358 1963 1458 2031 dicam,
1469 1978 1552 2036 qnam
1564 1961 1665 2019 coelum
1676 1970 1703 2017 et
1715 1969 1788 2017 terra
1803 1960 1863 2017 lau·

213 2072 263 2112 cur
274 2063 335 2128 post
346 2073 450 2114 atinum
464 2056 542 2113 iilum
554 2072 658 2124 sumas,
670 2055 901 2127 quemadmodum
924 2056 1013 2112 Graeci
1065 2058 1142 2127 darc,
1164 2059 1227 2115 iicet
1240 2066 1271 2113 ut
1284 2048 1405 2113 meretur
1423 2064 1568 2127 nequeant,
1586 2071 1642 2111 non
1661 2057 1787 2111 cessant?
1801 2056 1865 2110 Hoc

214 2149 242 2207 iu
253 2149 366 2206 Oriente
382 2165 547 2207 consuevere
559 2148 669 2208 facere?
683 2148 782 2222 Accipe
798 2148 926 2221 quotidie,
940 2148 1013 2221 quod
1066 2161 1159 2208 tamen
1181 2151 1274 2223 procul
1298 2149 1382 2207 dubio
1400 2159 1504 2217 teneas,
1527 2149 1601 2222 quia,
1621 2156 1723 2221 quanto
1737 2147 1816 2204 altior
1837 2155 1865 2203 et

214 2241 334 2315 sprotidie
350 2243 399 2299 tibi
414 2244 500 2315 prosit
518 2262 526 2299 ε
543 2244 583 2300 sie
604 2244 673 2312 rire,
693 2252 724 2300 ut
743 2241 864 2316 quotidie
883 2243 1014 2298 merearis
1066 2246 1165 2301 melior
1186 2262 1218 2301 ac
1237 2244 1356 2302 sanctior
1373 2251 1415 2300 est
1434 2243 1509 2299 omui
1529 2251 1626 2311 matre,
1648 2249 1726 2299 tauto
1747 2240 1864 2298 clemen·

213 2336 346 2408 accipere.
364 2336 481 2407 Quando
497 2339 546 2405 [s.,
565 2337 617 2408 Qui
630 2353 698 2406 non,
717 2354 751 2393 en
766 2337 891 2394 Ambros.
904 2335 925 2391 l.
945 2352 964 2392 v
979 2336 1013 2391 de
1065 2340 1119 2395 tior
1140 2347 1168 2395 ει
1188 2337 1296 2395 dulcior
1309 2338 1379 2394 circa
1393 2351 1539 2393 conversos
1553 2343 1708 2408 peccatores
1721 2344 1749 2390 ct
1763 2350 1865 2406 peeca-

213 2445 283 2487 socr.
300 2446 327 2484 n.
350 2428 396 2504 25]
415 2439 536 2487 meretur
552 2430 675 2503 quotidie
688 2430 821 2505 accipere,
843 2446 898 2487 non
919 2445 1012 2485 merc·
1065 2432 1154 2489 trices.
1175 2436 1248 2490 Pone
1263 2432 1356 2502 itaque
1374 2430 1455 2487 finem
1476 2431 1503 2485 in
1517 2429 1657 2486 voluntate
1682 2427 1821 2501 peccandi,
1835 2435 1864 2485 et

213 2532 260 2580 tur
274 2531 335 2596 post
346 2539 449 2581 annum
459 2524 597 2597 accipere;
611 2523 752 2597 quomodo
767 2523 821 2580 Job
835 2531 946 2580 sauctus
963 2538 1011 2594 pro
1065 2533 1199 2599 prostrata
1214 2541 1307 2581 coram
1321 2525 1366 2580 illa
1385 2540 1418 2581 ex
1435 2521 1517 2580 corde
1533 2523 1650 2580 contrito
1671 2531 1699 2578 et
1717 2521 1864 2578 humiliato

213 2615 277 2673 ultis
305 2617 362 2673 suis
381 2615 516 2675 offerebat
538 2616 658 2689 qnotidie
684 2617 858 2681 sacrificium,
881 2632 915 2673 ne
939 2615 1012 2674 forte
1065 2621 1198 2693 lacrymas
1219 2618 1341 2676 effunde.
1360 2619 1483 2674 lut-enies
1497 2617 1581 2682 illam,
1597 2615 1782 2672 indubitanter
1798 2631 1864 2688 pro·

213 2708 315 2782 aliquid
338 2710 380 2767 rel
404 2710 432 2766 in
454 2709 546 2779 corde,
572 2710 614 2766 vei
642 2710 670 2766 in
692 2725 820 2767 sermone
844 2717 1011 2781 peccassent.
1065 2714 1157 2781 mitto,
1179 2713 1378 2787 promptiorem
1397 2710 1498 2768 carnali
1514 2718 1610 2778 matre,
1625 2725 1658 2765 ao
1679 2709 1820 2766 mitiorem
1834 2708 1865 2766 in

214 2805 287 2877 Ergo
300 2812 331 2860 tu
352 2803 431 2861 audis
452 2802 525 2875 quod
545 2803 760 2875 quotiescunque
779 2802 895 2860 offertur
909 2802 1012 2859 sacrifi·
1066 2808 1104 2864 tui
1120 2806 1273 2863 dilectione.

211 2895 294 2965 dum,
305 2912 382 2953 mors
393 2896 516 2964 Domini,
531 2896 697 2954 resurrectio
711 2897 821 2954 Domini
833 2896 1010 2969 significetur,
1102 2905 1171 2958 Data
1183 2906 1281 2957 Romae
1291 2900 1396 2956 decimo
1408 2908 1505 2970 quarto
1518 2896 1660 2955 Kalendas
1672 2895 1734 2953 Maii
1747 2896 1862 2966 [Martii

211 2996 240 3045 et
252 2988 397 3046 remissido
411 2998 601 3062 peccatorum3
611 2999 637 3046 ει
650 3005 749 3062 panem
763 2990 847 3046 imum
863 2989 924 3046 vita
938 3006 1007 3061 quo·
1062 3000 1088 3050 et
1108 2997 1147 3050 sic
1162 2998 1191 3050 io
1204 2997 1324 3062 diutiml,
1340 2991 1496 3048 inductione
1517 2990 1690 3047 duodecima.

211 3080 344 3140 fidianum
365 3099 421 3139 non
443 3083 581 3141 assumis?
595 3083 648 3155 Qui
667 3083 765 3140 vulnus
781 3081 874 3149 habel,
896 3082 1010 3139 medici·
1302 3099 1478 3156 gpps‘pogA
1492 3100 1618 3154 xgvffl,

211 3191 277 3232 nem
290 3176 412 3248 requirit.
430 3178 537 3233 vuinus
548 3184 606 3244 est,
621 3175 683 3248 quia
702 3176 753 3232 snb
769 3183 879 3247 peccalo
893 3190 1006 3243 sumus3
1022 3147 1046 3212 c

211 3268 347 3328 medicina
362 3278 404 3326 est
416 3269 528 3328 caeleste
542 3276 569 3325 et
588 3269 743 3327 venerabile
760 3277 974 3325 sacramentum.
992 3292 1004 3318 υ

209 3365 278 3420 item
289 3363 439 3437 Gregorius
453 3380 521 3437 papa
536 3362 886 3435 iniibroeriaiogorum
900 3382 907 3417 ι
922 3381 936 3415 a
953 3366 1007 3419 De·
1141 3424 1176 3434 Η
1356 3419 1362 3429 ,
1586 3421 1591 3430 ,
1714 3420 1732 3430 ,,

210 3455 308 3514 bernus
322 3457 414 3530 itaque
435 3473 557 3530 presens
577 3457 721 3525 seculum,
738 3457 777 3514 sel
792 3456 925 3529 quiajam
939 3471 1004 3512 con-
1059 3418 1862 3549 Prff'pfflmmsswmdaa'ssrssssfflffggffgssfffflffim:

209 3550 340 3623 spicimus
354 3552 511 3620 defluxisse,
523 3561 581 3608 tota
602 3557 693 3607 mente
706 3558 896 3617 contemnere,
913 3551 1005 3623 quoti·
1096 3510 1162 3620 ὦ,
1185 3507 1489 3634 ejwfflofflnque
1500 3533 1588 3617 alium
1606 3563 1655 3631 qui
1678 3560 1707 3615 td
1727 3503 1862 3631 impexae

209 3642 290 3701 diana
304 3646 364 3701 Deo
382 3644 564 3717 lacrymarum
577 3643 719 3712 sacrificia,
734 3643 900 3716 quotidianis
917 3643 1006 3700 earnis
1092 3637 1306 3706 proesumptu't'i·

210 3736 268 3809 ejus
291 3743 319 3792 ει
344 3737 483 3809 sanguinis
508 3736 611 3793 hostias
623 3737 778 3794 immolare.
797 3739 864 3794 llaec
885 3753 1005 3810 namque
1096 3741 1437 3814 Gusaosuusepiseopus,
1450 3755 1546 3797 sersus
1559 3755 1703 3796 serrorum
1714 3739 1776 3809 Dei,
1797 3740 1859 3798 Hu-

208 3828 384 3902 tlnssulariler
397 3829 509 3885 victima
523 3830 558 3886 alt
569 3838 673 3888 aeterno
689 3829 799 3886 interitu
819 3830 940 3887 animam
955 3832 1007 3887 sal·
1060 3850 1157 3894 seuro
1167 3834 1301 3893 (lennensi
1312 3835 1486 3906 episeopo‚et
1495 3832 1623 3890 universo
1635 3832 1688 3889 loci
1702 3831 1776 3889 iliius
1785 3834 1861 3890 clero

208 3929 265 3990 '⁸12
279 3936 342 3995 (1⁰ae
361 3922 436 3979 1111111
454 3922 534 3980 nobis
549 3930 666 3979 mortem
686 3921 817 3995 unigeniti
832 3938 880 3994 per
901 3931 1005 3995 myste·
1059 3945 1091 3987 ac
1104 3930 1216 4002 populo,
1230 3929 1347 3985 salutem
1363 3936 1392 3985 et
1404 3927 1584 4000 apostolicam
1594 3924 1821 3984 benedictionem.

209 4015 281 4073 rium
302 4024 419 4089 reparat.
440 4015 533 4088 Quod,
558 4015 621 4072 licet
642 4031 783 4089 snrgeosa
804 4018 930 4082 mortuis,
946 4014 1006 4089 jam
1096 4023 1279 4096 intelligentes
1292 4038 1417 4080 errorem
1434 4031 1568 4090 restrum,
1585 4020 1620 4077 de
1633 4018 1753 4092 periculo
1767 4027 1862 4078 vestro

208 4124 265 4166 11011
277 4109 404 4177 1110111111,
421 4117 537 4167 11111011
551 4110 575 4166 111
589 4109 660 4166 1111111
680 4124 736 4166 11011
753 4107 949 4173 dominabitur,
964 4119 1004 4166 ta·
1060 4116 1137 4174 valde
1151 4117 1292 4185 timemus,
1310 4115 1440 4190 quoniam
1456 4121 1628 4172 sacramenta
1640 4112 1770 4170 consortii
1789 4128 1861 4170 con·

209 4217 274 4260 men
299 4203 329 4260 in
350 4202 411 4276 ipso
432 4202 628 4260 immortaliter
657 4211 742 4278 atque
763 4201 1007 4274 incormptibiliter
1059 4210 1164 4283 jugalis,
1187 4210 1284 4267 divinis
1309 4209 1412 4265 sancito
1433 4208 1575 4281 praeceptis
1599 4215 1627 4263 et
1650 4206 1764 4278 legibus,
1786 4206 1861 4264 inter

208 4296 313 4364 vilem»
337 4296 488 4369 1110101111
512 4295 613 4355 iterum
639 4297 667 4353 in
688 4295 741 4355 hoc
762 4296 894 4370 mysterio
920 4311 1005 4354 sacrae
1060 4319 1109 4359 ros
1138 4301 1261 4375 malignis
1282 4299 1381 4358 foedari
1401 4300 1500 4358 studiis
1528 4299 1692 4357 audivimus.
1717 4299 1859 4370 Scriptum

208 4387 356 4448 oblationis
369 4391 543 4459 immolator;
563 4389 622 4462 ejus
638 4390 738 4462 quippe
750 4389 785 4447 ibi
804 4405 903 4462 corpus
917 4389 1005 4447 sumi·
1059 4392 1160 4465 qnippe
1172 4400 1213 4448 εει
1226 4391 1262 4447 dc
1271 4390 1409 4463 conjugali
1424 4389 1530 4445 vinculo
1550 4409 1556 4445 2
1569 4390 1646 4458 Quod
1660 4393 1730 4447 Deus
1744 4388 1860 4459 cordon·

208 4490 263 4552 tur,
284 4485 345 4557 ejus
359 4500 423 4542 caro
437 4485 466 4541 in
478 4484 568 4558 populi
580 4484 668 4541 salute
688 4483 798 4556 patitur,
813 4483 872 4556 ejus
894 4484 1004 4554 sanguis
1058 4490 1111 4550 cit,
1125 4488 1201 4542 bomo
1219 4502 1272 4542 noo
1283 4489 1389 4557 separet
1403 4486 1511 4552 luctet.
1526 4500 1590 4550 ω,
1603 4486 1688 4541 blare.
1707 4498 1738 4546 x,
1757 4484 1859 4539 Mettis

208 4593 266 4633 non
285 4576 344 4650 jam
366 4578 396 4635 in
410 4594 510 4635 manus
530 4577 691 4645 infidelium,
709 4576 798 4634 sedin
819 4592 866 4632 ora
882 4554 1041 4633 fidetiuml)
1058 4580 1110 4652 rx),
1139 4586 1167 4636 et
1194 4579 1300 4637 Veritas
1324 4578 1437 4635 omnino
1462 4576 1590 4650 prohibet
1618 4591 1653 4631 ne
1678 4575 1720 4632 vir
1741 4589 1860 4631 uxorem

208 4668 341 4727 funditur.
365 4672 512 4745 llincergo
534 4686 682 4744 pensemus
700 4670 780 4742 quale
802 4670 837 4727 sit
861 4670 1007 4743 pronubis
1057 4687 1147 4741 suam,
1162 4670 1298 4729 nisiforte
1312 4686 1393 4728 causa
1408 4669 1607 4737 fornicationis,
1628 4667 1777 4740 relinquat.
1801 4668 1859 4723 No·

207 4762 261 4819 boc
288 4764 462 4834 sacrificium,
484 4764 558 4837 quod
574 4780 623 4837 pro
637 4764 809 4820 absolutione
831 4773 923 4821 nostra
945 4780 1005 4835 pas·
1058 4765 1100 4822 bis
1120 4774 1213 4822 autem
1228 4765 1343 4822 relatum
1358 4772 1399 4820 est
1421 4762 1573 4820 dnsaldum
1592 4759 1752 4835 quemdam,
1767 4759 1859 4817 eonci-

206 4856 310 4913 sionem
334 4857 467 4931 unigeniti
485 4858 547 4914 Filii
568 4872 681 4929 semper
698 4857 832 4923 imitatur.
849 4857 918 4928 Quis
931 4857 1006 4914 enirn
1058 4875 1119 4915 rem
1134 4867 1266 4927 vestrum,
1287 4874 1302 4914 a
1322 4866 1397 4930 patre
1412 4873 1461 4913 suo
1477 4864 1604 4912 coactum
1616 4870 1676 4912 esse
1695 4863 1726 4910 ut
1739 4868 1858 4910 uxorem

207 4948 328 5007 fidelium
343 4949 444 5007 habere
463 4949 578 5007 dubium
593 4951 680 5022 possit
695 4950 723 5006 in
737 4950 794 5023 ipsa
812 4950 981 5007 immolation
998 4968 1006 5006 r
1058 4951 1208 5025 propriam,
1222 4950 1256 5007 de
1270 4949 1450 5007 fornicatione
1463 4947 1533 5005 falso
1548 4948 1735 5015 criminatam,
1748 4961 1801 5003 nee
1816 4946 1859 5002 ul-

207 5042 276 5101 bora
298 5043 335 5100 ed
356 5042 507 5101 sacerdotis
526 5058 623 5101 rocem
646 5044 732 5100 coeios
752 5042 850 5115 aperiri
871 5060 879 5098 :
904 5043 932 5098 in
957 5043 975 5098 il
1000 5069 1004 5087 ·
1058 5045 1143 5102 terius
1167 5044 1276 5114 lrabeat,
1308 5059 1359 5100 nec
1379 5042 1513 5117 judicium
1542 5041 1713 5116 purgationis
1740 5039 1800 5114 ejus
1829 5036 1859 5095 id

205 5137 270 5194 Jesu
294 5136 393 5194 Christi
416 5136 549 5208 mysterio
575 5134 738 5207 angelorum
756 5134 857 5191 choros
876 5133 972 5191 adesse
1057 5137 1131 5210 quod
1152 5138 1209 5210 ipsa
1228 5136 1304 5194 ualde
1317 5135 1464 5205 desiderat,
1481 5151 1529 5207 pro
1548 5132 1717 5193 discutienda
1742 5133 1857 5190 veritate

206 5230 324 5286 summis
347 5230 402 5286 ima
428 5229 524 5287 sociari
548 5245 556 5283 ε
586 5238 693 5285 terrena
718 5227 874 5285 caelestibus
895 5229 972 5300 jungi
994 5249 1001 5285 :
1028 5288 1032 5295 ,
1055 5232 1194 5305 suscipiat.
1206 5229 1288 5304 Quod
1299 5230 1361 5303 quia
1375 5228 1473 5286 divinis
1486 5238 1514 5284 et
1527 5228 1652 5285 humanis
1665 5226 1769 5300 legibus
1778 5224 1857 5283 valde

205 5338 293 5379 uuum
309 5321 422 5394 quidex
441 5321 592 5378 visibilibus
605 5329 686 5392 etque
700 5320 877 5376 invisibilibus
890 5321 969 5378 lieri?
985 5342 999 5375 a
1054 5324 1225 5382 contrarium
1240 5333 1292 5393 εει,
1309 5323 1398 5396 primo
1412 5330 1439 5378 te
1458 5322 1624 5395 episcopum,
1648 5319 1744 5377 deinde
1758 5333 1859 5376 omues

204 5416 276 5472 ltem
298 5417 419 5472 loannes
437 5415 651 5488 chrysostomus
666 5412 817 5486 patriarcba
835 5413 869 5471 ad
883 5413 1001 5488 ncopby-
1055 5433 1104 5476 ros
1125 5417 1316 5486 admonemus,
1332 5424 1361 5473 ct
1383 5416 1531 5488 apostolica
1554 5414 1717 5471 auctoritate
1736 5410 1859 5486 praecipi·

204 5515 271 5565 tos:
288 5508 415 5567 «Videte
427 5507 661 5583 quemadmodum
675 5523 805 5581 sponsam
817 5507 866 5566 sibi
879 5509 1002 5567 Christus
1055 5527 1118 5567 mus
1137 5520 1178 5579 ut,
1197 5511 1220 5567 si
1236 5511 1335 5566 mulier
1355 5508 1390 5566 ad
1407 5508 1635 5566 examinationem
1657 5505 1807 5578 legitimam
1826 5519 1857 5560 se

204 5601 373 5675 conjunxit:
395 5602 487 5661 ridete
505 5618 561 5675 quo
582 5617 631 5659 ros
651 5601 713 5657 cibo
735 5602 866 5659 satietatis
888 5603 1001 5660 enutrit.
1055 5604 1182 5661 conferre
1202 5603 1328 5671 voluerit,
1353 5603 1516 5661 cumomni
1539 5599 1734 5672 tranquillitate
1761 5606 1791 5656 et
1810 5613 1857 5655 ex·

204 5698 267 5768 lpse
280 5696 364 5755 nobis
384 5695 436 5754 cibi
451 5695 615 5753 substantia
629 5703 671 5753 est
687 5705 772 5769 atque
790 5696 1000 5754 nutrimentum.
1055 5699 1222 5771 spectatione
1239 5697 1314 5770 juste
1333 5713 1399 5753 com
1420 5694 1629 5769 probationibus
1649 5692 1813 5766 recipiatur;
1828 5699 1858 5748 et

202 5791 274 5846 llam
291 5790 362 5847 sient
379 5789 488 5860 mulier,
508 5788 660 5847 affectionis
674 5798 770 5846 natura
787 5798 911 5863 cogente,
928 5790 1004 5863 geni·
1055 5792 1077 5849 si
1094 5808 1143 5865 per
1165 5789 1381 5848 misericordiam
1401 5790 1453 5847 Dei
1477 5790 1611 5846 innocens
1630 5786 1798 5860 apperuerit,
1814 5800 1857 5841 se·

1151 3222 1192 3264 un
1207 3221 1376 3265 russanum
1390 3221 1577 3263 orsurussu
1591 3218 1768 3262 serscueurr

1346 3319 1437 3377 (Arane
1460 3318 1550 3378 1074.)
