3870 6164
133 190 187 274 aas
555 180 563 187 ’
635 216 680 271 uo
698 216 812 272 ornan
830 215 860 270 s.
882 214 1042 270 saeoouu
1060 212 1278 270 arenunrcas.
1471 214 1474 225 ¹
1550 282 1553 287 ι
1737 212 1784 267 aaa

134 341 221 413 ipsius
246 341 349 414 pectori
375 339 427 396 fuit
452 338 671 412 superpositum,
695 340 781 397 sancti
807 339 931 411 praesulis
946 345 972 406 Α
986 338 1096 395 haecres
1109 337 1176 393 mihi
1191 337 1291 409 pariter
1305 343 1334 393 et
1344 334 1441 393 multis
1454 333 1517 392 aliis
1527 333 1665 391 innotuit.
1675 335 1785 390 Eratrir

135 434 392 500 invocatonomine,
403 433 498 490 statim
509 432 636 490 discessit
649 434 740 490 omnis
751 434 839 489 dolor.
989 431 1111 501 quidam,
1127 432 1218 487 Lauzo
1235 428 1325 487 ludex
1336 429 1460 495 nomine,
1477 427 1786 500 Mediolanensirgsue·

171 528 312 585 Relatione
334 526 468 584 Guidonis
491 536 520 582 et
533 527 628 583 vitalis
642 527 773 582 Lucensis
798 527 933 599 episcopa·
987 542 1034 594 re,
1058 525 1216 582 tarvisinus
1232 521 1415 588 habitatione,
1430 538 1515 595 quern
1535 522 1609 595 [qui]
1628 520 1700 577 ficus
1716 522 1784 595 aegri·

136 629 180 677 tus
198 620 322 676 honestae
345 619 408 676 vitae
424 620 574 692 presbyteri
597 629 679 692 atque
705 620 808 691 pariter
821 620 873 676 sub
894 628 934 677 te·
987 618 1083 676 tudine
1100 618 1274 674 vehementer
1288 617 1392 673 virente
1411 624 1439 672 et
1455 623 1543 688 guttae
1558 614 1666 672 morbo
1679 615 1772 688 gravia

106 726 112 743 ··
135 713 267 770 stimonio
292 713 441 769 Allucionis
463 715 583 769 Lucanae
606 712 725 769 civitatis
745 713 844 769 nobilis
865 713 931 782 viri,
988 728 1051 768 eum
1065 712 1092 768 iu
1102 711 1217 783 pedihus
1227 709 1341 779 ferente,
1356 717 1385 766 et
1396 724 1491 783 gressu
1503 709 1600 766 fuerat
1616 708 1747 780 privatas,
1759 718 1783 765 et

134 822 204 873 rem,
219 821 304 879 quam
318 821 411 875 narro,
425 806 551 879 cognovi,
573 806 618 877 qui
635 814 783 877 praesentes
802 804 933 863 interfue·
987 805 1097 878 requies
1115 804 1205 861 somni
1220 805 1329 876 penitus
1343 801 1396 859 a'ibi
1412 803 1485 859 nulla
1499 802 1635 859 dabatur.
1657 805 1695 860 Et
1716 802 1781 875 quis,

134 908 199 955 runt
221 898 286 955 huie
301 900 443 956 miraculo.
458 898 634 970 Virquidam
648 915 761 957 manum
780 901 856 974 Juxta
872 899 932 956 bra·
989 899 1092 955 viribus
1103 899 1162 972 jam
1183 897 1386 964 deficientibus,
1400 896 1429 952 iu
1450 896 1521 953 lecto
1535 896 1583 953 vix
1609 896 1783 953 seresolrere

135 993 229 1050 chium
249 1002 417 1051 contractam
436 994 563 1062 habebnt,
584 994 627 1050 cui
641 993 764 1065 praedicti
782 993 935 1050 allucionis
988 993 1105 1061 valebat,
1119 991 1258 1048 funiculus
1268 1006 1351 1063 supra
1363 990 1466 1047 lectum
1480 990 1574 1047 luerat
1588 989 1703 1063 ligatus,
1717 989 1784 1061 urim

135 1087 222 1144 frater
237 1103 269 1144 er
283 1089 382 1161 pietate
397 1088 424 1143 iu
446 1086 529 1144 domo
543 1103 592 1144 sua
605 1088 754 1144 necessaria
767 1088 850 1160 longo
868 1097 935 1143 tem·
988 1085 1126 1158 adiutorio
1141 1100 1171 1142 se
1190 1084 1317 1141 mutabat
1332 1083 1360 1140 iu
1373 1083 1516 1156 quodlibet
1537 1082 1625 1140 latus.
1642 1083 1697 1140 Die
1710 1082 1784 1155 igitur

136 1196 204 1252 pore
219 1181 392 1237 ministravit.
407 1180 518 1239 Praefati
532 1196 597 1238 vero
612 1180 774 1253 presbytcri,
790 1190 871 1252 atque
889 1196 935 1252 pa·
989 1178 1121 1252 quadam,
1134 1179 1228 1234 tractis
1239 1177 1364 1249 suspiriis
1377 1184 1405 1233 et
1417 1174 1536 1248 profusis
1549 1175 1698 1249 lacrymis,
1711 1176 1785 1248 ooepit

135 1273 203 1331 riter
210 1275 272 1346 jam
286 1274 443 1331 nominatus
462 1274 568 1331 Allucio
583 1274 754 1331 confidentes
768 1275 888 1330 maxime
902 1273 935 1330 de
990 1270 1479 1339 orarehisverbis:«Deusmeritiss.
1488 1268 1784 1342 anselmamjmrutu

136 1366 324 1424 misericordia
346 1367 508 1424 sanctissimi
530 1368 667 1440 praesulis,
688 1367 829 1424 homiuem
851 1383 936 1424 manu
989 1365 1182 1423 admirabilem
1195 1364 1323 1437 gloriam,
1338 1362 1491 1421 osteudeiu
1505 1378 1552 1419 me
1567 1363 1657 1419 etiam
1670 1363 1783 1419 tuacvir·

137 1470 322 1529 contractum,
338 1460 372 1516 ad
388 1460 536 1533 quamdam
551 1459 724 1517 deduxerunt
738 1461 893 1528 ecclesiam,
907 1460 936 1516 in
989 1460 1058 1516 tutis
1070 1459 1255 1516 clementiam.
1270 1458 1369 1515 Sancte
1380 1455 1534 1523 confessor,
1545 1463 1697 1513 memento
1717 1454 1785 1512 ferni·

137 1571 190 1627 qua
206 1553 352 1625 praedictus
362 1553 454 1610 Guido
469 1554 611 1627 presbyter
627 1553 754 1626 quadam
765 1555 854 1611 sancti
868 1569 937 1626 prae·
991 1552 1117 1609 liaritatis
1130 1567 1192 1624 quae
1204 1566 1257 1608 nos
1270 1551 1300 1607 iu
1309 1550 1411 1608 scholis
1421 1550 1513 1607 socios
1523 1549 1677 1621 junxerat3
1689 1549 1784 1621 prusias

137 1647 203 1703 sulis
223 1662 271 1719 pro
283 1648 434 1704 reverentia
449 1663 481 1703 ao
495 1648 601 1704 honore
612 1647 774 1704 condiderat
790 1648 936 1704 vestimen·
991 1645 1072 1715 mihi,
1090 1643 1337 1717 piissimepraesul,
1358 1659 1420 1716 quae
1444 1657 1569 1716 persaepe
1583 1642 1783 1700 miscuitemtu

137 1748 177 1797 ta.
190 1740 340 1798 orantibus
350 1740 441 1814 itaque
452 1741 503 1797 illis
533 1741 699 1799 unanimiter
708 1741 935 1815 atquepostulau·
954 1735 1121 1796 Bamicitiae
1149 1737 1247 1808 verba3
1272 1737 1307 1794 ad
1331 1735 1518 1793 venerandum
1539 1743 1628 1793 hrum
1653 1736 1783 1794 tumulum

137 1832 211 1889 tibus
223 1833 368 1890 devotione
385 1834 484 1902 multa,
503 1842 535 1889 ut
553 1837 629 1892 Deus
643 1834 679 1891 ad
694 1833 893 1891 confutandam
908 1842 936 1891 et
990 1835 1112 1900 veniam,
1128 1831 1151 1889 si
1166 1840 1282 1903 praestas
1299 1830 1423 1887 sanitatis
1442 1830 1579 1887 laetitiam.
1592 1852 1606 1879 ι
1617 1831 1691 1887 Tota
1698 1830 1783 1903 itaque

27 1912 31 1919 ⁵
137 1925 322 1998 superandam
336 1926 407 1984 Petri
422 1926 546 1984 haeretici
561 1928 739 2000 ettinvasoris
752 1930 872 1986 Lucanae
884 1932 935 1984 Ec·
991 1928 1115 1999 proxima
1138 1934 1236 1993 nocte,
1263 1940 1363 1998 sopore
1383 1924 1487 1981 sommi
1512 1931 1662 1997 arreptus,
1690 1924 1784 1996 quierit

137 2018 226 2076 clesiae
244 2020 405 2093 nequitiam,
423 2020 450 2076 in
470 2021 523 2076 hoc
537 2020 648 2076 homine
661 2019 936 2077 declararetsanctis·
990 2021 1127 2092 usquein
1150 2019 1527 2080 crastinumsactoautem
1545 2032 1639 2088 mmo,
1673 2019 1784 2075 nudem

137 2112 202 2167 simi
223 2111 360 2182 pontilicis
385 2111 576 2168 admirabilem
599 2113 734 2185 gloriam,
757 2123 870 2171 sanatus
896 2122 938 2171 est
990 2129 1020 2171 se
1030 2115 1089 2186 jam
1108 2114 1310 2180 convalescere,
1329 2127 1395 2169 mox
1418 2112 1535 2184 ineoepit
1557 2110 1781 2177 confidenterire,

139 2202 224 2259 homo
244 2203 322 2277 eujus
336 2219 435 2260 manus
453 2212 512 2260 erat
532 2213 682 2262 contracta.
698 2206 823 2264 Praedicti
844 2208 938 2281 itaque
991 2209 1083 2279 sicque
1106 2208 1192 2264 sancti
1212 2205 1338 2279 praesulis
1352 2204 1544 2262 misericordia
1557 2204 1703 2276 liberatur,
1716 2220 1781 2262 nunt

139 2295 293 2378 sacerdotes
307 2305 463 2369 spectantes
472 2306 531 2354 tarn
544 2298 668 2369 praeolari
681 2298 744 2356 facti
755 2300 888 2370 laetitiam,
904 2317 939 2358 ue
991 2301 1091 2374 gaudet
1108 2316 1137 2358 se
1162 2301 1269 2373 optime
1286 2299 1463 2372 sospitatum.

139 2389 251 2445 Domini
276 2390 479 2448 occultarentur
504 2393 649 2463 magnalia,
664 2408 697 2449 ex
719 2403 858 2467 praecepto
872 2395 938 2452 obe·
1029 2397 1163 2452 Praeterea
1185 2393 1343 2451 adolescens
1368 2393 1481 2466 quidam
1502 2391 1614 2450 auditus
1641 2400 1671 2450 et
1693 2392 1781 2466 lupe

140 2481 252 2541 dieutiae
266 2491 362 2539 sanato
377 2482 482 2540 bomini
503 2484 647 2557 jusserunt
660 2486 764 2543 elevata
781 2504 864 2545 cruce
878 2503 940 2560 pro·
992 2488 1082 2546 officio
1095 2505 1111 2546 a
1124 2488 1265 2545 nativitate
1284 2488 1405 2560 privatus
1419 2486 1518 2556 fuerat,
1532 2487 1583 2560 qui
1606 2487 1668 2560 plus
1687 2487 1780 2543 mensi·

141 2576 277 2647 perareiu
290 2578 430 2632 Lucanam
448 2578 599 2645 civitatem,
619 2586 649 2635 ut
663 2581 828 2652 populorum
838 2581 938 2651 turbae,
993 2583 1044 2640 bus
1069 2583 1178 2640 duobus
1204 2582 1351 2639 nobiscum
1371 2581 1519 2638 demorans
1541 2595 1604 2638 sura
1625 2579 1781 2637 infirmitati

139 2676 293 2740 spectantes
303 2668 378 2747 huno
390 2671 504 2726 Domini
519 2671 707 2729 misericordia
723 2675 884 2731 mirabiliter
898 2690 940 2732 sa·
993 2685 1097 2733 certam
1111 2676 1190 2733 nobis
1210 2684 1238 2733 et
1257 2675 1352 2733 multis
1369 2675 1430 2732 aliis
1449 2674 1567 2732 dederat
1585 2673 1725 2732 notitiam.
1736 2673 1779 2731 llis

140 2777 218 2830 num,
232 2777 316 2833 quem
332 2763 411 2835 paulo
424 2772 486 2820 ante
500 2773 632 2821 noverant
645 2774 832 2838 contractum,
847 2769 888 2826 rel
900 2769 940 2826 sic
993 2779 1089 2845 quater
1103 2771 1131 2828 in
1145 2771 1250 2828 somnis
1271 2767 1338 2825 vidit
1361 2769 1413 2827 sibi
1435 2768 1545 2842 roganti
1565 2777 1693 2826 sanonum
1705 2767 1778 2842 poni

140 2856 300 2926 poeniterent
313 2856 512 2928 quiasanctum
527 2860 672 2930 praesulem
689 2862 843 2943 sanctitatis
856 2864 940 2920 vitam
994 2863 1085 2934 ficem,
1100 2873 1128 2922 et
1142 2865 1305 2937 auresjuxta
1316 2869 1444 2920 sanctum
1457 2862 1601 2919 tumulum
1615 2862 1670 2919 sibi
1682 2860 1777 2935 aperiri,

139 2948 331 3018 praedicantem
345 2950 405 3007 sine
415 2967 495 3007 causa
509 2952 576 3009 sede
587 2953 694 3026 propria
709 2955 882 3027 expulerunt,
899 2964 938 3026 ut,
994 2966 1023 3014 et
1035 2959 1173 3016 vinculum
1192 2959 1291 3030 lingua
1308 2958 1411 3029 pariter
1423 2955 1548 3013 dissolvi.
1570 2954 1690 3014 Veniens
1702 2956 1776 3029 apua

139 3042 185 3112 qui
200 3042 289 3099 verbis
300 3043 387 3115 ipsius
401 3044 550 3102 uoluerunt
561 3047 686 3116 credere,
699 3049 739 3103 vel
756 3057 815 3104 tam
829 3050 938 3106 evideu·
956 3081 979 3145 C
994 3059 1025 3107 ut
1038 3052 1127 3108 fuerat
1141 3052 1329 3124 praemonitus,
1343 3050 1377 3107 ad
1392 3057 1518 3106 sanctum
1537 3064 1653 3121 corpus,
1668 3051 1775 3122 mugiens

139 3134 212 3191 tibus
228 3136 359 3208 operibus
372 3137 525 3195 crederent.
539 3139 590 3197 Sed
605 3142 702 3197 Petrus
715 3128 869 3211 haereticus,
891 3144 938 3217 qui
993 3153 1020 3201 et
1032 3153 1127 3219 peetus
1141 3144 1274 3214 tundens,
1288 3161 1338 3217 pro
1352 3144 1466 3205 viribus,
1484 3143 1654 3199 sanctissimi
1673 3141 1774 3216 pmrl'!

139 3228 223 3285 etiam
236 3229 348 3286 nubens
361 3246 477 3288 manum
489 3233 517 3289 in
533 3233 675 3291 Christum
695 3236 818 3303 Domini,
833 3253 888 3293 non
901 3238 939 3295 ti-
992 3237 1092 3295 devote
1112 3237 1243 3310 poscebat
1255 3238 1424 3309 presidium.
1445 3236 1563 3308 Aliquot
1584 3236 1681 3309 itaque
1697 3234 1773 3293 diebtt

139 3321 210 3379 muit
226 3339 393 3396 presumere
409 3335 534 3383 sanctum
547 3329 706 3400 pontificem
721 3329 755 3386 de
770 3332 879 3403 propria
890 3347 938 3388 er·
992 3332 1121 3389 insistens
1135 3331 1317 3400 orationibus,
1334 3340 1362 3388 et
1374 3330 1484 3387 auditus
1501 3338 1672 3387 consecutus
1685 3336 1724 3387 en
1738 3327 1772 3384 laa

140 3417 242 3488 pellere
263 3416 339 3486 sede,
360 3428 388 3474 et
400 3418 450 3475 sibi
464 3436 526 3477 eam
541 3421 658 3480 nefande
677 3423 791 3495 eripere,
810 3423 938 3483 indurato
992 3427 1081 3482 titiam
1095 3435 1122 3483 et
1135 3426 1261 3483 distincte
1276 3424 1406 3499 loquendi
1418 3426 1526 3498 plenam
1536 3424 1706 3494 efficaciam
1717 3418 1770 3497 qul

139 3512 221 3567 corde
235 3511 298 3568 visis
312 3512 399 3584 signis
417 3521 445 3569 et
465 3515 604 3587 prodigiis,
629 3516 719 3573 adhuc
740 3527 896 3589 perseverat
910 3519 939 3575 in
993 3528 1143 3593 praesentes
1159 3520 1283 3578 vidimus
1303 3528 1332 3577 et
1350 3518 1407 3577 lere
1427 3526 1543 3576 cunctus
1556 3519 1679 3592 populus
1693 3524 1771 3575 nom

140 3603 329 3661 incredulitate
341 3620 399 3661 suae
413 3609 552 3677 nequitiae.
568 3609 750 3667 considerans
764 3611 882 3684 denique
895 3612 940 3669 illo
993 3615 1077 3672 urbis.

140 3693 275 3751 uelandus
293 3695 346 3752 hoc
366 3695 401 3753 ad
421 3699 610 3756 conlusiouem
628 3710 656 3758 et
676 3702 873 3763 detrimentum
896 3705 939 3762 sui
1029 3711 1164 3765 Praeterea
1175 3707 1278 3764 mulier
1290 3706 1415 3781 quaedam
1430 3705 1483 3763 fuit
1497 3705 1582 3780 longo
1595 3705 1769 3780 temporalia

139 3787 270 3855 evenisse,
290 3789 405 3845 tentavit
421 3792 708 3857 sanatumhominem
722 3797 750 3852 in
763 3797 938 3856 custodiere-
993 3803 1109 3872 privata,
1123 3817 1215 3874 quam,
1237 3800 1383 3858 accedente
1404 3808 1491 3873 gutta,
1512 3799 1550 3858 ad
1572 3808 1686 3872 tempus
1702 3804 1769 3855 tati!

140 3878 261 3948 trudere,
275 3881 368 3938 volens
387 3881 470 3954 hujus
481 3884 520 3940 rei
540 3886 648 3958 siguum
660 3888 705 3944 tali
725 3890 836 3959 perfidia
851 3893 940 3949 occul·
993 3894 1072 3951 dolor
1090 3895 1186 3966 capitis
1201 3893 1325 3962 vexabat,
1349 3901 1379 3950 ut
1392 3891 1497 3950 furiosa
1512 3909 1571 3965 prae
1585 3893 1713 3968 angustia
1726 3902 1769 3963 pte

141 3980 210 4028 tare.
231 3972 296 4041 Sed,
314 3974 377 4046 quia
392 3977 501 4032 verbam
520 3981 569 4034 Dei
580 3994 723 4051 uunquam
736 3988 775 4038 cst
792 3985 939 4054 ollipotum
993 3987 1050 4059 pria
1060 3988 1168 4046 roderet
1184 3986 1318 4044 membra.
1329 3988 1395 4045 Haec
1409 3989 1504 4060 utique
1518 3986 1635 4045 hortatu
1646 3978 1675 4044 et
1687 3984 1770 4057 adjuto

141 4067 179 4130 (ll
204 4067 271 4121 lim.
295 4069 343 4137 11),
368 4067 469 4126 timeus
492 4072 623 4143 populum
648 4073 674 4128 in
689 4089 718 4130 se
734 4074 784 4131 hac
798 4075 834 4133 de
858 4092 940 4136 causa
992 4084 1035 4139 rio
1049 4082 1180 4155 Opizonis
1193 4082 1229 4140 de
1250 4083 1378 4155 Gonzaga
1400 4081 1435 4139 ad
1448 4082 1536 4138 sancti
1557 4080 1722 4140 confessoris
1735 4076 1772 4134 lt·

140 4159 318 4229 coucitatum,
338 4160 470 4219 confusus
491 4164 615 4236 permisit
628 4166 704 4224 abire
728 4184 810 4241 quem
822 4170 941 4230 babebat
993 4176 1075 4233 ducta
1089 4177 1237 4244 tumulum,
1249 4184 1279 4233 et
1292 4184 1377 4249 guttae
1390 4176 1520 4233 liberatur
1535 4168 1772 4250 angustiaretur

139 4251 288 4308 reclusum.
992 4271 1093 4342 pariter
1110 4277 1253 4326 consecuta
1272 4277 1314 4326 est
1333 4269 1465 4327 laetitiam.
1482 4268 1570 4341 Cujus
1588 4263 1772 4341 praeteriurin-

175 4345 233 4402 Sub
251 4346 410 4405 testimonio
441 4351 602 4409 eorumdem
625 4353 749 4413 virorum
774 4359 887 4430 pariter,
910 4368 939 4418 et
993 4362 1129 4419 firmitatis
1150 4362 1295 4435 praedictus
1310 4363 1398 4435 Opino
1419 4361 1497 4419 adest
1518 4363 1608 4432 testis,
1625 4363 1676 4436 qui
1695 4370 1773 4431 comt

140 4438 213 4496 aliud
229 4442 345 4513 cognovi
357 4442 521 4500 miraculum
536 4445 653 4503 mirifice
663 4448 830 4507 mirandum.
846 4453 942 4509 flomi-
956 4462 982 4525 Ι)
996 4455 1035 4511 ris
1055 4456 1185 4513 alimenta
1205 4473 1239 4513 ex
1261 4457 1362 4530 pietate
1374 4456 1421 4514 diu
1444 4455 1496 4512 sibi
1511 4455 1634 4528 praebuit
1654 4456 1686 4512 in
1707 4452 1774 4511 dono

139 4532 219 4589 nibus
231 4535 293 4604 loci,
309 4537 352 4592 cui
368 4552 470 4594 nomen
488 4547 530 4595 est
542 4539 750 4612 castellonium,
767 4542 814 4600 diu
828 4546 938 4619 alteque
991 4564 1050 4605 sua.

140 4634 253 4697 puteum
267 4628 445 4700 fodientibus,
468 4649 564 4689 venam
587 4650 665 4706 aquae
679 4637 754 4693 nulla
771 4647 841 4706 arte,
860 4640 937 4697 nullo
1027 4645 1058 4698 ln
1073 4642 1176 4715 praedio
1195 4644 1397 4700 canonicorum
1419 4642 1493 4699 beati
1513 4642 1588 4699 Petri
1608 4642 1640 4698 in
1664 4633 1775 4707 loomffli

139 4716 250 4791 iugenio
264 4723 383 4794 reperire
394 4733 532 4796 poterant.
551 4728 675 4800 Cumque
684 4728 742 4802 jam
753 4730 833 4804 longo
845 4732 938 4791 labore
991 4750 1095 4792 nomen
1106 4745 1149 4793 est
1161 4736 1226 4793 villa
1237 4738 1328 4793 Sancti
1340 4735 1491 4804 Laurentii,
1508 4733 1776 4805 mutaturusque

138 4809 254 4883 fatigati,
266 4813 301 4871 de
311 4830 389 4888 aquae
400 4816 556 4876 inventione
567 4818 754 4894 desperantes,
767 4825 842 4882 inani
856 4842 938 4899 opere
990 4829 1066 4901 darn,
1079 4829 1123 4885 cui
1143 4845 1227 4887 nasus
1240 4829 1406 4887 horribiliter
1419 4828 1600 4896 intumuerat,
1615 4836 1647 4885 et
1659 4828 1731 4885 calor
1745 4823 1777 4878 in·

140 4903 238 4960 vellent
252 4904 380 4975 deficere,
399 4920 541 4980 coeperuut
558 4926 587 4969 se
609 4914 749 4972 adhortari
764 4916 886 4976 dicentes
902 4919 937 4976 ad
990 4922 1128 4981 trinsecus
1141 4938 1225 4980 urens
1239 4923 1343 4980 saniem
1357 4921 1509 4978 emittebat.
1523 4923 1596 4979 Haec
1615 4921 1715 4979 devote
1728 4928 1777 4976 aas·

139 4996 257 5055 invicem
276 5017 284 5055 r
301 5023 315 5050 ι
338 5003 471 5059 instantia
485 5005 640 5062 orationum
657 5016 685 5064 et
702 5010 937 5084 eleemosynarum
991 5024 1068 5072 etum
1081 5015 1233 5089 deposcens
1244 5015 1402 5088 presulem,
1416 5023 1567 5072 consecuta
1588 5021 1632 5072 est
1655 5012 1776 5073 amnas·

139 5089 281 5163 largitione
291 5093 470 5167 deprecemur
483 5099 652 5157 unanimiter
661 5102 824 5172 Dominum,
836 5113 867 5161 ut
881 5121 937 5163 ma·
990 5117 1047 5165 tam
1061 5108 1188 5166 salutem.

138 5182 200 5240 ritis
218 5187 383 5245 sanctissimi
409 5191 536 5261 praesulis
554 5195 680 5250 anselmi
701 5196 783 5252 nobis
805 5198 937 5256 concedat
1024 5205 1104 5271 item,
1118 5202 1231 5275 quidam
1246 5218 1314 5274 puer
1323 5201 1360 5259 de
1373 5200 1498 5259 sacciula
1508 5200 1612 5274 gaudio
1624 5201 1699 5260 lucis
1710 5198 1777 5277 trist

138 5290 240 5346 aquam
256 5282 385 5352 reperire,
408 5299 458 5354 pro
467 5300 520 5356 qua
539 5285 703 5344 invenienda
715 5287 762 5344 diu
777 5289 879 5349 frustra
894 5293 936 5350 in·
989 5303 1034 5351 tus
1044 5293 1141 5365 fuerat,
1157 5297 1205 5368 qui
1217 5296 1326 5353 rediens
1338 5312 1354 5352 a
1367 5296 1506 5353 &emona
1518 5295 1553 5352 ad
1563 5297 1658 5354 musti
1671 5289 1777 5371 prutl'l

138 5369 305 5429 sudavimus.
323 5398 336 5423 ιι
349 5375 521 5434 Facientibus
531 5379 620 5452 itaque
634 5380 685 5438 illis
700 5383 935 5458 eleemosynarum
989 5386 1135 5444 festinabat
1148 5388 1287 5457 tumbam,
1301 5405 1383 5462 aqua
1397 5388 1490 5461 paneis
1500 5386 1603 5446 diebus
1617 5388 1775 5448 discam&

138 5460 301 5565 charitatem
316 5470 491 5541 pauperibus,
503 5472 596 5530 subito
608 5474 718 5533 advenit
731 5492 799 5549 puer
808 5479 936 5537 nuntians
988 5483 1143 5554 Properaus
1155 5482 1247 5554 itaque
1268 5483 1390 5539 sitienter
1401 5483 1436 5539 ad
1446 5481 1538 5539 saneti
1546 5490 1775 5554 muranum

138 5571 165 5610 ru
180 5564 262 5629 puteo
276 5557 473 5621 abundantiam
483 5580 560 5636 oquae
571 5577 721 5639 repertam.
989 5574 1025 5632 ad
1037 5574 1141 5646 lapillos
1155 5575 1306 5647 saepissime
1319 5575 1449 5632 allidebat
1467 5573 1564 5648 pedes,
1580 5584 1684 5651 utpote
1696 5576 1775 5636 balb

173 5651 205 5705 ln
235 5648 336 5706 litteris
362 5655 546 5714 archidiaconi
570 5662 720 5720 Tarvisium
746 5667 874 5725 Ecclesiae
897 5671 933 5724 D.
988 5668 1036 5741 qui
1056 5666 1232 5726 sibiadversa
1246 5670 1404 5727 nullatenus
1425 5669 1583 5742 prospicere
1602 5668 1775 5729 valebatllt·
1808 5658 1813 5671 '

137 5743 279 5800 iliatlrildae
290 5743 409 5816 directis,
420 5752 549 5809 etnuntii
559 5754 690 5813 relatione
704 5756 750 5829 qui
765 5773 812 5817 cas
823 5759 933 5829 detulit,
989 5763 1048 5819 leus
1061 5776 1127 5835 ergo
1141 5770 1170 5820 et
1182 5778 1297 5835 gemam
1313 5771 1441 5820 sanctum
1454 5760 1649 5823 confessorem
1665 5758 1776 5838 Μ
