3870 6164
142 286 194 340 etta
615 279 644 334 S.
664 273 826 333 ennoean
844 273 888 331 vlt
908 272 1007 329 PAPAE
1026 272 1272 329 erenbertus
1290 273 1332 361 lt..
1744 274 1793 328 tet

143 422 191 464 vos
208 405 365 474 defendere,
380 413 408 462 et
422 405 450 461 in
466 418 580 461 omnem
596 402 743 458 veritatem
757 400 887 458 inducere
901 398 943 455 di·
956 403 984 465 Α
998 398 1159 456 auctoritate
1173 397 1357 454 decernimus.
1377 396 1460 469 Quod
1477 398 1502 454 si
1520 406 1584 470 post
1602 396 1688 469 hujus
1699 404 1794 454 notha

143 510 251 576 gnotus,
264 509 398 572 quatenus
410 496 546 570 quidquid
558 495 638 568 agitis
647 492 802 552 secundum
814 493 941 550 timorem

143 595 194 652 Dei
207 602 235 650 et
247 592 396 650 utilitatem
407 599 511 647 sanctae
522 589 652 645 Ecclesia
663 587 781 644 feliciter
794 587 940 658 peragatis.

146 691 222 744 lnter
244 686 337 742 omnia
358 683 560 741 studiosissime
580 681 797 738 Wormatiensis
822 679 942 752 episcopi

145 787 324 846 mementote,
340 778 386 850 qui
408 792 474 834 cum
488 784 560 832 esset
574 774 621 832 diu
642 775 676 830 ab
691 774 814 830 Ecclesia
829 789 878 830 sun
898 788 944 830 ex·

145 874 248 945 pulsus,
260 881 287 930 et
298 872 334 929 ob
349 871 376 929 id
389 873 509 927 Romam
519 869 636 934 veniret,
649 868 824 924 utensilium
837 876 944 939 aposto

144 969 205 1025 licor
217 966 290 1024 sedis
308 964 469 1039 acquireret,
485 978 542 1019 non
563 962 652 1018 solum
675 961 741 1017 nibil
754 961 806 1017 sibi
822 960 941 1033 proluit,

145 1060 194 1119 sed
206 1059 390 1117 modoetiam
406 1057 483 1130 pejus
504 1055 630 1112 incurrit.
645 1055 760 1111 Interim
777 1069 825 1110 vos
841 1054 942 1110 minte-

146 1170 220 1222 mus,
232 1162 259 1209 et
273 1166 404 1224 rogemus
421 1158 452 1206 ut
465 1149 526 1206 sitis
540 1163 681 1205 memores
695 1149 794 1217 nostri,
809 1146 943 1203 memoris

147 1247 239 1319 vestri,
260 1245 334 1317 apud
349 1248 451 1302 Deum.

490 1356 597 1412 XLIX.

149 1461 273 1530 creora-rt·
288 1461 341 1516 Vll
388 1460 468 1514 istola
487 1460 524 1514 od
545 1462 680 1528 liuponeru
695 1460 846 1528 episomam
862 1459 945 1513 lliert-

165 1545 267 1586 seru-
281 1532 368 1587 ihotu
378 1535 443 1585 otur
455 1532 488 1586 dc
497 1546 564 1602 poce
576 1530 699 1586 Ecctesto
712 1529 770 1599 ejus
785 1531 925 1585 restituto.

405 1670 421 1688 ,„
440 1628 534 1695 (Anno
554 1629 646 1692 tolli.)

997 493 1192 550 interdictionis
1213 493 1377 549 sententiam
1397 492 1432 550 ad
1446 492 1529 564 hujus
1544 490 1690 564 regiminis
1708 490 1791 564 digni·

996 595 1084 643 tatem
1108 585 1277 657 aspiraverit,
1300 586 1367 658 quid
1390 585 1462 642 beati
1483 584 1557 641 Petri
1580 582 1690 657 gladius
1712 584 1790 641 voleat

997 683 1059 737 sine
1084 680 1168 738 dubio
1182 680 1345 752 experietur,
1370 687 1399 736 et
1413 679 1440 734 in
1465 686 1632 751 perpetuum
1654 676 1730 734 nulla
1746 677 1788 735 sibi

999 773 1171 831 ecclesiastici
1184 772 1324 847 regiminis
1337 772 1437 828 liducia
1451 773 1632 844 relinquetur.
1656 771 1702 829 Ad
1726 786 1788 828 oon·

999 867 1173 941 primendum
1192 867 1275 923 etiam
1295 867 1450 923 multorum
1472 873 1591 922 conatus
1612 864 1786 937 ilbcitos,qvi

999 961 1144 1018 obstinatis
1154 961 1254 1018 animis
1263 976 1318 1016 non
1328 961 1429 1016 timent
1438 963 1529 1016 Deum
1541 967 1711 1030 postponere
1720 966 1785 1015 etse

1000 1054 1212 1126 perbiamsuam
1232 1054 1388 1126 propalare,
1411 1052 1551 1110 diabolum
1576 1053 1784 1125 imitantes,qti

998 1165 1055 1205 non
1067 1156 1212 1205 contentus
1229 1147 1282 1204 sibi
1296 1147 1444 1213 concessis,
1459 1146 1526 1203 dum
1540 1146 1637 1203 illicite
1651 1145 1783 1202 nititnrad

999 1241 1107 1307 altiora,
1132 1250 1160 1297 et
1179 1240 1253 1313 quod
1268 1240 1388 1297 habebat
1395 1241 1470 1314 juste
1482 1240 1590 1305 amisit,
1607 1239 1737 1296 volumus
1750 1253 1783 1294 ros

999 1336 1166 1392 in-omnibus
1180 1334 1414 1403 conciliisvestris,
1428 1335 1485 1390 vice
1500 1344 1610 1402 nostra,
1627 1348 1727 1389 omnes
1737 1333 1782 1388 illos

999 1429 1238 1486 excommunicare
1253 1428 1410 1500 quicunque
1424 1427 1585 1499 apostolicae
1599 1426 1677 1483 sedis
1690 1424 1782 1482 decreto

999 1522 1157 1594 superbae
1183 1538 1213 1578 re
1237 1520 1406 1594 synodaliter
1419 1520 1571 1578 constituto
1596 1519 1710 1576 obviare
1730 1534 1781 1593 pre

998 1616 1181 1689 sumpserint,
1195 1616 1269 1673 etde
1293 1630 1377 1672 manu
1389 1614 1505 1686 alicuius
1525 1613 1588 1670 laici
1606 1612 1780 1670 investiturae

149 1726 442 1799 [auganensium.
464 1726 621 1789 utrumn,
636 1741 680 1797 ap.
699 1727 808 1793 exarz,
824 1728 982 1791 naemu
1002 1711 1185 1767 moraturum
1206 1709 1388 1782 susceperint,
1410 1717 1442 1764 ¹11
1463 1707 1505 1764 urs
1524 1707 1628 1764 satum
1648 1705 1780 1764 onusto

310 1799 492 1868 Gerraidai,
509 1798 596 1871 Scrip.
614 1798 691 1865 Vlll,
710 1801 785 1865 oth]
891 1845 896 1855 ,

184 1901 363 1958 Gusooerus
376 1901 532 1972 episcopus,
550 1915 648 1957 servus
663 1914 807 1956 servorum
822 1901 883 1968 Dei,
900 1892 946 1955 di·

147 1996 218 2050 lecto
228 1995 255 2049 in
264 1994 373 2050 Christo
381 1992 458 2049 fratri
469 1996 606 2061 Huconr,
617 1993 712 2049 Diensi
724 1993 862 2065 episcopo,
875 1994 946 2049 salu·

148 2096 206 2142 tem
221 2093 249 2141 et
263 2087 440 2159 apostolicam
459 2086 693 2143 benedictionem.

184 2177 266 2249 Quod
277 2178 371 2234 divina
388 2179 534 2235 clementia
549 2194 643 2251 pacem
657 2179 785 2235 Ecclesiae
796 2187 849 2235 tum
865 2180 946 2236 resti-

150 2272 218 2339 tuit,
232 2272 301 2327 sciat
322 2271 478 2328 fraternitas
493 2279 541 2328 tua
560 2287 610 2327 nos
624 2271 697 2328 baud
713 2273 793 2328 aliter
814 2272 948 2345 quamde

149 2373 253 2431 nostra,
269 2374 317 2420 aut
330 2372 432 2420 sanctae
452 2367 589 2421 ltoruonae
607 2366 736 2422 Ecclesiae
751 2366 948 2438 tranquillitate

151 2467 178 2514 et
200 2456 323 2528 proiectu
344 2458 476 2530 gaudere.
491 2460 528 2513 Et
548 2458 601 2514 hoc
620 2459 647 2514 in
662 2467 815 2515 mentetua
838 2474 948 2530 semper

152 2559 263 2609 rireneat
277 2550 379 2618 druna,
395 2549 469 2622 quod
483 2551 657 2624 omnipotens
670 2555 757 2620 Deus,
773 2553 815 2609 cui
831 2551 948 2608 lidelitcr

151 2643 279 2700 famulari
297 2652 356 2701 toto
368 2645 460 2701 cordis
474 2643 575 2701 ellectu
591 2645 736 2713 adniteris,
759 2655 788 2702 et
806 2654 946 2718 tempora-

150 2737 206 2793 lem
221 2736 270 2793 tibl
295 2752 390 2809 pacem
403 2746 592 2811 competenter
615 2739 781 2806 conciliabit,
796 2748 825 2795 et
848 2741 947 2811 sempi-

150 2838 257 2886 ternam
282 2832 389 2887 meritis
417 2831 469 2887 tuis
483 2830 573 2887 bonus
597 2842 789 2889 remunerator
804 2833 944 2890 retribuet.

150 2925 191 2979 De
216 2921 351 2979 discordia
376 2939 439 2980 vero
462 2939 546 2993 quam
567 2924 639 2980 inter
666 2925 877 2996 Lugdunensem
900 2941 949 2981 ar-

150 3015 354 3088 chiepiscopum
367 3024 394 3071 et
406 3016 536 3073 abbatem
547 3018 755 3074 cluniacensem
777 3017 947 3089 significasti,

1000 1820 1077 1876 aspa
1092 1803 1251 1859 ambitionis
1266 1817 1323 1858 suae
1336 1801 1450 1865 reducti,
1469 1816 1526 1857 non
1542 1799 1660 1857 aliunde
1674 1809 1706 1858 ut
1724 1799 1780 1859 tue

999 1912 1027 1954 et
1046 1898 1168 1955 latrones
1191 1895 1224 1951 ad
1240 1895 1310 1951 ovile
1324 1895 1502 1951 Dominicum
1517 1893 1682 1964 ascendant,
1695 1893 1739 1950 sed
1755 1907 1779 1947 er

1000 1991 1170 2048 habitatione
1191 1990 1385 2061 religiosorum
1400 1989 1524 2045 virorum
1540 1988 1662 2055 invitati,
1686 1994 1717 2044 ut
1732 1985 1780 2044 boni

1000 2095 1029 2141 et
1042 2084 1131 2141 idonei
1147 2093 1270 2156 pastores
1293 2099 1341 2155 per
1355 2083 1457 2139 ostium
1478 2080 1681 2155 ingrediantur.
1698 2080 1782 2138 adue

1000 2194 1098 2235 nemus
1115 2178 1198 2234 etiam
1211 2186 1243 2232 ut
1260 2178 1362 2233 viscera
1382 2176 1491 2247 pietatis
1511 2182 1568 2232 ture
1587 2174 1671 2232 dolor
1691 2173 1784 2231 etcala·

1001 2273 1082 2328 mitae
1107 2271 1290 2343 lingonensis
1304 2268 1433 2325 Ecclesiae
1455 2276 1591 2340 penetret,
1607 2276 1636 2324 et
1658 2284 1714 2325 una
1735 2281 1786 2323 cum

1000 2366 1085 2423 iratrc
1114 2374 1210 2421 nostro
1240 2362 1419 2435 lugdunensi
1445 2361 1675 2435 archiepiscopo,
1708 2359 1788 2417 modis

1001 2459 1100 2530 quibus
1115 2458 1218 2525 valetis,
1233 2458 1318 2512 tantis
1336 2457 1395 2528 ejus
1408 2456 1536 2527 periculis
1557 2455 1719 2519 consulatis,
1734 2453 1790 2510 illud

1002 2552 1185 2624 principaliter
1209 2551 1376 2623 perficientes
1398 2551 1476 2605 utin
1498 2547 1650 2617 decanum,
1672 2548 1719 2621 qui
1742 2546 1792 2603 lere

1001 2647 1096 2703 omnia
1111 2646 1184 2701 illius
1199 2645 1325 2701 Ecclesiae
1338 2641 1438 2713 jollicia
1462 2642 1591 2713 possimis
1605 2640 1702 2698 studiis
1724 2641 1790 2697 arri-

1002 2741 1070 2811 puit,
1095 2741 1199 2812 justum
1213 2737 1378 2795 sententiam
1399 2735 1481 2804 detis,
1514 2744 1544 2792 et
1564 2735 1657 2792 officia
1677 2734 1725 2791 illa
1745 2749 1791 2806 per

1002 2833 1144 2905 religiosos
1162 2842 1189 2888 et
1213 2837 1399 2903 competentes
1421 2829 1494 2886 viros
1517 2844 1586 2901 pure
1604 2828 1733 2902 denoeps
1752 2826 1795 2884 sd·

1002 2926 1207 2981 ministrentur.

1382 3020 1416 3074 L.

150 3109 258 3164 noverit
279 3109 389 3166 dilectio
407 3117 456 3166 tua
475 3126 526 3167 nos
545 3125 601 3166 uon
628 3126 725 3182 parum
745 3112 865 3182 gravari,
888 3110 946 3177 scd,
964 3126 986 3188 c
1003 3135 1128 3204 (Μωρ-
1149 3134 1199 3188 pfl
1222 3147 1302 3203 papst
1324 3133 1437 3202 ,pppopa
1454 3131 1494 3187 ap
1512 3133 1690 3199 mmmm,
1709 3146 1796 3186 m.

149 3202 280 3274 quoniam
299 3202 371 3259 inter
388 3203 531 3276 religiosos
542 3203 632 3276 jurgia
647 3211 723 3271 sunt,
744 3204 864 3260 multum
880 3220 946 3277 pro·

152 3293 223 3351 lecto
236 3294 338 3352 dolere.
356 3297 463 3369 Quippe
474 3312 594 3368 quorum
605 3297 751 3354 concordia
766 3297 861 3354 multis
880 3313 946 3370 pro-

150 3387 228 3446 desse
244 3396 350 3460 poteret
369 3398 396 3446 et
409 3388 552 3459 debuerat,
564 3406 622 3447 non
640 3389 759 3448 dubium
774 3401 817 3447 est
829 3392 897 3464 quin
911 3391 947 3449 de

150 3497 247 3537 eorum
272 3481 444 3539 dissenuone
471 3484 598 3556 plurimis
618 3485 724 3541 oriatur
748 3494 775 3540 et
799 3484 890 3541 lutura
911 3486 948 3541 sit

1033 3207 1112 3345 qterr'i
1118 3206 1258 3259 beccensis
1267 3204 1439 3259 abbatoru-
1447 3207 1486 3258 De
1497 3202 1677 3259 celeberrimo
1684 3202 1796 3261 amus·

1050 3292 1121 3331 omo.

1298 3373 1389 3437 (Anno
1410 3368 1500 3437 tote.)

1195 3473 1320 3539 [illust.
1335 3471 1433 3527 concil.
1447 3470 1513 3537 xit,
1525 3472 1602 3538 ota]

149 3575 237 3646 maus
251 3575 392 3642 pernicies.
413 3572 496 3631 Unde
517 3573 718 3633 fraternitatem
734 3586 811 3633 tuam
836 3579 947 3649 vigilare
1036 3583 1212 3638 Gnsooruus
1225 3582 1381 3654 episcopus,
1398 3596 1492 3636 sersus
1503 3596 1651 3637 servorum
1668 3583 1731 3649 bei,
1744 3585 1795 3638 ts·

150 3673 260 3736 oportet
282 3672 311 3721 et
333 3682 431 3723 curare
452 3682 567 3724 necesse
588 3676 630 3724 est
651 3668 794 3740 religiosos
807 3671 857 3727 tibi
873 3670 946 3727 viros
1001 3689 1113 3743 saevo,
1124 3675 1268 3731 venerabili
1276 3674 1368 3730 abbati
1379 3674 1519 3743 beccensi,
1530 3674 1690 3732 salutemet
1698 3683 1795 3749 aposto

149 3756 290 3825 adhibere,
304 3766 331 3814 et
345 3759 382 3814 ita
393 3757 521 3830 praelatos
536 3776 568 3816 ex
584 3770 662 3832 parte
676 3769 769 3818 noeua
783 3778 867 3835 super
881 3779 947 3819 con·
1001 3769 1127 3824 stolicam
1147 3765 1383 3824 benedictionem.

151 3848 245 3905 cordia
267 3850 424 3906 convenire.
445 3851 568 3923 Denique
587 3853 746 3926 quicunque
762 3855 873 3910 illorum
883 3855 946 3924 jus·
1037 3861 1174 3931 Quoniam
1186 3860 1330 3918 fructuum
1352 3870 1464 3918 tuorum
1491 3861 1581 3919 bonus
1606 3863 1679 3921 odor
1701 3863 1737 3919 ad
1750 3875 1796 3917 nos

137 3942 229 4013 ,tibae
254 3943 404 4000 secundum
427 3945 539 4000 consilia
567 3954 668 4013 restra,
689 3961 747 4003 non
773 3949 947 4019 acquieverit,
1002 3971 1087 4027 usque
1104 3954 1233 4022 redoluit,
1251 3970 1336 4027 quam
1350 3955 1445 4029 dignas
1460 3964 1551 4029 grates
1565 3959 1627 4014 Deo
1645 3956 1794 4020 referimus.

150 4035 217 4092 nulli
233 4036 270 4091 sit
285 4036 448 4109 ambiguum
463 4038 536 4107 quod
552 4053 604 4095 nos
626 4039 655 4095 in
669 4055 732 4096 cum
744 4040 873 4111 graviter,
889 4057 948 4099 onr-
1000 4056 1027 4104 et
1051 4056 1079 4104 te
1093 4048 1122 4104 in
1144 4048 1244 4105 Christi
1269 4048 1416 4105 dilectione
1438 4065 1471 4105 ex
1485 4049 1568 4106 corde
1589 4050 1793 4124 amploctimvrr;

149 4129 192 4184 nis
206 4143 332 4200 personae
348 4129 506 4202 acceptione
519 4132 680 4204 postposita,
697 4133 946 4193 commovebimur.
999 4142 1143 4198 credentes
1166 4158 1216 4213 pro
1239 4151 1315 4199 certo
1345 4151 1457 4201 tuorum
1482 4142 1641 4200 studiorum
1665 4143 1796 4216 exemplis

149 4221 220 4299 Quia
241 4237 305 4279 vero
320 4223 346 4278 in
362 4222 483 4295 partibus
501 4225 690 4297 preordinatis
704 4227 850 4284 concilium
872 4230 948 4285 ccle-
1000 4230 1150 4287 Ecclesiam
1165 4231 1216 4287 Dei
1226 4231 1254 4287 in
1268 4231 1365 4288 melius
1374 4232 1538 4303 promoveri,
1550 4240 1579 4287 et
1590 4233 1649 4288 tuis
1661 4232 1797 4289 similium

149 4313 229 4372 brare
242 4330 300 4372 nou
320 4316 450 4388 potuistis
469 4318 586 4388 utiliter,
605 4330 763 4392 competens
781 4321 948 4380 arbitramur
1001 4338 1055 4396 que
1078 4327 1118 4382 tui
1145 4325 1271 4396 precibus
1294 4327 1379 4385 etium
1406 4327 1440 4383 ab
1466 4326 1637 4383 instantibus
1663 4327 1795 4400 periuriis,

148 4416 181 4465 ut
192 4417 290 4481 aptum
303 4409 395 4468 locum
418 4410 557 4484 diligentia
571 4422 659 4469 vestra
671 4413 827 4482 inveniatis,
842 4415 888 4472 ubi
900 4432 948 4489 sy·
1002 4417 1103 4474 Christi
1118 4419 1300 4477 subveniente
1311 4417 1515 4488 misericordia,
1527 4435 1610 4492 posse
1625 4422 1707 4493 eripi.
1723 4421 1795 4477 liosti

149 4503 222 4559 uodo
255 4512 419 4577 congregata
453 4507 602 4562 Remensis
631 4507 828 4580 archiepiscopi
864 4525 945 4565 carisa
960 4488 986 4551 Ῑ)
1001 4509 1085 4568 irater
1100 4533 1107 4568 ι
1122 4512 1143 4567 si
1151 4513 1220 4585 justi
1233 4513 1307 4585 apud
1319 4515 1407 4569 Deum
1423 4512 1566 4585 praevaluit
1575 4515 1669 4571 oratio
1681 4517 1747 4581 (loc.
1761 4520 1794 4581 r),

149 4595 290 4668 diligenter
314 4599 499 4655 examinetur.
517 4601 554 4655 Et
567 4599 695 4672 quidem,
710 4601 733 4657 si
747 4600 837 4657 idonei
860 4617 945 4658 accu-
999 4604 1066 4677 quid
1075 4605 1236 4678 justorum?
1248 4608 1390 4679 prevaluit
1401 4606 1541 4678 equidem,
1552 4608 1611 4663 imo
1622 4606 1793 4680 impetrabit,

148 4696 263 4744 satores.
275 4696 303 4745 et
316 4697 401 4747 testes
415 4693 521 4748 inventi
541 4691 659 4760 luerim,
684 4694 757 4764 quod
776 4693 905 4766 objicitur
918 4697 942 4751 ei
999 4699 1156 4768 sinedubio,
1168 4699 1243 4772 quod
1255 4700 1363 4772 petierit
1372 4704 1395 4766 (l
1401 4703 1426 4756 ll
1433 4704 1498 4768 liep.
1512 4703 1603 4769 xvir).
1615 4701 1707 4774 ipsius
1717 4701 1794 4759 etiem

147 4781 281 4838 canonice
304 4783 532 4854 comprobantes,
562 4802 646 4859 quam
672 4786 776 4858 justitia
801 4786 944 4846 dictaverit
1000 4793 1129 4850 Veritatis
1141 4794 1306 4850 auctoritate
1314 4793 1440 4865 cogimur
1453 4793 1506 4850 boc
1515 4792 1645 4850 conllteri
1658 4816 1665 4852 ι
1678 4796 1793 4853 Pulsate.

147 4874 314 4931 sententiam
327 4875 393 4932 dere
416 4876 520 4949 absque
547 4876 719 4937 hesitatione
734 4896 782 4937 vos
804 4881 941 4938 volumus.
997 4886 1096 4958 inquit,
1109 4890 1136 4942 et
1149 4891 1287 4957 operietur
1300 4887 1383 4950 eobo,
1396 4890 1480 4957 petite
1495 4893 1519 4942 et
1532 4890 1674 4958 accipietis
1686 4887 1790 4955 (llam-

148 4966 281 5040 Alioquin
292 4967 315 5023 si
330 4968 398 5025 tales
417 4984 540 5053 personas
554 4969 656 5028 luerint
674 4988 737 5045 quac
751 4974 833 5046 recipi
855 4975 943 5031 ratio-
997 4982 1104 5049 v11,7).
1129 4978 1238 5037 Pulsate
1252 4981 1424 5051 simpliciter,
1446 4980 1529 5053 petita
1546 4980 1716 5052 simpliciter
1738 4980 1814 5037 ωε

147 5059 274 5116 nobiliter
286 5069 435 5134 nequeant,
454 5064 587 5135 quoniam
601 5067 689 5139 turpis
700 5066 735 5124 de
753 5083 786 5124 eo
801 5066 872 5123 lama
886 5085 943 5127 non
996 5072 1079 5129 etiam
1097 5074 1223 5145 quaesibi
1240 5076 1373 5146 placeant.
1395 5075 1517 5145 Simplex
1535 5082 1577 5129 est
1590 5073 1709 5142 ostium,
1732 5074 1818 5131 sita-

146 5152 238 5211 solum
251 5153 380 5223 Galliam,
392 5157 585 5215 verumetiam
597 5157 941 5234 ieretotamreplevitlta·
997 5166 1058 5237 plex
1068 5166 1147 5224 dator
1158 5168 1214 5224 vult
1224 5168 1278 5240 peti
1288 5166 1433 5239 simplicia,
1443 5176 1538 5239 atquae
1548 5166 1600 5223 sibi
1609 5168 1775 5225 conveniant
1783 5181 1817 5219 =

143 5245 228 5314 liam,
243 5262 291 5304 sex
312 5249 465 5322 episcopis,
488 5265 608 5323 quorum
623 5253 678 5310 vita
697 5270 754 5311 non
774 5262 886 5312 notetur
899 5257 941 5314 in·
996 5258 1049 5315 boc
1060 5259 1144 5317 modo
1156 5261 1304 5331 aperietur,
1319 5261 1372 5316 hoc
1383 5261 1465 5318 modo
1474 5259 1625 5332 accipietis,
1641 5260 1698 5319 boo
1712 5258 1829 5318 modo

76 5422 80 5429 Ι
142 5337 239 5406 bmia,
265 5343 415 5415 assumptis
428 5344 490 5412 sibi,
505 5345 529 5402 ei
554 5354 655 5417 potest,
676 5357 840 5414 excusares,
861 5351 942 5407 etsie
992 5353 1830 5424 justornmexaudieturoratio.Underolnmuetuamtuo‘

39 5370 73 5585 ,-
143 5441 275 5504 purgatus
290 5449 355 5491 cum
367 5437 473 5508 paeeiu
486 5438 609 5496 Ecclesia
620 5455 671 5497 sua
680 5449 709 5498 ct
723 5442 836 5514 propria
848 5442 942 5516 digui-
996 5461 1111 5516 rumque
1131 5445 1331 5503 iraternitatem
1350 5446 1460 5503 assidue
1478 5450 1567 5504 Deum
1590 5462 1685 5515 orare,
1701 5448 1830 5505 utre*

45 5588 49 5608 y,
142 5531 200 5583 tate
214 5536 369 5585 remaneat.
383 5531 519 5589 Prmtcrea
534 5548 598 5589 eum
613 5549 697 5605 quem
716 5550 764 5606 per
782 5537 940 5593 secularem
993 5538 1590 5613 desiamsuam,etnos(quieilicetindiqui
1604 5538 1830 5615 presidemus)

143 5626 326 5690 potestatem,
340 5622 368 5679 id
389 5631 432 5680 est
442 5624 546 5698 regiam
559 5627 767 5696 investituram,
779 5630 940 5689 cabilonen·
993 5630 1027 5686 ab
1043 5631 1209 5689 instantibus
1230 5633 1422 5691 hereticorum
1437 5634 1663 5706 oppressionibus
1682 5634 1821 5709 cupist-

138 5726 197 5771 sem
210 5713 361 5773 Ecclesiam
375 5716 492 5777 intrasse
511 5720 695 5793 significastis,
710 5720 747 5778 ab
767 5725 843 5781 omni
868 5726 939 5799 regi·
992 5732 1021 5781 et
1039 5723 1112 5794 illos,
1127 5741 1222 5784 errore
1243 5727 1369 5795 dimisso,
1384 5728 1419 5786 ad
1433 5728 1505 5785 viam
1521 5727 1646 5787 veritatis
1666 5730 1810 5789 [εὐποιία

138 5805 213 5864 mine
228 5815 257 5865 et
272 5809 419 5883 speipsius
433 5812 694 5873 autumationum
711 5828 771 5872 esse
783 5816 935 5887 apostolica
990 5816 1197 5887 Querimoniam
1211 5819 1286 5893 apud
1306 5836 1357 5878 nos
1376 5820 1444 5880 iecit
1454 5821 1570 5896 qnidam
1582 5818 1825 5899 peregrim*
