3884 6158
166 224 216 276 257
596 226 859 299 subintulistis.
880 260 916 274 -
934 228 1133 295 tib-orituro
1151 238 1179 297 S.
1201 240 1373 301 desueuit.
1500 236 1505 248 ⁴
1758 255 1811 311 258

165 368 177 391 ι
197 345 245 401 des
252 348 411 420 procresdu
421 349 534 420 dures,
547 352 598 421 qui
611 355 720 411 recitent
731 354 902 413 leBrtoioim
913 374 960 414 ro-
973 363 999 427 Α
1017 384 1030 409 ι
1052 361 1076 416 la
1091 364 1182 421 suere'e
1195 365 1341 440 theologie,
1357 368 1485 442 lesquels,
1501 371 1581 444 apres
1600 389 1655 430 une
1665 372 1742 431 iiibre
1753 374 1812 433 dis·

164 462 178 486 ·
196 442 302 496 renium
316 446 400 508 (323).
414 464 429 491 u
1015 476 1029 503 ι
1048 456 1172 526 eussion,
1194 474 1263 517 nous
1275 470 1326 518 ent
1338 463 1465 535 repperti
1480 478 1512 519 ee
1523 464 1588 537 qu'il
1609 466 1670 523 leur
1686 467 1813 526 semblait

195 534 319 591 Pendaet
337 551 447 607 queem
462 536 561 595 elioses
576 553 606 595 se
629 540 767 611 passaient
784 556 818 597 eii
836 544 958 611 Franco,
1015 570 1029 597 ι
1047 564 1097 605 sui·
1113 559 1184 607 eette
1207 552 1312 611 affaire.
1336 558 1426 628 Ayaut
1451 556 1524 613 done
1550 560 1672 617 entendu
1692 562 1731 617 les
1754 562 1812 619 avis

162 629 260 695 liene,
288 630 419 703 outragee
438 628 509 687 dens
526 647 560 688 ee
584 632 682 705 qu'elle
704 650 720 689 a
741 634 775 691 de
796 635 857 708 plus
880 638 957 707 eber,
1014 666 1027 691 e
1048 641 1155 700 desdits
1168 646 1316 703 eerdiuaux
1330 648 1595 716 etdoeteurs,Nous
1608 652 1763 723 declareris,
1775 653 1811 712 de

161 719 307 777 l’bonneui·
324 722 374 779 des
395 723 483 781 saints
503 724 603 797 qu'elle
618 726 747 800 introque,
761 737 789 783 et
807 744 837 785 sa
859 745 958 802 propre
1016 757 1027 785 ι
1049 736 1073 792 la
1089 736 1225 809 plenitude
1242 739 1277 796 de
1294 742 1433 799 l'outorite
1446 744 1629 817 apostolique,
1644 746 1683 802 les
1700 747 1809 819 inione-

160 812 266 885 digiiite
280 816 339 888 qui,
351 816 456 874 n’etaot
467 834 515 892 pus
525 817 560 875 de
574 835 605 875 oe
619 821 721 878 monde
735 828 798 888 (uon
811 830 851 879 est
865 824 959 881 deboc
1015 852 1027 877 e
1048 829 1119 886 tiens
1137 839 1287 890 eontenues
1302 834 1370 891 dans
1389 835 1429 892 les
1446 837 1550 897 siisdits
1563 836 1696 908 feuillets,
1711 841 1810 907 uelles,

159 909 282 979 mundo),
306 926 343 966 ne
360 910 420 967 doit
436 926 485 984 pas
502 910 562 969 etro
579 914 700 971 suerille'e
721 931 776 971 aux
798 917 958 974 considera·
1015 945 1028 973 ι
1048 925 1150 992 vaiues,
1170 926 1313 997 inualidos,
1333 943 1397 985 sans
1411 928 1487 998 ellat,
1509 932 1710 1002 attentaloires,
1729 941 1757 989 et
1776 933 1811 990 de

159 1002 232 1059 b'ons
246 1002 391 1061 bumaines
404 1014 433 1061 et
449 1005 744 1078 persennelles,1teme
758 1024 789 1063 se
798 1011 850 1066 mit
863 1026 897 1066 en
908 1010 958 1067 de·
1014 1037 1026 1064 ι
1048 1018 1121 1073 nulle
1131 1018 1206 1076 loree
1221 1036 1291 1093 pour
1301 1021 1325 1077 le
1335 1021 1445 1092 pre'sent
1457 1031 1484 1078 et
1495 1039 1566 1095 pour
1578 1023 1702 1082 l'aveuii.

160 1097 216 1153 ioir
227 1096 299 1154 dese
312 1096 446 1155 defeudre
457 1113 507 1171 pai·
519 1100 662 1171 lesarmes
673 1116 726 1173 que
739 1103 764 1157 le
774 1103 826 1158 ltoi
840 1101 890 1160 des
904 1105 960 1162 reis
1051 1133 1064 1158 ι
1083 1113 1119 1166 Et
1129 1113 1303 1181 neanmoins,
1315 1130 1385 1186 pour
1406 1116 1467 1184 plus
1476 1130 1544 1187 man
1554 1116 1588 1173 de
1605 1118 1765 1189 precautieu
1783 1126 1812 1176 et

159 1190 273 1248 amisos
294 1202 375 1249 entre
391 1208 437 1248 ses
455 1193 550 1250 meins.
572 1196 614 1251 En
630 1196 701 1261 vain,
714 1195 752 1251 les
770 1197 961 1255 mandements
1014 1225 1026 1250 ι
1047 1211 1155 1260 entant
1169 1221 1222 1276 que
1236 1205 1329 1263 besoiu
1345 1215 1397 1279 est,
1419 1223 1491 1264 neus
1510 1207 1548 1265 les
1569 1208 1735 1282 rerequons,
1750 1226 1809 1269 cas·

158 1300 293 1357 quoiious
304 1286 479 1354 monentes,
497 1287 536 1344 les
547 1287 633 1345 arrdts
645 1288 693 1345 des
710 1294 876 1361 parlemeiits
892 1307 957 1347 eui·
1014 1321 1026 1344 α
1047 1313 1122 1367 sous,
1146 1298 1269 1369 irritetis,
1291 1300 1437 1367 annulous,
1457 1301 1612 1358 destituens
1628 1302 1809 1361 entieremeut

158 1378 272 1446 memes,
285 1379 519 1437 secondomuant
533 1381 559 1438 ia
573 1382 695 1455 le'gende,
705 1382 815 1438 avaient
825 1382 873 1440 iait
885 1385 958 1447 leurs
1014 1413 1026 1439 ι
1047 1391 1081 1448 de
1101 1400 1192 1449 tonus
1211 1392 1299 1451 [orces
1319 1402 1348 1450 et
1369 1392 1446 1462 eiiet,
1469 1395 1582 1451 roulant
1602 1404 1630 1451 et
1652 1398 1808 1453 ardennam

157 1473 277 1529 reserva
296 1490 344 1530 sur
358 1474 382 1530 la
402 1474 558 1544 eomplietie
572 1475 606 1532 de
630 1475 727 1531 Beuoit
748 1478 825 1545 Xlll,
844 1479 959 1546 preten·
1013 1510 1025 1533 ιι
1047 1485 1159 1556 qu'elles
1179 1487 1299 1544 soienta
1319 1487 1419 1560 jamais
1438 1487 1586 1560 regardees
1604 1503 1714 1546 somme
1730 1489 1809 1546 revo-

157 1564 219 1622 dant
243 1566 311 1639 qu’ii
330 1567 404 1624 avait
415 1567 510 1640 ignore
529 1577 574 1625 eet
586 1577 712 1635 attentet,
727 1570 791 1641 qu'il
811 1570 878 1627 etait
895 1581 957 1644 trop
1015 1601 1027 1626 n
1046 1577 1139 1651 quees,
1160 1581 1278 1649 easse'es,
1302 1580 1419 1646 irritees,
1434 1581 1534 1652 nulles,
1553 1581 1687 1639 invalidos
1699 1590 1728 1638 et
1741 1582 1809 1639 ubo·

158 1667 300 1725 terbum,
314 1666 374 1732 imp
387 1664 476 1717 adim&
491 1662 525 1718 dt
539 1663 644 1734 l'tsprt‘l
656 1664 821 1734 apostolique
832 1665 878 1720 des
892 1680 955 1736 pre·
1011 1694 1024 1719 «
1046 1672 1106 1728 lies.
1125 1673 1285 1731 Defendens
1302 1689 1335 1729 eii
1349 1683 1439 1740 outre,
1461 1690 1511 1746 par
1527 1674 1551 1730 ln
1570 1683 1671 1730 teneor
1687 1673 1735 1730 des
1749 1674 1809 1746 pie·

155 1755 237 1810 nim
248 1755 339 1810 mbulet
350 1755 383 1811 dt
396 1745 518 1830 Melite,
538 1771 609 1828 pour
629 1755 709 1812 s'ltre
721 1757 822 1829 permis
835 1757 869 1813 do
886 1774 953 1814 oon·
972 1763 996 1828 Β
1011 1787 1024 1814 ι
1044 1776 1146 1835 sentes,
1157 1767 1192 1823 de
1204 1767 1252 1823 lire
1266 1784 1302 1823 ou
1317 1767 1419 1824 reteuir
1430 1768 1525 1824 lesdits
1538 1766 1666 1835 leuillets,
1682 1775 1743 1825 tant
1757 1768 1807 1824 im·

154 1847 251 1903 trarier
275 1848 300 1903 ri
328 1848 505 1905 violemment
527 1848 566 1906 les
585 1849 718 1906 maiiiues
741 1848 901 1926 barenses,
927 1851 953 1909 le
1010 1882 1022 1909 e
1044 1859 1210 1931 primosque
1222 1860 1399 1929 manuscrits,
1413 1868 1440 1915 er
1452 1875 1486 1916 en
1497 1860 1665 1917 inierdisens
1675 1860 1808 1933 l’imprei·
1830 1897 1837 1911 .

153 1937 223 1995 saint
238 1940 342 2011 pontiie
355 1950 402 1998 eut
416 1941 432 1998 b
446 1957 521 1999 eoeor
535 1943 571 1999 de
584 1942 691 1998 donner
705 1958 743 1998 un
763 1943 885 2000 soleuuel
905 1943 954 2002 de'-
1011 1976 1024 2002 ι
1045 1953 1117 2019 sien,
1135 1954 1340 2026 transcriptiou,
1354 1954 1467 2022 leeture,
1486 1954 1623 2011 retentiou
1640 1963 1668 2010 et
1681 1969 1775 2028 usage,
1790 1954 1806 2011 a

156 2033 267 2090 meotis
284 2051 331 2091 ees
349 2036 472 2093 rsseives
486 2034 657 2093 infamantes
674 2035 730 2093 Dis
742 2037 767 2092 le
783 2042 815 2094 1⁷
837 2046 955 2110 septem·
1010 2070 1023 2095 α
1044 2055 1107 2103 tous
1118 2055 1146 2104 et
1156 2046 1262 2104 ebueuu
1277 2047 1327 2103 des
1346 2046 1440 2104 fideles
1452 2047 1696 2105 ebre'tiensmeme
1709 2047 1806 2119 dignes

155 2125 212 2196 ΝΘ,
227 2142 265 2184 ⁰⁰
281 2128 406 2186 ²ffi⁰h³il
418 2130 487 2186 Μ
501 2129 525 2185 18
542 2130 602 2186 lille
616 2129 704 2187 tabule
718 2147 756 2187 11¹¹
776 2129 839 2188 bref
850 2132 956 2205 &nergi-
1009 2163 1022 2188 «
1044 2140 1127 2197 d’nne
1147 2140 1271 2197 mention
1282 2140 1397 2213 speciale
1409 2149 1437 2197 et
1447 2139 1630 2205 individuelle,
1650 2156 1715 2198 sous
1727 2140 1807 2213 peine

155 2221 528 2300 quequteenrmeupaitpar
543 2231 681 2280 beemots
697 2242 704 2280 :
1010 2257 1023 2282 e
1043 2233 1342 2291 d'eieommunieation
1359 2250 1497 2291 encourue
1519 2237 1576 2307 ipso
1598 2237 1672 2304 sueto
1695 2250 1744 2307 par
1768 2234 1807 2293 les

190 2336 203 2363 ι
222 2316 341 2373 Commo
367 2316 385 2372 il
407 2326 451 2373 est
474 2315 629 2388 pervenub
654 2317 678 2372 la
703 2316 894 2375 001111818821100
918 2317 954 2376 de
1008 2348 1021 2376 u
1041 2336 1262 2396 eontrevenants,
1276 2336 1305 2383 et
1323 2327 1359 2384 de
1376 2327 1493 2400 laquelle
1505 2330 1552 2385 nul
1572 2328 1677 2385 d’entre
1696 2343 1747 2385 euri
1770 2343 1806 2384 ns

156 2430 170 2457 e
185 2416 268 2466 notre
277 2411 415 2482 apostelut
431 2410 498 2484 qu'il
521 2410 612 2467 s’etait
629 2410 751 2482 repando
768 2410 836 2469 dans
853 2412 877 2468 le
894 2412 952 2467 iul·
1009 2443 1021 2469 ι
1043 2436 1142 2491 pourra
1157 2420 1216 2477 etro
1231 2421 1332 2478 absens
1346 2436 1399 2493 que
1412 2437 1460 2491 par
1476 2422 1563 2490 Nous,
1576 2438 1613 2478 ou
1629 2437 1679 2494 par
1699 2421 1723 2478 le
1738 2435 1805 2492 pou-

155 2524 168 2552 .
185 2503 263 2574 gam
275 2504 396 2560 mins
409 2502 524 2560 leuillets
538 2542 547 2565 ,
564 2518 598 2559 en
612 2502 711 2575 langue
732 2502 875 2580 lrauqaise,
888 2520 952 2561 tlte·
1007 2535 1019 2561 υ
1041 2511 1089 2570 tiso
1100 2515 1209 2572 romain
1220 2530 1288 2586 pour
1299 2514 1354 2571 lors
1364 2514 1493 2581 existant,
1504 2515 1568 2571 site
1578 2513 1649 2571 n'est
1661 2514 1676 2570 i
1689 2512 1805 2571 l'urtioIs

157 2611 218 2653 «ee
246 2596 311 2653 titre
336 2616 344 2652 ε
370 2596 545 2654 mandemus
569 2597 604 2653 de
625 2600 810 2667 diorueipueur
837 2598 953 2670 l’e'oeque
1008 2628 1021 2655 ι
1041 2605 1076 2663 de
1095 2607 1119 2662 la
1135 2614 1218 2662 mort.
1240 2607 1362 2662 veulant
1380 2616 1409 2663 et
1422 2606 1557 2665 mandant
1570 2605 1719 2663 d'autoritb
1735 2621 1805 2679 epo-

155 2712 168 2735 ·
185 2690 353 2760 &Au-'terre
364 2691 952 2763 quiddlebd'dtredietl’oiiloeimptime'tur
1007 2723 1020 2747 u
1040 2699 1156 2771 stelione
1168 2714 1222 2771 que
1237 2715 1302 2755 erui
1315 2699 1361 2772 qui
1373 2699 1499 2757 auraieut
1511 2716 1557 2756 ees
1566 2697 1685 2757 feuillets
1699 2715 1733 2756 en
1746 2699 1806 2757 leur

154 2803 167 2831 ι
186 2800 239 2839 rins
256 2785 353 2852 [suillo
373 2786 482 2842 solunte
502 2787 552 2856 qui
563 2800 709 2841 commoneo
718 2801 774 2856 por
798 2800 839 2840 ees
854 2791 949 2841 mols:
1007 2815 1020 2841 e
1042 2792 1206 2863 possession,
1222 2786 1338 2848 aussitbt
1358 2807 1413 2865 que
1429 2794 1468 2846 les
1481 2794 1620 2864 presentes
1633 2794 1728 2849 lettres
1740 2807 1804 2865 per·

152 2899 165 2923 ·
186 2876 240 2933 Die
253 2883 289 2935 25
305 2877 377 2934 blaii.
389 2880 420 2934 lii
432 2879 515 2935 Festo
525 2878 609 2933 sancti
620 2878 744 2948 Gregorii
754 2878 814 2946 vii,
831 2893 910 2950 papae
924 2886 951 2934 el
1008 2882 1189 2943 ·vieudront
1206 2884 1677 2952 ileuroennaissaneo,leslivrent
1695 2892 1802 2941 eteou·
1910 2908 1913 2917 ·

153 2992 166 3018 ·
184 2967 362 3028 eouiessoris.
380 2974 506 3029 Douudd
525 2973 658 3035 doeens,
676 2973 701 3028 lo
715 2974 896 3043 etnpeqemre
913 2972 952 3029 du
1007 3000 1021 3029 α
1041 2979 1150 3047 signent
1162 2994 1214 3035 aui
1233 2977 1386 3035 ordinaires
1400 2977 1449 3034 des
1463 2977 1545 3047 lieux,
1563 2992 1600 3033 ou
1618 2993 1672 3034 aui
1691 2976 1804 3048 inquisi-

155 3066 254 3121 rmoi's
263 3064 393 3135 dejuillet
402 3066 450 3120 mil
458 3070 516 3136 sept
526 3070 585 3121 eeiit
595 3065 771 3138 eluet-meus:
782 3067 951 3122 Nousavons
1006 3094 1020 3122 u
1040 3080 1114 3129 teurs
1135 3072 1170 3129 de
1191 3071 1349 3144 l'bereiique
1373 3071 1534 3144 pervenite,
1563 3071 1680 3143 requeis
1707 3077 1806 3127 iurent

152 3156 271 3214 meent
293 3172 364 3230 peer
384 3156 452 3214 tetre
472 3158 605 3214 leuamen
627 3157 661 3214 ue
684 3172 730 3214 ees
752 3156 871 3214 sentinis
891 3157 949 3230 pin·
967 3158 1016 3223 c·
1037 3166 1095 3222 setn
1108 3164 1465 3222 detulivrerineeeitneni
1477 3180 1529 3221 aui
1545 3164 1674 3222 damnes
1689 3166 1803 3232 (etri.-

153 3274 165 3298 ·
186 3250 275 3307 sicum
295 3250 331 3306 de
346 3265 398 3306 1108
421 3249 580 3307 ventrem&
593 3248 681 3308 frtris
700 3250 739 3309 ¹0⁸
752 3250 901 3309 cardinem
913 3251 948 3309 dt
1038 3259 1113 3318 Telle
1123 3258 1202 3316 futla
1217 3259 1352 3331 premiere
1359 3266 1490 3315 sentence
1502 3259 1539 3314 du
1552 3257 1626 3331 siege
1634 3257 1804 3330 apostolique
1897 3254 1901 3261 '

151 3365 164 3391 ι
184 3342 314 3401 bsainte
328 3334 562 3418 balborumaium
575 3353 603 3402 et
615 3342 949 3402 d'autresdeeteursdans
1000 3362 1096 3410 eontre
1114 3353 1154 3410 les
1177 3352 1349 3426 oppositione
1371 3350 1556 3428 franqaisesd
1578 3351 1604 3408 la
1629 3350 1743 3424 legenm
1767 3349 1801 3409 de

185 3572 293 3640 (³²⁸ss
309 3569 420 3627 octobre
439 3574 517 3628 itus.
1002 3573 1141 3640 omuibus,
1155 3581 1182 3628 et
1207 3568 1322 3640 singulis
1348 3570 1449 3626 cliristi
1463 3568 1601 3639 fidelibus,
1617 3569 1699 3626 etiam
1713 3569 1801 3652 speei-

187 3640 263 3714 (tul
275 3643 437 3700 mordetur
451 3656 527 3714 popo
544 3642 621 3705 xlii,
641 3642 679 3699 ed
693 3647 857 3715 perpetuom
874 3646 915 3699 rel
1001 3647 1062 3713 dee,
1078 3653 1107 3701 et
1127 3642 1270 3701 individua
1284 3642 1437 3710 mentione,
1456 3650 1484 3698 et
1503 3641 1679 3712 eipressiene
1696 3640 1801 3722 digms,

468 3716 632 3772 memorium
1001 3716 1053 3774 sub
1075 3731 1157 3789 poena
1185 3713 1480 3772 exeommunicationis
1503 3728 1552 3784 per
1573 3710 1802 3770 eontralaeieutes

184 3784 256 3843 cem
277 3783 314 3842 ad
333 3785 502 3858 apostolatus
520 3785 604 3842 nostri
624 3783 751 3842 notitiem
774 3785 949 3858 pervenerint
1001 3788 1064 3861 ipso
1091 3787 1162 3844 laeto
1185 3787 1287 3858 absque
1310 3786 1363 3843 ulie
1384 3785 1568 3843 declaratione
1588 3782 1803 3852 incurrerim

149 3855 277 3937 quedem
299 3854 364 3914 lolia
378 3856 484 3915 Gallieo
500 3856 631 3913 idiomate
651 3858 724 3930 tvpis
745 3857 874 3929 impressa
895 3858 948 3914 sub
1001 3876 1055 3987 Rue
1071 3875 1155 3917 nemo
1178 3874 1192 3913 a
1216 3872 1368 3929 quoquam,
1388 3865 1571 3928 praeterquam
1596 3871 1611 3911 a
1633 3854 1732 3920 Nobis,
1754 3868 1802 3910 sru

148 3918 945 4000 uinle:itmdemmtdeiiemetpneurl‘eeeqned'deeere
1547 3998 1553 4010 ¹
1596 3998 1601 4009 Ι
1745 3996 1751 4010 ⁸

148 4002 199 4070 otii
212 4000 314 4065 nermo
329 4001 364 4057 de
374 4002 469 4055 recitet
486 4001 583 4069 l'ofllto
595 4001 720 4069 imprime
730 4016 779 4055 sur
790 4016 842 4055 urie
854 4000 947 4067 (suillo
1002 4002 1101 4060 moitis
1114 4002 1229 4057 articulo
1243 4000 1419 4065 constitutus,
1437 3997 1618 4055 absolutionis
1637 3996 1802 4080 beneficium

147 4071 267 4134 solome
279 4073 330 4144 qui
341 4086 548 4142 eommeuoepur
562 4086 602 4127 ees
616 4075 706 4127 mets:
723 4071 775 4125 Die
788 4072 904 4137 editui,
919 4074 947 4126 in
1002 4074 1088 4130 valeat
1111 4072 1246 4138 obtinere,
1265 4071 1382 4129 omuino
1399 4086 1510 4140 quoque
1531 4069 1728 4126 interdie-imus.
1751 4068 1803 4150 Vo-

147 4139 218 4198 leste
232 4142 322 4200 sanem
346 4142 472 4207 (irenem
490 4142 538 4197 vll
552 4156 629 4211 popae
643 4152 671 4196 et
685 4139 842 4198 uertisse...
857 4147 947 4200 Dorum
1002 4145 1097 4208 lentes,
1119 4153 1147 4198 et
1163 4142 1326 4200 auctoritate
1340 4142 1488 4211 sirosteliea
1501 4142 1683 4223 mandantes,
1693 4145 1723 4193 iit
1737 4154 1802 4220 qui·

147 4214 315 4280 onmem,
327 4216 351 4271 le
362 4214 603 4285 oleret-quolrieme
616 4214 650 4269 de
653 4214 748 4284 juillet
757 4215 805 4268 mil
819 4219 878 4284 sept
888 4218 948 4270 cent
1001 4231 1108 4290 eurique
1134 4212 1198 4273 iolla
1224 4213 1383 4286 hujusmodi
1413 4228 1495 4284 peries
1518 4229 1547 4268 se
1571 4211 1727 4292 liubuerint,
1754 4211 1801 4266 iile

145 4286 319 4358 simpl-ueris.
341 4290 399 4342 llos
420 4285 594 4357 quamplures
612 4300 648 4339 eii
672 4284 870 4341 venerabilibus
889 4285 945 4340 lra-
1001 4288 1107 4352 statim,
1117 4295 1199 4358 atque
1213 4285 1470 4353 presentesttuerae
1483 4283 1716 4366 eisin'notueiiet,
1728 4282 1801 4364 loeo·

145 4359 238 4412 tribus
258 4356 361 4413 neutris
374 4367 476 4413 sauetae
496 4357 630 4413 itenere
649 4355 780 4414 Eorlesiae
799 4356 946 4413 earutneti-
1000 4375 1063 4415 ruiri
1089 4357 1245 4424 ordinariis,
1267 4358 1308 4413 vel
1332 4356 1470 4415 liaeretirae
1494 4363 1633 4426 pruritans
1657 4360 1801 4478 inquisito

143 4426 210 4490 bus,
224 4427 350 4499 aliosque
362 4427 391 4483 iii
401 4443 476 4485 roera
488 4425 822 4499 theolegiamogistrosad
836 4426 946 4483 illorum
1000 4430 1077 4487 ribus
1100 4430 1219 4489 tradere.
1241 4438 1327 4499 atque
1339 4427 1499 4508 consignare
1517 4432 1680 4505 terreantur,
1715 4440 1722 4477 i
1736 4438 1802 4506 vero

143 4512 263 4555 examen
286 4498 449 4570 delegimus,
471 4500 517 4570 qui
540 4510 604 4569 post
624 4507 763 4556 maturam
784 4498 985 4580 eorumdemp
1002 4516 1033 4557 ea
1048 4499 1098 4555 sibi
1117 4499 1158 4555 sie
1171 4498 1270 4554 tradita
1286 4499 1358 4556 illieo
1381 4498 1502 4555 llanimis
1517 4495 1621 4578 aboleri
1639 4502 1736 4575 curent
1759 4508 1803 4550 :in

141 4568 281 4626 iminium
297 4570 506 4638 dissensionem,
522 4570 589 4643 quid
604 4570 657 4625 sibi
675 4586 706 4626 ea
725 4585 808 4642 super
830 4585 858 4624 re
872 4571 947 4625 vide·
1000 4570 1173 4629 eontrarium
1209 4567 1371 4627 iacientibus
1399 4584 1457 4625 uon
1482 4567 1654 4625 obstantibus
1685 4564 1801 4638 quibus·

141 4649 235 4707 mur,
256 4641 343 4699 Nobis
364 4643 524 4699 retulerunt.
543 4639 655 4698 Auditis
671 4642 947 4714 itaqueiiieiuorato·
1001 4658 1117 4714 eurique.
1514 4708 1519 4720 Ι
1743 4706 1749 4719 ,

141 4726 210 4769 rum
224 4712 422 4779 cardinalium,
436 4714 495 4770 otiu
509 4712 734 4786 saeratbeelogia
747 4715 946 4784 magistrorum
1037 4718 1077 4773 Ut
1097 4721 1190 4770 auteur
1208 4709 1312 4768 eaedem
1334 4717 1482 4779 praesentes
1503 4709 1600 4790 litterae
1621 4707 1656 4766 ad
1675 4723 1801 4793 omniurn

139 4784 299 4852 sententiis,
321 4786 355 4840 de
374 4783 531 4854 apostolieae
552 4785 694 4856 potestatis
708 4783 887 4855 plenitudiue,
902 4800 947 4841 er·
1000 4785 1128 4842 notitioni
1146 4781 1253 4840 facilius
1272 4780 1439 4864 perveniant,
1462 4796 1513 4837 neo
1535 4795 1681 4862 quisquam
1693 4779 1801 4836 illarum

138 4854 300 4912 dinatioues
310 4854 339 4912 iii
350 4854 713 4926 pretattstenirrenreutas,
726 4856 825 4928 nullas,
837 4857 944 4924 inanes,
1001 4855 1185 4930 ignorantiam
1204 4855 1322 4924 allegare
1336 4860 1432 4924 possit,
1448 4853 1577 4935 ieiunius
1593 4860 1689 4918 enam,
1706 4859 1734 4907 et
1750 4865 1802 4921 suff

138 4925 291 4997 mention,
315 4927 418 4995 irritas,
451 4936 608 4997 attentatas,
638 4927 794 4998 nulliusque
827 4928 945 4986 omniuo
1001 4928 1127 4986 ctoritate
1142 4923 1259 5009 praelata
1272 4922 1460 4990 deceruimus,
1480 4933 1511 4981 ut
1525 4924 1579 4980 illae
1593 4922 1630 4981 ad
1644 4923 1734 5006 iulias
1750 4921 1801 4978 ba·

139 4996 256 5055 roboris
275 5008 304 5055 et
324 4998 458 5055 momenti
473 5014 545 5068 esse,
561 5008 589 5055 et
611 5009 742 5072 perpetuo
759 4996 828 5070 iore,
851 5006 945 5055 tenore
999 5001 1084 5059 silieae
1100 4999 1228 5072 principis
1247 4999 1448 5067 apostolorum,
1464 5010 1496 5051 ae
1513 4995 1679 5077 cancellariae
1693 5002 1803 5075 aposto·

139 5069 324 5143 presentium
339 5069 519 5127 declaramus.
1001 5071 1070 5137 lieae,
1091 5070 1173 5127 euriae
1194 5084 1228 5124 ue
1242 5066 1376 5140 generalis
1398 5067 1426 5123 iii
1444 5075 1539 5124 moute
1558 5066 1702 5130 citatorio,
1721 5072 1750 5119 et
1772 5078 1802 5120 iii

178 5143 216 5197 Et
224 5141 401 5198 nibilominus
411 5140 446 5199 ed
459 5141 595 5212 majorem
606 5141 750 5206 cautelam,
764 5142 799 5198 etl
811 5149 947 5214 quatenus
999 5144 1058 5201 aeie
1067 5141 1163 5213 Campi
1172 5084 1259 5224 glorari
1268 5139 1303 5195 de
1315 5139 1391 5194 Urbe
1402 5154 1454 5222 per
1467 5138 1586 5221 aliquem
1599 5152 1630 5193 eii
1642 5134 1801 5192 eursoribus

140 5226 216 5285 opus
234 5213 272 5271 sit
290 5213 391 5270 barum
405 5213 477 5269 serie
493 5227 662 5279 revocamus,
681 5228 833 5280 cassamus,
855 5213 945 5269 irrita·
999 5216 1111 5279 nostris,
1127 5220 1158 5270 ut
1172 5228 1260 5269 moris
1267 5218 1318 5276 est,
1335 5210 1520 5292 publicentur,
1530 5211 1695 5291 illarumque
1705 5222 1801 5289 erein-

139 5298 221 5351 mus,
238 5286 416 5352 aunulamus,
438 5283 606 5357 uiribusque,
627 5294 656 5341 et
668 5282 771 5341 ellectu
786 5284 903 5357 penitus,
919 5293 946 5339 et
999 5288 1043 5359 pla
1071 5285 1173 5342 ibidem
1195 5281 1282 5366 ¹ailiia
1308 5284 1508 5353 relinquantur,
1538 5288 1566 5337 et
1593 5296 1632 5336 sie
1655 5276 1803 5362 publieatae

138 5356 262 5413 omuino
283 5372 440 5425 vacuamus,
467 5370 501 5413 ao
514 5370 564 5428 pro
578 5356 722 5425 revocatis,
745 5355 868 5422 cassatis,
885 5355 945 5412 irii·
999 5373 1107 5425 omues,
1131 5363 1159 5411 et
1178 5357 1303 5424 singulos
1323 5367 1393 5424 quos
1415 5348 1717 5434 eoneernunt'perinde
1740 5348 1802 5404 alil·

139 5426 191 5488 tis.
206 5427 302 5494 nullis,
314 5426 440 5485 invalidis
448 5434 476 5482 et
485 5426 610 5495 abolitis,
622 5427 795 5500 viribusque,
806 5436 834 5483 et
844 5426 945 5484 etfeetu
998 5429 1085 5493 eiaiit,
1094 5442 1128 5484 ae
1139 5427 1161 5483 si
1173 5426 1323 5498 uuicuique
1336 5425 1449 5480 illorum
1461 5422 1643 5496 personaliter
1652 5420 1803 5478 notificatus

139 5498 258 5572 penitus
278 5499 396 5556 omuino
412 5498 507 5556 saeuis
528 5513 635 5571 semper
656 5498 749 5556 baberi
765 5500 946 5567 volumus,et
998 5509 1027 5558 et
1042 5499 1177 5556 intimatae
1188 5495 1316 5554 fuissent.
1413 5565 1419 5577 ·
1502 5565 1509 5577 ο

139 5568 615 5642 mandamus3ioliarerepraediota
628 5578 684 5625 tani
701 5570 843 5641 impressa,
858 5587 944 5642 quain
1034 5572 1129 5642 thue
1148 5571 1271 5640 ipsarum
1291 5573 1470 5650 praesentium
1492 5565 1645 5650 litterarum
1664 5571 1803 5647 trunsum·

140 5640 229 5699 suam
252 5642 583 5714 nunnamenster
601 5641 710 5699 retineri
729 5651 825 5699 tenore
842 5642 944 5714 pariter
998 5643 1062 5716 ptis,
1082 5657 1132 5697 seu
1148 5640 1280 5712 exemplis
1297 5647 1392 5720 etiarn¹
1405 5652 1555 5720 impressis,
1574 5652 1662 5693 mauu
1683 5635 1802 5715 alicuius

234 5714 325 5771 utinm
335 5712 525 5786 probibemus,
536 5712 703 5786 illorumque
721 5714 942 5785 impressionem,
997 5713 1099 5771 notarii
1124 5712 1226 5784 publici
1247 5709 1421 5792 subseripus,
1448 5716 1477 5765 et
1500 5709 1590 5789 sigillo
1649 5716 1740 5761 iseum
1769 5719 1801 5761 in

225 5784 371 5859 'ptioneiii‚
395 5784 553 5851 lectionem
586 5786 775 5853 retentionem,
803 5794 833 5843 et
863 5800 944 5843 usum
997 5782 1430 5858 Eeelesiadiguitateeoiistitutae
1440 5786 1565 5846 munitu,
1578 5792 1609 5834 es
1629 5786 1803 5843 emproisus

1028 3945 1129 3987 emano
1159 3928 1288 3999 pontibus
1312 3944 1361 3997 pro
1385 3936 1508 3998 tempore
1530 3926 1673 3990 existente,
1696 3926 1746 3981 nisi
1770 3925 1800 3983 iii
