3870 6164
44 212 56 229 ³
154 264 222 320 tart
654 262 700 317 AD
720 260 832 319 orem
851 260 879 318 S.
899 258 1320 337 881111018177187711718178.ἱ
1754 253 1803 310 ll!

152 388 297 446 Ambianis
309 392 458 460 imperator
471 384 599 444 eflicitur.
616 388 685 445 Vera
700 387 762 445 lana
781 387 946 460 7177187177-
959 393 986 456 A
999 389 1069 447 illota
1083 388 1164 443 811877
1186 387 1282 441 seuera
1304 386 1489 469 Aomaaontm
1511 377 1683 451 proesrtlwa
1702 380 1728 432 et
1739 392 1803 434 8878

152 484 236 539 mixta
250 483 283 540 de
301 481 420 538 nubibus
435 480 524 537 iluxit.
1000 496 1084 537 canos
1098 481 1275 535 diversissime
1288 477 1437 548 descriptos
1447 478 1478 531 ia
1493 471 1684 546 quibusdam
1698 471 1768 527 libris
1776 476 1806 527 17-

187 583 213 633 4.
229 575 412 632 Athanaricus
433 591 480 631 rex
495 574 653 633 Gothorum
675 576 839 634 christianos
854 575 880 632 in
896 591 946 633 sua
998 577 1098 630 8877171.
1118 572 1272 629 ieronimus
1284 570 1426 643 presbiter,
1442 568 1513 642 jam
1527 568 1563 623 in
1587 565 1805 623 Bethleemhffii

151 677 231 741 gente
245 670 416 743 persequitur
431 681 480 725 ¹²s.
497 673 635 728 Damasus
648 686 715 743 papa
729 674 797 738 377,
815 670 885 728 88111
898 686 945 727 an·
1000 675 1071 734 tans,
1092 668 1182 723 clarus
1203 665 1329 722 hahetur.
1351 662 1554 721 Priscillianus
1576 660 1726 717 hereticus
1745 659 1806 717 171-

151 779 202 820 778
218 769 297 820 18.-
309 770 335 820 3.
352 763 653 821 1301188118887717718.
808 805 810 807 .
999 761 1073 819 nodo
1091 759 1283 832 burdegalensi
1304 757 1498 827 damnandus,
1525 754 1615 828 18711,
1642 756 1806 814 8811787718

186 862 211 913 5.
230 859 290 913 Hoc
303 865 430 928 tempore
450 857 621 929 Apollinaris
635 857 775 930 episcopus
789 857 866 929 plura
880 857 946 915 seri·
1000 856 1034 912 ab
1045 854 1154 912 Ebodio
1168 853 1296 926 praelecto
1309 851 1485 909 interficitur.

150 952 216 1022 psit,
229 959 271 1007 set
286 957 378 1024 postea
394 951 513 1008 heresim
527 951 633 1008 condit.
1037 954 1098 1004 886.
1113 951 1168 1004 Hoc
1189 953 1305 1019 ternpore
1318 948 1431 1003 siricius
1442 960 1533 1016 papa
1547 943 1673 1014 scripsit
1687 942 1805 998 1817818117

187 1052 214 1101 6.
229 1046 328 1118 Magna
342 1043 431 1102 187788
445 1045 475 1101 17
490 1044 611 1117 Phrigia.
1000 1047 1035 1100 15
1051 1040 1173 1114 capitula
1186 1043 1312 1112 Hyrtaia
1327 1040 1535 1096 Tarraconensi
1548 1040 1686 1110 episcopo
1697 1035 1745 1093 ¹³⁵.

184 1147 212 1195 7.
228 1140 279 1196 Η18
292 1140 387 1197 diebus
402 1148 464 1212 post
478 1139 608 1196 Auxentii
621 1139 732 1196 Arriani
746 1143 946 1196 7787187177-
1036 1142 1098 1193 388.
1126 1134 1297 1192 Theodosius
1320 1141 1452 1207 augustus
1479 1132 1657 1189 Maximum
1681 1138 1806 1204 tyrannm

149 1232 416 1305 17788188871888788
431 1234 577 1291 Mediolani
592 1234 744 1290 ordinatur.
1000 1230 1131 1303 Aquileiae
1144 1228 1254 1286 occidit.

187 1337 212 1386 8.
230 1330 339 1396 (Η777.
355 1345 378 1384 a.
398 1328 476 1399 877.)
497 1327 705 1385 Valentinianus
719 1327 838 1385 Saxones
858 1327 887 1383 17
902 1342 945 1383 re·
1036 1329 1098 1381 889.
1115 1323 1224 1380 Ytatius
1236 1331 1263 1379 et
1276 1321 1405 1379 Ursatius
1418 1320 1567 1395 episcopi,
1583 1319 1625 1377 ob
1640 1334 1737 1376 necem
1749 1319 1805 1375 Piis

150 1422 232 1495 71878
242 1424 414 1479 Francorum
427 1422 491 1479 cede
505 1422 673 1494 perdomuit.
1000 1416 1098 1474 cilliani
1129 1433 1213 1490 quem
1234 1424 1440 1485 accusaverant,
1468 1414 1603 1474 aeclesiae
1627 1415 1806 1472 communione

186 1522 213 1572 9.
228 1518 333 1585 (ibid.)
345 1514 575 1588 Burgundionum
588 1514 946 1588 8818787711181878711178-
1000 1510 1149 1583 privantur.

147 1626 216 1667 num
229 1609 422 1668 consederunt.
1036 1610 1097 1661 398.
1115 1607 1176 1662 1188
1197 1613 1322 1676 18777878
1341 1611 1454 1662 sanctus
1471 1602 1635 1673 Martinus,
1652 1603 1803 1667 Ambrosias,

186 1711 228 1761 to.
245 1708 311 1761 Post
332 1704 498 1761 Auxentium
513 1705 672 1774 Attianum,
686 1703 814 1761 ordinato
828 1702 948 1759 Ambroe
1004 1698 1134 1773 episcopi,
1166 1699 1321 1756 ieronimus
1339 1698 1490 1772 presbiter,
1514 1697 1671 1756 Iohannes
1690 1698 1802 1755 cliuoso

149 1798 200 1867 sio,
214 1799 290 1855 ltalia
304 1798 338 1855 ad
352 1807 457 1857 rectam
473 1798 557 1855 tidem
574 1797 653 1856 redit.
958 1774 984 1839 Β
999 1808 1073 1863 mus,
1095 1794 1268 1864 Augustinus
1290 1802 1319 1851 et
1338 1793 1458 1850 9878788
1483 1791 1601 1867 aliique
1627 1806 1712 1866 quam
1732 1791 1803 1864 plures

186 1898 230 1949 tt.
246 1896 351 1962 (0788.
367 1909 427 1963 717,
439 1897 501 1961 81.)
512 1893 718 1950 Valentinianus
728 1891 831 1950 bellum
841 1890 871 1948 in
884 1891 947 1951 Sat·
1001 1886 1128 1946 doctores
1139 1888 1308 1945 claruerunt.

149 1994 236 2043 mutas
250 2003 359 2059 parans,
375 1987 500 2060 apoplexi
522 1989 648 2045 moritur.
1038 1986 1099 2039 391.
1119 1981 1324 2038 Valentinianus
1344 1980 1408 2039 dolo
1428 1981 1611 2057 Arhogastis
1624 1984 1720 2056 laqueo
1736 1984 1801 2039 71177

184 2082 327 2137 VALENS
337 2089 527 2153 postmortem
537 2079 633 2138 fratris
643 2096 707 2137 cum
719 2079 851 2138 Gratiano
861 2080 948 2137 81118-
1001 2074 1097 2131 linivit.
1114 2075 1269 2132 ieronimus
1282 2074 1383 2132 librum
1402 2092 1494 2149 quem
1519 2076 1562 2134 de
1586 2078 1652 2134 viris
1666 2077 1802 2134 1118817118

149 2174 298 2231 1871171878
312 2190 400 2231 87788
414 2181 440 2231 4.
1001 2168 1115 2226 88188187
1128 2170 1246 2242 scripsit,
1267 2169 1322 2227 huc
1341 2185 1431 2243 usque
1446 2169 1600 2244 perduxit.

187 2273 211 2323 t.
227 2268 378 2324 Gratianus
393 2273 428 2323 8ο
440 2267 513 2323 771118
526 2268 744 2324 Alamannorum
758 2266 868 2325 1818711.
1037 2268 1097 2320 393.
1112 2262 1282 2321 Theodosius
1295 2265 1452 2336 imperator·
1463 2280 1537 2322 cum
1556 2265 1628 2323 tiliis
1641 2262 1800 2322 Archadius

185 2366 211 2414 1.
222 2361 324 2417 1171878
338 2360 426 2432 legem
436 2359 525 2427 dedit,
541 2369 571 2416 at
582 2360 709 2416 monachi
723 2361 887 2428 militarent;
899 2377 948 2418 uo·
1000 2357 1126 2414 Honorio
1141 2366 1197 2414 tros
1214 2374 1302 2415 87788
1319 2358 1459 2432 78778711.

149 2453 235 2510 187188
249 2452 365 2510 lustibus
383 2453 465 2526 jussit
479 2454 605 2510 interfici.
622 2453 706 2510 Gothi
721 2454 818 2511 171188
831 2456 947 2513 Valente
1037 2457 1098 2509 394.
1123 2452 1264 2509 Jobauncs
1287 2452 1479 2521 anachoraeta,
1495 2451 1585 2526 cujus
1605 2454 1692 2510 711877
1711 2452 1797 2511 187871·

148 2546 275 2603 1787811818
288 2545 459 2617 1881871788,
473 2547 584 2604 Arriani
594 2546 751 2605 alliciuntur
763 2548 848 2614 (Aa.
865 2553 944 2617 878).
999 2561 1063 2604 mus
1076 2546 1215 2620 decripsit,
1228 2546 1414 2606 Theodosium
1427 2548 1646 2619 imperatorem
1658 2557 1749 2607 887178
1758 2550 1799 2603 17-

184 2647 210 2696 8.
234 2642 381 2710 (111788.
402 2645 483 2707 881.)
504 2640 590 2698 Gothi
611 2640 684 2698 18778
704 2641 838 2714 compulsi
855 2642 947 2700 rebel-
964 2668 967 2673 ·
1000 2641 1110 2713 genium
1123 2648 1270 2714 tyranuum
1284 2642 1417 2699 rictorem
1433 2640 1497 2697 fore
1513 2643 1659 2713 praedixit

148 2735 212 2791 lant.
1037 2735 1283 2794 89811788188188
1307 2735 1460 2807 imperator
1481 2737 1654 2809 Eugenium
1675 2747 1799 2809 tyrannus

184 2834 209 2884 4.
235 2828 337 2885 Valens
360 2845 375 2886 8
396 2828 494 2887 Gothis
516 2828 606 2886 occiso
630 2827 753 2886 exercitu
775 2827 893 2902 fugiens,
917 2829 946 2886 iu
1001 2828 1074 2898 71811,
1095 2836 1124 2886 81
1144 2829 1203 2901 ipse
1227 2829 1325 2887 eodem
1347 2844 1420 2886 anno
1446 2829 1614 2886 Mediolani
1635 2832 1664 2886 in
1689 2846 1749 2904 pace
1767 2845 1800 2885 re·

147 2922 232 2978 18778
253 2921 372 2995 quadam
387 2924 464 2978 vivus
478 2931 624 2980 crematur.
642 2924 706 2979 Huc
719 2938 807 2995 usque
820 2923 947 2980 chronica
1002 2921 1113 2994 quievit.
1128 2926 1182 2979 Pro
1194 2922 1232 2960 ¹³⁶
1246 2939 1301 2996 quo
1313 2922 1468 2980 Archadius
1480 2931 1516 2979 et
1532 2925 1679 2981 Honorius
1690 2924 1734 2980 tilii
1744 2925 1801 2996 ejas,

150 3014 258 3072 liusebii
280 3016 437 3072 ieronimus
450 3014 587 3088 perduxit.
612 3016 686 3072 Hinc
704 3025 797 3073 autem
811 3033 897 3090 usque
911 3017 945 3074 ad
1000 3031 1089 3072 anuos
1110 3023 1151 3074 13.
1177 3018 1350 3089 Augustinus
1371 3018 1482 3088 Yponae
1499 3018 1656 3076 ordinatur
1675 3020 1803 3092 episcopus

147 3108 323 3164 millesimam
346 3109 605 3182 quinquagesimum
629 3120 761 3183 quartum
782 3126 886 3167 aunum
909 3110 945 3168 ab
999 3110 1140 3167 lohannes
1169 3108 1303 3167 heremita
1330 3110 1462 3184 migrarit
1492 3111 1538 3168 ad
1568 3113 1728 3169 Dominum.
1752 3113 1803 3168 1188

146 3200 333 3257 incarnatione
347 3201 461 3258 Domini
474 3201 592 3260 domnus
612 3205 804 3262 heremannus
818 3204 945 3263 chronica
1000 3220 1086 3277 usque
1105 3204 1308 3262 aeclesiasticam
1329 3203 1475 3261 historiam
1504 3208 1623 3264 Eusehii
1640 3206 1756 3263 11811788
1771 3203 1802 3254 ¹¹³

149 3310 198 3352 saa
212 3294 350 3367 perduxit.
999 3297 1055 3357 8178
1068 3299 1224 3355 ieronimus
1241 3296 1377 3370 perduxit,
1391 3297 1599 3358 transferendo
1610 3298 1728 3356 cauden.

183 3395 244 3446 878.
268 3391 334 3446 Post
355 3398 475 3447 mortem
498 3390 619 3449 Valentis
635 3392 743 3449 Arriani
758 3393 944 3466 imperatoris,
1034 3399 1096 3450 398.
1118 3393 1195 3451 Gildo
1217 3409 1312 3451 comes
1335 3392 1471 3452 Aliricam
1487 3396 1552 3454 sibi
1574 3395 1706 3471 tyrannice
1726 3409 1800 3453 8887·

146 3482 296 3540 Gratianus
309 3500 373 3541 cum
396 3483 589 3542 Valentiniano
602 3484 689 3543 fratrc
701 3503 762 3554 suo,
780 3488 887 3545 877186
900 3503 944 3544 re·
999 3488 1082 3560 pavit.

145 3577 237 3648 778711
251 3577 295 3637 ¹³¹.
1033 3586 1096 3637 897.
1121 3581 1236 3638 Sanctus
1250 3581 1386 3638 Martinus
1399 3584 1599 3645 Turonorum
1611 3588 1746 3661 episcopus
1755 3584 1797 3641 ni·

181 3677 243 3725 879.
257 3672 406 3728 Gratianus
420 3672 569 3745 imperator
581 3674 765 3732 Theodosium
778 3675 876 3732 orienti
892 3674 944 3730 im·
996 3675 1085 3749 gravit
1105 3675 1139 3732 ad
1160 3675 1324 3744 Dominum,
1343 3690 1417 3732 anuo
1442 3680 1546 3739 aetatis
1570 3682 1796 3755 81⁰,cp'seopras

145 3770 300 3833 peratorem
316 3763 447 3836 praefecit.
464 3767 662 3837 Priscillianus,
675 3768 709 3825 de
720 3769 819 3826 Galliis
834 3769 942 3842 episco·
994 3784 1060 3826 7878
1081 3773 1139 3839 18,
1162 3770 1240 3842 cujus
1259 3768 1345 3826 vitam
1359 3777 1387 3826 et
1406 3771 1537 3832 71718188
1552 3776 1688 3850 sulpitius
1700 3777 1794 3834 8878781

146 3869 207 3926 788,
230 3855 283 3910 1788
297 3865 422 3928 18777878
436 3858 476 3914 881
491 3860 611 3915 nominis
625 3861 744 3917 ireresim
759 3862 860 3919 condit.
997 3863 1104 3936 egregie
1114 3864 1277 3936 composuit.

180 3954 242 4004 388.
259 3949 301 4005 Ab
320 3949 372 4005 hoe
395 3965 468 4006 anno
482 3951 648 4022 Theophilus
671 3952 874 4011 Alexandrinus
887 3956 943 4027 epi·
1031 3963 1094 4014 898.
1119 3961 1236 4015 Sanctus
1249 3958 1413 4015 Ambrosius
1431 3959 1665 4023 Mediolanens's
1685 3957 1790 4031 arrhiep'r

144 4056 245 4114 scopus
259 4041 401 4115 paschales
415 4043 498 4101 ciclos
512 4044 633 4101 inchoat.
995 4066 1105 4123 scopus,
1119 4053 1218 4110 doctor
1239 4053 1373 4127 87787188,
1394 4054 1541 4127 migravit
1564 4060 1605 4117 ad
1617 4058 1755 4121 1187817818
1763 4058 1785 4107 ⁵·

180 4140 241 4194 881.
258 4137 376 4193 Sinodus
385 4137 503 4194 secunda
514 4138 676 4196 universalis
687 4143 739 4196 158
750 4140 942 4215 episcoporum
994 4145 1058 4201 Kal.
1072 4146 1146 4203 Maii.
1162 4148 1261 4204 Romae
1279 4148 1456 4216 Anastasius,
1472 4165 1556 4225 papa
1573 4160 1648 4227 41¹⁸,
1659 4147 1784 4213 8117788

142 4230 379 4303 Constantinopoli
404 4232 502 4304 agitur,
529 4241 625 4290 contra
650 4233 841 4292 Macedoniam
864 4237 941 4294 here·
992 4243 1020 4294 4.
1035 4238 1115 4296 Gildo
1127 4255 1221 4297 comes
1233 4255 1324 4313 pugna
1338 4240 1430 4297 victus
1444 4241 1576 4305 interiit.

142 4325 291 4395 siarcham,
315 4326 402 4396 ipsius
425 4326 502 4382 urbis
524 4327 693 4399 episcopum,
718 4329 770 4385 sub
786 4329 941 4388 Theodosio
1030 4338 1090 4390 399.
1105 4334 1221 4406 Templa
1232 4333 1368 4391 idolorum
1379 4334 1597 4415 destruuntur,
1611 4354 1642 4402 et
1652 4335 1788 4415 1711118118

144 4431 258 4494 8878818
273 4429 301 4477 81
316 4419 350 4457 ¹³¹
364 4423 486 4477 Damaso
500 4437 585 4493 papa,
607 4426 632 4476 et
651 4420 688 4459 ¹³³
704 4427 767 4492 post
789 4425 941 4480 damantio-
997 4433 1090 4483 torum
1103 4428 1247 4484 tolluntur.

142 4516 342 4585 787777711811
356 4516 467 4572 17878118·
479 4521 533 4571 1787
547 4530 659 4571 carroaes
673 4520 885 4574 constituantur.
957 4556 984 4621 D
1033 4525 1095 4576 488.
1110 4523 1228 4588 (11777)
1241 4521 1325 4580 Gothi
1343 4490 1456 4580 Italiam
1481 4527 1660 4590 devastant
1672 4534 1790 4589 11881877·

180 4614 241 4662 383.
266 4609 426 4676 Archadius,
449 4609 520 4665 lilius
541 4609 686 4666 Theodosii
699 4611 818 4682 augusti,
834 4628 849 4667 a
864 4615 944 4669 Patre
997 4629 1063 4687 pore
1090 4615 1255 4673 Anastasius
1274 4631 1344 4689 papa
1364 4630 1416 4673 sua
1447 4618 1577 4682 decreta
1610 4626 1793 4689 consduir,s

143 4699 171 4754 17
190 4702 360 4758 consortium
383 4702 460 4774 regni
482 4712 650 4774 assumptus,
666 4703 879 4777 regnavitannis
894 4711 939 4763 18.
995 4708 1120 4765 17787188
1150 4708 1179 4765 18
1200 4710 1276 4767 Urbe
1305 4709 1467 4768 1187188888
1506 4717 1674 4778 damnarit.
1697 4723 1792 4790 curpett

181 4795 463 4873 8841187178881171
486 4812 603 4870 regnum
616 4813 762 4871 usurpans,
777 4799 940 4858 Gratianum
995 4801 1187 4875 prophetarum
1212 4804 1322 4861 Abacuc
1347 4811 1374 4861 et
1396 4805 1530 4868 Micheas
1555 4830 1574 4872 a
1599 4816 1721 4873 Domino
1739 4822 1793 4869 retr

142 4884 269 4958 Lugduni
284 4886 391 4943 occidit.
407 4889 507 4946 Rornae
518 4899 581 4960 post
593 4893 745 4947 Damasum
760 4908 858 4965 papam
872 4893 941 4951 Siri-
995 4897 1098 4953 187187.

141 4979 209 5048 8188,
233 4980 282 5053 qui
312 4980 339 5035 iu
367 4982 502 5039 chronicis
534 4986 660 5057 Prosperi
688 4986 806 5043 Ursinus
829 4988 941 5057 dicitur,
1029 4996 1092 5050 481.
1116 4991 1256 5049 lohannes
1269 4991 1609 5066 constantinopolitanas
1632 5011 1663 5062 81
1683 4997 1794 5072 ’1178οῷ

142 5088 211 5147 7878
227 5081 297 5143 40¹¹,
311 5074 384 5131 sedit
404 5092 490 5132 annos
507 5083 550 5133 74.
576 5080 608 5135 Si
627 5077 665 5125 ¹³⁴
679 5096 788 5137 samem
800 5082 942 5152 77811818-
994 5082 1037 5140 188
1048 5084 1191 5142 clarissimi
1207 5085 1353 5154 habentur,
1372 5095 1416 5143 set
1433 5087 1515 5148 adeo
1530 5094 1697 5165 discordes,
1714 5104 1741 5154 ut
1752 5106 1793 5150 778

142 5183 203 5224 rum
220 5171 378 5241 7878111877
400 5175 523 5226 sanctam
545 5174 655 5228 Petrum
668 5179 694 5229 et
716 5174 819 5230 Clrtum
838 5191 941 5247 papam
994 5175 1089 5235 limine
1106 5178 1248 5250 Theophili
1268 5179 1409 5237 Johaunes
1429 5181 1458 5237 in
1476 5186 1615 5248 Pontum
1629 5191 1792 5250 8711188177

142 5277 315 5327 8778778787,
330 5280 396 5335 qaas
406 5266 632 5336 praetermisimus
642 5270 673 5322 in
684 5284 805 5338 77877878,
815 5271 942 5327 Strictum
995 5272 1109 5346 legatus.

139 5371 241 5425 papam
255 5362 285 5414 17
299 5359 392 5416 ardiae
405 5359 643 5430 quaarcpestmam
656 5365 804 5420 certissime
814 5366 940 5422 1778877188.
1030 5373 1092 5425 481.
1108 5367 1194 5425 Gothi
1208 5368 1364 5427 stiliconem
1375 5367 1482 5429 ducem
1500 5392 1578 5438 cum
1590 5383 1725 5441 Romano
1735 5391 1790 5439 eser

794 5540 918 5599 VARlAE
940 5544 1147 5601 tsutlouus.

39 5742 43 5759 b
77 5724 87 5731 -
178 5685 940 5769 ’811178111181817’301111108881181187877717.
979 5694 1082 5751 131887
1094 5693 1370 5755 71188178111181.
1410 5696 1449 5736 ¹³¹
1468 5701 1667 5770 1818887888
1687 5700 1786 5769 wll

142 5755 179 5794 ¹³³
193 5767 220 5814 81
231 5788 267 5798 -
278 5764 481 5816 constituuntur
491 5762 523 5817 ia
533 5763 586 5817 loco
603 5766 740 5818 roscuaai
751 5768 812 5821 387.
826 5770 977 5824 atrcmeato
991 5769 1056 5824 alio.
1095 5766 1132 5812 ¹³⁴
1148 5771 1202 5825 laec
1212 5772 1377 5840 1778777178.
1419 5769 1459 5810 ¹¹⁵
1478 5776 1545 5835 lm
1555 5755 1784 5841 87777ηήηό

136 5830 484 5904 αἱ177178777871188871718.
524 5832 911 5910 ι16188--11111,71777877.
931 5845 956 5895 t.
1006 5837 1044 5892 ¹³⁷
1056 5854 1117 5898 r.s.
1132 5840 1152 5898 i.
1163 5857 1192 5914 p.
1207 5850 1228 5898 1.
1243 5857 1269 5900 8.
1282 5842 1705 5915 171888787788887877877
