3884 6158
161 272 230 326 rerr
613 271 1347 333 aeacus.ut-uoutmmmuasoomms.
1737 254 1819 340 ms

158 394 227 450 sisse
241 393 341 466 legitur
352 403 384 450 ut
395 394 479 468 digne
488 396 651 467 prenitentes
664 395 812 452 humanius
832 403 954 453 tracten·
970 399 997 462 Α
1013 405 1085 468 tum,
1100 399 1122 454 si
1137 408 1312 471 paternarum
1326 401 1427 474 regulae
1444 381 1627 474 sanctionum,
1643 421 1704 477 quaa
1715 407 1749 462 ad
1759 414 1804 463 to·

158 494 214 555 tur,
227 489 427 545 etcanonicam
439 489 613 545 severitatem
627 490 657 545 in
671 490 711 546 eis
720 489 892 562 aliquatenus
904 489 956 546 mi·
1009 492 1064 548 iius
1079 493 1207 550 Ecclesiae
1221 495 1341 568 regimen
1356 537 1363 560 ,
1379 496 1474 567 spiritu
1496 497 1546 553 Dei
1565 498 1727 569 instruente,
1739 508 1806 556 sunt

158 580 254 654 rigent.
270 580 852 656 Debentenimjuxtalnnocentiumpapam
865 592 954 639 atten-
1007 584 1136 654 conditae,
1155 602 1208 655 me,
1231 588 1304 659 quod
1323 586 1409 644 absit!
1432 590 1597 647 connivente
1618 592 1761 650 violentur.
1789 617 1801 644 s

157 672 224 729 dere
238 672 442 732 contessionem
457 675 629 747 poenitentis,
643 683 671 730 et
685 675 767 733 lictus
781 675 955 749 etlacrymas
1008 680 1079 734 Item
1100 679 1188 735 Julius
1212 696 1291 752 papa,
1316 682 1503 739 Orientalibus
1524 684 1660 756 episcopis
1681 683 1805 742 scribam
1867 708 1870 712 ⁸

158 767 331 839 corrigentis,
346 783 378 823 ac
392 776 460 824 tunc
476 768 574 842 jubere
595 768 709 838 dimitti,
723 785 786 825 cum
802 784 954 841 congruam
1008 773 1095 842 (epist.
1113 773 1150 827 ud
1173 773 1276 829 Orient.
1297 777 1368 830 circo
1390 778 1479 844 tuem)
1496 794 1503 832 :
1519 800 1532 825 ι
1550 779 1690 843 instituta,
1704 780 1801 851 iuquit,

159 859 279 916 viderint
293 859 519 918 satisfactionem.
534 864 616 928 Nam,
629 861 706 933 juxta
718 861 954 934 augustinumin
1007 864 1198 934 apostolorum
1212 873 1239 921 et
1260 867 1473 938 apostolicorum
1488 870 1612 925 monim
1625 880 1803 928 contemnere
1906 910 1909 917 ·

157 953 314 1025 hujusmodi
332 953 504 1025 poenitentia,
525 970 583 1010 non
597 962 656 1010 tam
669 969 800 1010 mensura
822 953 953 1026 temporis
1007 956 1101 1015 nolite.
1124 957 1251 1014 Canones
1271 958 1388 1026 habetis,
1406 960 1450 1016 his
1475 961 1615 1029 imimini;
1640 966 1707 1020 satis
1727 966 1801 1021 enim

158 1062 242 1118 quam
257 1046 358 1104 doloris
372 1047 952 1120 estattendenda.Nequaq11amautemec·
1005 1048 1148 1123 indignum
1169 1058 1211 1106 est
1230 1067 1397 1123 quemquam
1420 1053 1584 1126 pontificum
1604 1055 1646 1112 vei
1670 1056 1802 1112 ordinum

157 1140 456 1212 ciesiasticadisciplina
468 1141 618 1197 subsistere
629 1148 732 1212 posset,
747 1141 770 1197 si
782 1155 839 1197 non
854 1139 953 1211 praesul
1005 1141 1233 1215 subsequentium
1252 1143 1322 1201 hanc
1344 1145 1467 1217 reguiam
1490 1145 1610 1203 relatore
1631 1165 1714 1220 quam
1732 1149 1802 1206 beati
1831 1209 1833 1214 ,

155 1234 323 1304 apostolicus
335 1234 410 1290 iliam
420 1233 737 1306 auctoritatemihaberet
751 1234 784 1290 de
800 1235 953 1290 canonibus
1005 1235 1080 1291 Petri
1090 1235 1185 1292 sedem
1198 1238 1329 1309 consequi
1343 1238 1435 1295 videat
1444 1248 1471 1295 et
1484 1239 1592 1296 dooere.
1607 1242 1725 1298 Multum
1736 1259 1802 1299 con-

156 1341 241 1397 quam
254 1342 336 1399 supra
355 1312 511 1384 retulimus.
529 1329 599 1383 Nam
615 1326 822 1398 precedentium
837 1330 951 1384 Patrum
1005 1328 1080 1383 venit
1104 1337 1134 1384 ut
1146 1337 1238 1385 totum
1259 1346 1359 1404 corpus
1374 1332 1501 1389 Ecclesiae
1516 1333 1542 1387 in
1557 1332 1607 1389 hac
1626 1333 1737 1390 sibimet
1749 1334 1804 1391 ob·

155 1427 258 1476 statuta
270 1419 481 1477 ecclesiasticam
496 1420 669 1492 disciplinam
686 1435 743 1475 non
757 1420 952 1477 taminstitue-
1005 1422 1159 1478 servatione
1180 1423 1339 1491 concordet,
1354 1440 1417 1496 quae
1432 1425 1496 1482 inde
1507 1425 1699 1482 auctoritatem
1718 1425 1804 1483 habet

155 1521 312 1586 remquam
322 1512 564 1583 conlunderent,si
580 1514 653 1569 nulia
669 1512 800 1570 rationea
814 1530 952 1571 successo-
1005 1514 1051 1569 ubi
1059 1515 1199 1572 Dominus
1209 1517 1339 1573 Ecclesiae
1348 1518 1432 1574 totius
1448 1519 1540 1590 posuit
1551 1520 1745 1592 principatum,
1760 1519 1801 1576 di·
1889 1547 1892 1553 ·

153 1606 231 1662 ribus
244 1622 343 1663 eorum
359 1606 500 1663 immutari
512 1615 632 1678 possent,
648 1622 713 1663 cum
728 1615 821 1663 tamen
832 1609 951 1664 necessi·
1004 1616 1083 1663 cente
1096 1608 1233 1681 Scriptura
1251 1626 1259 1664 z
1278 1609 1422 1666 Ordinasit
1434 1612 1463 1666 in
1477 1611 1694 1668 mecharitatem
1711 1613 1799 1684 (Cant.

156 1708 200 1756 tas
222 1700 357 1772 temporis
376 1715 449 1756 nunc
469 1701 562 1756 mitius
578 1715 651 1756 nunc
676 1700 797 1756 severius
823 1700 949 1757 inccden·
1006 1708 1044 1767 11)
1068 1719 1074 1754 ι
1100 1701 1283 1758 »illitorum
1306 1721 1343 1758 :e
1368 1704 1469 1761 Omnia
1490 1720 1555 1760 cum
1576 1705 1675 1761 ordine
1689 1704 1756 1761 fiant
1780 1706 1802 1775 (l

152 1782 223 1849 dum
238 1793 406 1864 persuadeat.
418 1793 495 1863 Quod
508 1793 584 1848 illum
600 1808 657 1849 non
671 1793 765 1850 latebit
780 1793 827 1864 qui
845 1808 950 1864 praece-
965 1766 989 1828 Β
1007 1792 1067 1848 Cor.
1082 1801 1156 1860 xiv).
1176 1817 1188 1842 ι

154 1885 280 1942 dentium
293 1887 406 1943 Parrum
419 1894 447 1943 et
456 1886 683 1958 subsequentium
695 1894 798 1942 statuta
810 1887 952 1960 diiigenter
1041 1887 1176 1944 Eamdem
1190 1889 1354 1945 sententiam
1374 1888 1471 1946 beatus
1487 1890 1614 1948 Gelasius
1634 1892 1662 1946 in
1679 1892 1799 1964 generali
1899 1888 1936 1951 κ’

154 1980 318 2055 iovestigars
331 1980 473 2036 udaverit.
487 1982 603 2052 Nempe,
621 1980 644 2036 si
662 1983 693 2035 Β.
713 1979 838 2037 Gelasius
852 1996 950 2037 nume·
982 1978 1126 2063 decreto,
1137 1980 1171 2036 de
1181 1981 1369 2038 ecclesiasticis
1387 1982 1522 2038 institutis
1531 1983 1565 2040 ad
1584 1999 1680 2040 omnes
1693 1985 1798 2056 episco-
1906 2008 1908 2013 ·

153 2089 218 2129 rum
231 2089 369 2130 annorum
387 2089 456 2146 quos
470 2073 512 2128 sui
528 2082 717 2129 antecessores
731 2073 845 2144 singuiis
858 2072 951 2145 gradi·
1002 2087 1051 2142 pos
1063 2072 1193 2140 scribens,
1208 2073 1378 2146 deprompsit
1393 2095 1400 2129 :
1414 2097 1427 2124 ι
1439 2077 1508 2131 Cum
1518 2075 1719 2147 nobis,inquit,
1735 2093 1800 2133 con·

154 2166 209 2222 bus
229 2166 407 2238 praefixerunt
430 2166 593 2222 imminuere
618 2182 674 2223 non
702 2172 804 2237 posset,
829 2165 951 2236 penumae
1004 2170 1045 2219 tra
1075 2164 1235 2220 salutarium
1260 2167 1441 2222 reverentiam
1470 2168 1626 2238 regularum
1654 2169 1797 2240 cupiamus
1894 2161 1900 2178 '

153 2259 319 2316 clericorum
342 2260 386 2316 sui
410 2259 542 2332 temporis
563 2275 611 2332 per
632 2259 804 2332 presbyteros
823 2274 856 2314 ex
874 2258 951 2314 laicis
1003 2264 1107 2313 temere
1127 2257 1193 2313 nihil
1209 2257 1299 2325 licere,
1322 2267 1433 2314 etcum
1455 2258 1533 2315 sedes
1554 2259 1702 2331 apostolica
1717 2275 1800 2331 super

152 2351 230 2409 infra
252 2369 357 2409 annum
378 2361 531 2409 maturatos
554 2352 630 2408 nullo
655 2351 741 2408 modo
759 2352 946 2408 succurrisset
1003 2348 1046 2404 iris
1060 2349 1201 2417 omnibus,
1216 2349 1326 2407 latente
1334 2351 1465 2428 Domino,
1481 2366 1544 2424 quae
1556 2352 1675 2422 paternis
1689 2353 1799 2408 canoni·

153 2447 235 2514 item,
248 2446 272 2501 si
285 2446 412 2503 moderni
426 2446 566 2518 pontifices
581 2445 758 2516 antiquorum
772 2445 890 2516 rigorem
904 2460 949 2500 ca-
1002 2441 1054 2498 bus
1067 2452 1130 2498 sunt
1142 2441 1264 2514 praelixa,
1281 2444 1325 2514 pio
1338 2444 1492 2516 devotoque
1503 2443 1614 2501 studeat
1625 2453 1721 2501 tenere
1735 2461 1797 2518 pro·

152 2553 261 2596 nonum
285 2554 366 2611 super
391 2540 480 2611 lapsos
502 2538 657 2595 sacerdotes
681 2530 820 2592 remittere
839 2537 949 2607 nequis·
1005 2535 1107 2606 posito,
1130 2535 1196 2590 satis
1218 2535 1360 2607 indignum
1382 2544 1425 2591 est
1450 2552 1619 2608 quemquam
1639 2538 1800 2609 pontilicum
1879 2562 1882 2569 ¹

152 2641 225 2701 sent,
251 2632 310 2704 ipsa
334 2630 488 2690 Christiana
511 2632 604 2703 religio
630 2629 762 2686 destituta
787 2628 950 2686 sacerdotali
1003 2627 1044 2682 vei
1065 2626 1195 2682 ordinum
1210 2627 1436 2700 subsequentium
1449 2628 1522 2685 hanc
1536 2628 1738 2687 observantiam
1753 2647 1798 2687 re·

151 2723 245 2782 oldcio
258 2726 366 2798 penitus
378 2733 450 2781 stare
464 2739 520 2780 oon
531 2732 634 2795 posset,
648 2738 712 2779 cum
723 2722 782 2794 jam
797 2737 868 2793 pene
880 2721 949 2778 uuili
1003 2718 1093 2776 lutare
1112 2734 1197 2790 quam
1220 2719 1290 2775 beati
1310 2722 1383 2776 Petri
1397 2720 1490 2776 sedem
1509 2723 1643 2794 consequi
1661 2723 1752 2779 videat
1771 2731 1800 2779 et

149 2817 316 2885 sacerdotes,
332 2818 383 2874 nisi
399 2817 574 2875 criminaliter
587 2816 666 2888 lapsi,
679 2815 865 2887 reperiantur;
879 2829 949 2887 quos
1003 2812 1116 2878 docere;
1138 2812 1260 2883 satisque
1279 2813 1446 2868 conveniens
1462 2823 1504 2869 est
1532 2822 1563 2869 ut
1582 2822 1672 2869 totum
1699 2831 1800 2887 corpus

151 2910 254 2983 antiqui
266 2926 385 2968 canones
399 2910 561 2983 deposuisse
573 2910 712 2982 leguntur.
1003 2905 1165 2962 Ecclesiaein
1173 2904 1224 2961 irae
1230 2905 1541 2961 sibimetobservatione
1548 2906 1706 2974 concordet,
1715 2923 1799 2978 quam

185 3004 335 3061 Sciendum
350 3020 416 3061 sane
438 3003 512 3076 quod
534 3004 653 3059 Romani
676 3000 821 3075 pontifices
839 3016 949 3073 semper
1003 2999 1059 3054 illic
1071 2998 1161 3072 vigere
1182 2997 1254 3058 videt
1268 2997 1315 3054 ubi
1336 3001 1474 3054 Dominus
1494 2998 1580 3054 totius
1595 2999 1725 3056 Ecclesia
1747 3016 1798 3073 po-

150 3096 240 3170 magis
252 3097 366 3169 antiqua
375 3098 488 3169 exsequi
502 3104 531 3152 et
543 3096 687 3153 ohservare
697 3111 782 3167 quam
792 3110 863 3151 nova
873 3093 949 3150 insti-
962 3099 985 3162 c
1000 3091 1053 3147 suit
1068 3091 1263 3162 principatum.
1281 3093 1312 3146 lu
1328 3089 1381 3147 hoc
1392 3089 1485 3163 utique
1497 3092 1585 3147 sancti
1597 3092 1714 3146 Romani
1729 3109 1812 3164 pon.

148 3197 237 3260 tuere,
252 3191 307 3246 nisi
319 3191 410 3262 aliqua
420 3188 589 3246 rationabilis
598 3206 681 3246 rausa
695 3197 864 3262 perurgeret,
879 3202 948 3244 con·
1001 3184 1088 3240 tilices
1101 3179 1318 3255 aliisparesesse
1331 3185 1484 3252 voluerunt,
1495 3184 1568 3256 quod
1579 3193 1701 3241 nontam
1717 3200 1795 3242 novae

148 3288 308 3339 sueverunt.
320 3281 404 3340 Unde
416 3283 512 3339 beatus
525 3282 653 3340 Gelasius
667 3297 735 3353 papa
753 3283 788 3338 ad
807 3281 949 3353 episcopos
1001 3277 1181 3333 institutionis
1202 3286 1326 3333 auctores
1340 3293 1424 3348 quam
1439 3277 1539 3333 veteris
1553 3285 1726 3334 exsecutores
1738 3279 1795 3334 exi·

148 3376 319 3433 Dardaniae:
338 3400 350 3424 ι
366 3377 473 3442 Nullus,
489 3375 590 3447 inquit,
604 3375 664 3447 jam
676 3375 805 3430 veraciter
815 3373 946 3431 Christia-
1001 3369 1797 3442 sterestudusrun13quodnonsolumRomano,sedcui·
1881 3366 1890 3372 ”
1930 3432 1935 3439 ,

145 3469 322 3542 nusignorat,
333 3469 549 3542 uniuscujusque
559 3467 656 3542 synodi
666 3467 848 3523 constitutum
861 3465 947 3537 (quod
1001 3463 1066 3520 libet
1082 3462 1211 3534 episcopo
1225 3462 1352 3518 Gelasius
1366 3462 1445 3518 licere
1458 3471 1585 3519 testatur.

145 3563 307 3620 universalis
317 3563 444 3619 Ecclesiae
454 3562 734 3635 probavitassensus)‚
744 3559 848 3616 nullam
857 3559 947 3631 magis
1036 3577 1170 3630 Hactenus
1194 3575 1313 3642 aalma»
1335 3574 1507 3628 membrum,
1536 3576 1599 3642 ΟΜ
1625 3591 1690 3630 „um
1711 3579 1796 3632 popam

145 3655 259 3727 exsequi
270 3654 364 3712 amem
379 3671 435 3728 prae
449 3656 555 3712 catoris
569 3662 699 3727 oportere
713 3668 796 3725 quam
812 3652 943 3722 primam,
1000 3645 1132 3700 Berrsoldt
1152 3645 1362 3699 lucubrationem
1372 3646 1449 3699 uobis
1464 3646 1616 3711 exhibeant,
1628 3645 1748 3714 omdiqo,
1764 3645 1796 3699 el

147 3763 443 3821 quaeunamquamque
450 3749 587 3822 synodum
597 3755 625 3803 et
638 3763 687 3803 sua
699 3745 862 3802 auctoritate
877 3760 944 3801 con·
998 3719 1084 3842 mi
1094 3715 1795 3856 fflp‘gmfflfflfflfflcffiffiegt{532¹

145 3841 251 3910 llrmat,
265 3850 292 3898 et
306 3843 462 3899 continuata
483 3841 672 3898 moderatione
691 3839 820 3896 custodit.
842 3861 855 3887 ι
872 3838 944 3894 Hinc
999 3861 1076 3928 orpus
1095 3858 1235 3927 exempla,
1256 3857 1393 3926 oppium,
1408 3860 1432 3913 ἐς
1445 3828 1609 3923 pe‘mamm
1622 3860 1796 3927 mmmm,

144 3942 258 3990 sancus
271 3936 329 3991 Leo
349 3951 417 4007 papa
434 3951 441 3988 ε
459 3958 471 3982 ι
489 3933 535 3990 Ad
547 3949 653 4001 meum,
666 3933 766 4004 inquit,
781 3930 872 3987 tendit
883 3946 944 3987 rea·
999 3930 1074 3985 edet.

495 4241 749 4327 MONITUM
776 4240 1037 4323 entreats
1065 4239 1445 4319 PATROLOGIAE.

180 4436 325 4514 opusculis
337 4434 463 4493 Beroaldi
480 4437 540 4509 jam
554 4453 587 4494 ex
605 4436 734 4494 Gretsero
754 4434 838 4491 editis
848 4434 992 4508 jungimus
1005 4433 1056 4490 alia
1069 4446 1131 4505 quae
1147 4432 1251 4503 primus
1266 4433 1294 4488 in
1311 4400 1402 4489 iucem
1421 4429 1515 4488 emisit
1529 4428 1703 4488 doctissimus
1715 4431 1791 4488 'Ger-

141 4529 245 4586 maniae
257 4545 341 4586 sacras
356 4529 455 4586 editor.
472 4529 579 4586 Deinde
591 4518 747 4587 Chionicon
762 4528 901 4596 Bemaidi,
920 4527 947 4583 in
961 4543 1018 4600 quo
1037 4527 1124 4584 multa
1143 4526 1177 4583 de
1194 4525 1317 4599 Gregorii
1330 4526 1382 4582 Vll
1398 4523 1482 4580 rebus
1498 4525 1597 4597 gestis,
1614 4523 1791 4597 subjiciemus

139 4623 317 4696 Tengnagslii
332 4623 460 4696 Syllogcn
477 4623 517 4678 sic
538 4623 701 4694 ampliatam
714 4621 841 4679 claudent
861 4621 992 4694 opuscula
1007 4636 1070 4693 quae
1087 4620 1117 4677 in
1135 4619 1225 4678 indice
1246 4615 1407 4677 collectioni
1426 4615 1539 4689 praellao
1558 4616 1743 4675 inscribuntur
1763 4617 1790 4673 ul

139 4714 224 4772 tima.

416 5026 672 5126 uourruu
700 5041 966 5123 entreats
993 5040 1290 5122 annulata
1319 5038 1514 5121 secan.

900 5209 949 5275 (Π,
969 5209 1043 5274 aas.)

180 5523 321 5579 Hactenus
338 5518 409 5578 edita
428 5521 557 5578 Bamaldi
576 5520 723 5590 opuscula;
738 5518 852 5589 hislam
869 5519 913 5575 illa
928 5517 1118 5591 subjungimus
1135 5534 1197 5591 quae
1216 5518 1353 5590 publicam
1367 5519 1458 5574 iucem
1473 5512 1591 5569 necdum
1614 5523 1789 5586 aspexerunt,

140 5606 177 5648 ex
191 5596 404 5650 membranaceo
422 5608 484 5650 saec.
498 5609 544 5650 111
559 5591 653 5648 codice
665 5591 712 5664 qui
725 5590 752 5646 in
768 5590 930 5648 uibttottecc
943 5596 1038 5646 nostra
1051 5598 1216 5656 asservatur,
1234 5589 1406 5661 deprompta.
1424 5590 1471 5641 Est
1484 5584 1527 5639 hic
1548 5585 1571 5640 is
1591 5586 1648 5656 ipse
1662 5587 1791 5657 antiquus

142 5663 232 5720 codex
249 5680 304 5788 quo
315 5663 447 5722 simlerus
459 5665 485 5719 in
504 5680 554 5719 sua
569 5662 748 5728 Bibliotheca,
770 5678 796 5733 p.
813 5660 1011 5731 96,sequentia
1025 5659 1157 5716 Bemardi
1182 5676 1231 5716 seu
1248 5657 1376 5716 Bemaldi
1389 5672 1473 5728 opera
1490 5663 1626 5723 recenset,
1642 5673 1705 5729 quaa
1720 5658 1792 5711 inter

142 5734 236 5804 primo
268 5750 319 5790 oco
339 5743 491 5793 occurrunt
502 5734 683 5804 Apolopeticoe
699 5735 815 5788 rottoues
829 5737 921 5788 metro
936 5731 1167 5787 schismaticum
1185 5731 1344 5801 objectiones
1360 5728 1397 5782 od
1411 5727 1594 5783 Adulterium
1612 5731 1791 5786 Nemeleusem

137 5807 323 5876 prepositum
328 5825 337 5873 ς
352 5808 383 5861 s'o
396 5807 494 5876 quitus
501 5805 638 5876 manupae
649 5803 777 5870 defendit
792 5804 865 5873 quod
879 5805 936 5873 ipse
947 5807 976 5859 et
987 5803 1038 5858 olii
1049 5803 1212 5860 monachis.
1223 5802 1311 5859 Blasii
1322 5800 1417 5876 merite
1428 5798 1714 5855 ooeccommuotcatis
1728 5797 1791 5853 abs-
