3884 6158
169 254 221 311 823
510 253 539 307 S.
558 249 717 306 dissectus
736 248 781 304 Vll
799 246 897 305 PAPAE
915 245 1054 304 OPERUbf
1072 248 1158 305 vlits
1175 249 1196 303 1.
1219 275 1249 287 -
1269 240 1471 301 Retrsrstttl.
1504 196 1507 215 Ι

171 378 335 452 optandum,
347 373 640 449 paucissiminostrum
655 388 705 445 pro
720 373 832 430 Christo
844 381 964 430 mortem
981 378 1005 440 Α
1020 373 1139 446 expulit,
1153 381 1181 429 te
1204 386 1254 445 per
1277 368 1406 427 eumdem
1431 380 1528 424 sexum
1553 363 1649 423 eadem
1674 362 1723 439 glo

170 471 321 529 subierunt.
341 474 465 536 Pensute,
485 466 654 536 charissimi,
674 475 798 538 pensate,
811 475 879 541 quot
892 484 961 541 uuo·
1019 466 1101 541 hujus
1114 466 1181 524 vitae
1199 463 1328 522 laudabili
1341 461 1417 519 fama
1438 461 1568 532 privaret,
1581 466 1609 516 et
1627 456 1717 515 multa

169 566 236 623 tidie
243 566 343 622 milites
352 565 499 621 seculares
510 578 559 636 pro
571 562 692 621 dominis
704 564 762 621 suis
776 563 822 620 vili
836 564 964 621 mercede
1017 569 1065 619 tua
1085 560 1137 619 isto
1152 558 1321 630 deceptionis
1332 571 1389 613 suec
1403 569 1503 628 genere
1517 550 1710 610 confunderet.

168 657 270 716 inducti
288 657 371 715 morti
389 672 419 714 se
432 656 556 715 tradunt.
572 660 609 713 Et
623 673 674 713 nos
692 656 760 730 quid
776 672 826 731 pro
852 672 963 715 summo
1018 654 1058 711 rei
1068 654 1156 728 gratia
1168 652 1204 710 ab
1217 651 1346 725 episcopo
1357 658 1406 706 tuo
1419 655 1571 713 correctus,
1583 653 1610 703 et
1621 658 1723 703 excom

167 765 231 824 rege
244 758 271 806 et
280 750 446 823 sempiterna
458 750 545 825 gloria
559 751 676 823 patimur
684 758 733 808 aut
744 750 964 823 agimusiQuale
1018 756 1105 817 catus,
1132 755 1162 804 ut
1186 763 1202 803 a
1225 752 1304 802 tanto
1325 742 1446 817 periculo
1467 749 1495 797 te
1517 749 1546 797 et
1560 739 1723 812 conjunctae

167 843 298 911 dedecus,
318 851 346 900 et
366 844 447 916 quale
467 844 679 917 improperium,
699 843 843 918 qualisque
863 844 963 901 derisio
1018 858 1137 911 erueres,
1158 849 1187 898 et
1207 840 1322 897 domum
1342 846 1419 895 tuam
1442 842 1603 908 aperpetua
1616 830 1723 890 infamis

167 937 255 994 oculis
280 936 383 994 nostris
408 936 547 1011 objicitur,
576 936 652 1010 quod
673 936 726 1005 illi,
749 938 824 994 velut
845 953 895 1009 pro
918 937 963 993 vili
1017 951 1108 1004 rares,
1137 950 1194 991 non
1212 934 1303 991 solum
1328 935 1387 989 Deo
1414 939 1441 987 et
1462 928 1576 1003 justitiae
1600 925 1635 983 de
1658 940 1723 1000 perp

168 1029 241 1104 elga,
261 1038 384 1088 mortem
394 1029 487 1087 subire
499 1044 556 1087 non
575 1037 713 1099 metuunt,
727 1038 755 1087 et
768 1044 832 1099 nos,
845 1046 896 1102 pro
908 1046 964 1088 cm·
1018 1029 1134 1086 crimine
1157 1044 1212 1086 non
1234 1024 1399 1093 satisfecisti,
1418 1023 1469 1081 sed
1492 1030 1519 1079 et
1541 1021 1630 1094 ipsum
1644 1019 1723 1093 episc

63 1184 66 1188 .
167 1122 525 1182 lestithemuroetaeterna
538 1123 720 1194 beatitudine,
734 1124 820 1181 etiam
835 1140 965 1197 persecu·
1017 1124 1061 1180 cui
1080 1121 1187 1181 etiamsi
1208 1122 1342 1195 injustam
1362 1117 1527 1176 sententiam
1551 1121 1674 1187 superte
1693 1112 1723 1171 ds

167 1216 272 1274 donem
283 1217 340 1290 pati
355 1216 523 1276 devitamus!
1018 1215 1130 1273 obedire
1142 1215 1286 1284 debueras,
1303 1222 1398 1271 contra
1415 1226 1523 1268 morem
1538 1207 1673 1283 aequitatis
1693 1214 1723 1267 tu

204 1310 303 1383 Erigite
315 1325 383 1384 ergo
399 1310 507 1368 animos
529 1311 558 1368 in
578 1312 660 1380 vires,
676 1325 754 1382 spem
769 1311 856 1369 vitam
869 1312 964 1370 conci·
1017 1311 1127 1368 ranuice
1141 1309 1281 1367 insecutus
1294 1324 1334 1377 es,
1349 1322 1413 1364 cum
1425 1312 1533 1362 constet
1551 1303 1673 1377 aliquem
1688 1316 1723 1359 au

167 1402 233 1476 pite,
246 1402 314 1461 illud
326 1404 455 1462 vexillum
463 1419 521 1478 prae
531 1403 619 1462 oculis
630 1404 763 1461 babentes
775 1404 856 1463 ducis
864 1407 963 1477 nostri,
1017 1405 1063 1462 llei
1091 1420 1148 1461 nen
1172 1418 1252 1477 posse
1276 1401 1392 1469 babere,
1416 1399 1461 1472 qui
1485 1395 1635 1470 spiritualis
1657 1396 1723 1469 patri

105 1538 110 1551 .
164 1496 268 1554 scilicet
288 1498 358 1570 regis
373 1499 478 1567 mtemi,
500 1497 571 1555 unde
585 1498 645 1572 ipse
661 1497 729 1554 dicit
751 1516 759 1552 ε
781 1502 963 1570 inpatientia
1016 1500 1096 1572 culpa
1110 1496 1373 1555 inobedientiaesuae
1388 1494 1507 1567 gratiam
1520 1501 1548 1548 ct
1561 1488 1723 1547 dilectiones

166 1592 440 1662 uestrcpessstetttte
457 1595 564 1647 animos
581 1593 917 1665 cestrcetduc.x11).1it
940 1593 962 1649 si
1016 1593 1096 1650 batur
1119 1591 1253 1650 amisisse.
1281 1588 1364 1661 Quod
1385 1604 1437 1646 nos
1457 1585 1611 1654 audientes,
1632 1582 1696 1642 victi
1718 1600 1723 1639 r

166 1683 305 1754 volumus,
323 1683 419 1741 divina
445 1683 614 1757 suffragante
641 1685 739 1759 gratia,
760 1685 866 1743 bostem
894 1687 964 1743 anti·
1017 1695 1076 1756 tuo,
1089 1699 1230 1743 memores
1249 1684 1334 1741 etiam
1352 1682 1485 1739 virtutum
1505 1678 1723 1751 tuarum,'quee‹

166 1788 252 1847 quum
270 1776 327 1833 cite
340 1785 369 1833 et
384 1776 492 1833 fortiter
504 1777 676 1851 confringere
699 1794 852 1853 omnesque
868 1795 961 1836 versu·
976 1768 999 1832 B
1016 1780 1097 1855 gicsie
1113 1779 1176 1836 viris
1189 1778 1269 1836 nobis
1288 1776 1433 1833 insinuatae
1446 1772 1564 1840 fuerant,
1586 1786 1673 1845 usque
1688 1784 1723 1827 ms

69 1856 72 1861 ’
166 1869 219 1926 tias
234 1869 294 1942 ejus
308 1869 519 1943 parvipendere,
533 1872 694 1929 studeamus
710 1873 914 1946 persecutiones
927 1874 961 1930 ab
1016 1874 1197 1946 portavimus,
1212 1878 1354 1947 sperantes
1368 1878 1397 1927 ut
1415 1868 1507 1926 divina
1525 1874 1617 1923 tactus
1638 1864 1723 1923 miae

164 1975 201 2021 eo
214 1962 355 2020 immissas
368 1970 396 2020 et
409 1973 528 2021 mortem
542 1981 592 2039 pro
605 1965 709 2038 justitia
724 1982 782 2023 non
798 1967 889 2024 solum
903 1983 961 2025 non
1014 1969 1048 2026 ad
1062 1984 1163 2026 sanum
1176 1965 1321 2024 consilium
1333 1963 1449 2033 redires,
1471 1970 1498 2018 et
1511 1969 1615 2017 auterno
1636 1958 1711 2033 regi,

163 2055 295 2126 devitare,
313 2054 460 2114 sedetiam
483 2073 533 2131 pro
555 2074 653 2117 amore
676 2059 728 2116 Dei
753 2068 782 2117 et
796 2059 960 2118 Christianae
1011 2063 1118 2136 judicio
1127 2061 1253 2136 quotidie
1260 2060 1443 2134 propinquas,
1455 2064 1484 2114 te
1493 2063 1641 2131 purgatum
1649 2068 1723 2127 prere

163 2148 302 2222 religionis
314 2149 471 2208 defensione
485 2159 623 2225 appetere.
641 2155 673 2208 ln
698 2152 752 2209 boc
770 2152 845 2210 enim
863 2169 960 2211 omnes
1013 2155 1203 2214 contenderes.
1219 2158 1253 2212 Et
1266 2155 1331 2227 quia
1348 2154 1377 2209 in
1395 2152 1449 2208 boc
1472 2165 1597 2207 amorem
1619 2146 1712 2205 emendi

99 2256 107 2265 ·
161 2241 293 2300 elationes
303 2243 479 2311 marlslPsot.
492 2244 781 2318 xurrtetauperbiam
790 2247 883 2304 seculi
893 2262 960 2304 con-
1013 2248 1221 2325 quamanimae
1245 2258 1300 2305 tum
1324 2247 1442 2304 salutem
1470 2241 1657 2316 perpendisti,
1683 2254 1723 2299 '0¹

162 2335 346 2405 calcabimus,
360 2344 389 2394 et
400 2352 453 2410 pro
470 2336 560 2396 nihilo
582 2338 732 2406 ducemus,
760 2340 833 2397 etei
854 2341 902 2413 qui
917 2349 959 2397 est
1012 2359 1048 2400 ue
1060 2342 1151 2401 divina
1172 2341 1326 2415 indignatio
1346 2339 1391 2396 diu
1415 2345 1585 2410 protractum
1596 2342 1624 2392 et
1648 2332 1723 2391 inem

162 2436 383 2503 aeputnostrum
405 2430 503 2490 sedens
526 2432 554 2487 in
571 2431 685 2490 dextera
699 2433 751 2489 Dei
773 2432 877 2504 Patris,
897 2434 958 2507 ipso
1013 2445 1073 2494 tum
1086 2436 1192 2493 facinus
1210 2435 1310 2492 acriter
1324 2432 1430 2506 puniat.
1446 2430 1530 2488 Unde
1543 2437 1656 2502 paterna
1668 2435 1700 2485 te
1720 2452 1723 2475 ι

161 2521 303 2595 largiente,
312 2523 462 2596 jungemur
473 2524 748 2599 etconregnabimus.
761 2526 868 2584 Clamat
883 2528 957 2584 enim
1012 2538 1069 2587 tate
1092 2544 1238 2586 monemus
1252 2535 1283 2584 ut
1302 2528 1337 2584 ab
1350 2525 1403 2582 hac
1419 2525 1574 2597 iniquitate,
1591 2536 1653 2595 quae
1667 2520 1723 2579 ben

160 2614 296 2688 Magister
313 2625 408 2673 noster
421 2636 430 2671 ε
445 2619 476 2675 Si
488 2622 677 2689 compatimur,
695 2624 721 2675 et
736 2622 958 2691 conregnabimus
1012 2633 1124 2681 tuomm
1136 2621 1243 2680 fructus
1263 2619 1456 2677 universaliter
1469 2617 1600 2691 dissipat,
1615 2613 1723 2689 sapient

162 2709 203 2779 (ΙΙ
216 2711 285 2766 ft'm.
301 2710 346 2781 ιι).
362 2712 471 2767 interea
484 2711 571 2780 robis,
588 2711 689 2769 fratres
705 2713 772 2782 mei,
787 2713 833 2785 qui
847 2730 957 2771 mecum
1012 2716 1127 2775 consilio
1141 2731 1247 2789 surgas,
1262 2722 1361 2770 ettam
1375 2721 1500 2784 tequam
1514 2710 1564 2767 tibi
1580 2708 1723 2783 conjuncta

160 2801 254 2859 minus
275 2802 397 2860 valentes
411 2803 492 2872 estis,
506 2803 621 2862 fortiora
636 2805 707 2862 bella
722 2806 880 2864 certaminis
905 2825 957 2864 an·
1012 2818 1108 2868 catena
1125 2809 1227 2867 diaboli
1251 2824 1342 2866 eruas.
1369 2805 1449 2878 Quod
1472 2805 1494 2862 si
1523 2802 1712 2860 innocentiam

159 2893 334 2965 nuntiamus,
349 2897 415 2970 quia
430 2895 495 2971 pius
511 2897 683 2971 Redemptor
700 2909 794 2958 noster
805 2900 861 2958 cito
877 2898 959 2958 faciet
1011 2920 1093 2977 super
1107 2903 1161 2961 hcc
1182 2902 1295 2977 negotio
1317 2898 1435 2958 confidis
1461 2913 1542 2972 pesse
1564 2894 1723 2969 probari,ri

158 3002 223 3047 eam
242 2990 441 3048 tentationibus
453 2991 558 3048 nostris
578 2991 660 3048 etiam
673 3002 852 3064 proventum,
864 3010 901 3051 ne
914 2995 955 3050 ni·
1011 2996 1090 3054 nobis
1117 2997 1234 3070 perutile
1248 3003 1279 3053 ut
1301 2993 1423 3068 synodus
1450 2990 1643 3061 constituatur,
1657 2988 1703 3047 cui

158 3082 216 3140 mie
229 3082 378 3158 fragilitate
398 3083 507 3153 devicti,
521 3099 578 3141 non
593 3085 730 3156 possimus
742 3085 892 3156 sustinere,
908 3087 955 3145 sed
1011 3090 1096 3147 nostri
1122 3093 1203 3164 Hugc
1227 3088 1336 3146 Diensis
1359 3088 1518 3160 episeopus,
1541 3093 1569 3141 et
1589 3080 1723 3140 Richards

157 3174 231 3233 inter
243 3177 447 3252 qualescunque
460 3191 576 3235 suorum
593 3176 716 3235 fidelium
730 3179 812 3252 positi
832 3180 954 3238 addisce·
973 3170 1077 3242 Calter
1094 3198 1190 3240 eorum
1212 3182 1334 3249 intersit;
1350 3189 1381 3238 ut
1400 3181 1428 3237 in
1449 3177 1591 3236 audientia
1615 3175 1723 3249 religios

158 3283 223 3327 mus
238 3271 280 3326 rel
294 3270 324 3327 in
338 3272 520 3344 prosperitate
531 3271 583 3329 sibi
598 3271 701 3329 servire
715 3277 798 3339 (alt).
1009 3278 1132 3335 virorum
1155 3276 1242 3350 possit
1262 3274 1383 3349 perquiri
1404 3272 1472 3347 quid
1495 3273 1524 3328 in
1545 3280 1574 3328 te
1604 3270 1646 3353 rel
1670 3284 1723 3328 serr

413 3384 590 3441 Eprsrogg
603 3385 697 3441 χχιι,
1008 3379 1131 3443 superte
1153 3370 1325 3444 promulgata
1338 3367 1436 3425 debeat
1449 3364 1598 3423 emendari.
1613 3366 1723 3422 Deuss

312 3508 354 3552 A„
373 3507 517 3555 comm
538 3510 795 3553 mmmmm
1008 3464 1177 3524 couscientia
1205 3472 1302 3521 nostra
1328 3461 1408 3518 tastis
1436 3469 1487 3529 est,
1512 3458 1577 3533 quia
1605 3471 1723 3515 mensu

442 3592 533 3655 (Anno
548 3594 639 3656 1081.)
1007 3560 1128 3616 multum
1142 3557 1275 3632 gauderet
1298 3556 1333 3614 de
1355 3563 1393 3626 te,
1421 3561 1515 3627 utpote
1536 3567 1621 3625 quem
1638 3551 1723 3624 jampt

156 3686 317 3758 notatam
335 3691 414 3755 sama
434 3694 461 3744 ,p
473 3692 588 3759 ΨΜ
611 3693 767 3756 ,lp-,mim
783 3693 881 3765 qum
893 3699 956 3751 am
1007 3652 1112 3756 sincero
1129 3658 1158 3707 et
1178 3650 1258 3723 pleno
1281 3663 1377 3707 amore
1391 3647 1547 3715 dileximus,
1570 3645 1593 3701 si
1606 3644 1642 3701 ab
1655 3642 1710 3701 bac

193 3762 305 3813 maaca
325 3763 393 3826 eret,
408 3760 524 3829 saeptum
539 3761 570 3815 cb
582 3763 729 3830 quomdam
748 3766 886 3822 meterem
896 3768 956 3836 pff.
1008 3760 1064 3801 mra
1074 3742 1272 3818 quoquomodo
1284 3751 1312 3798 te
1324 3742 1462 3808 liberares,
1478 3748 1506 3796 et
1516 3737 1621 3795 aditum
1644 3734 1723 3794 laedet

191 3829 474 3899 mrttmtepecopum,
489 3833 538 3898 qui
550 3847 610 3886 eom
623 3834 698 3887 eade
710 3849 793 3890 eausa
805 3852 955 3891 exeommu-
1008 3853 1056 3911 per
1066 3835 1186 3894 fructum
1202 3834 1381 3894 correctionis
1397 3834 1469 3891 bosti
1486 3833 1601 3904 antiquo
1614 3830 1723 3887 conclus

189 3900 956 4043 mfflffimssmffffimffimffuss
1008 3933 1123 3987 Munera
1153 3937 1201 4036 tua
1224 3928 1294 4035 Q
1324 3926 1566 4033 recipiendane·
1596 3938 1656 3980 esse
1679 3922 1723 3980 arl

190 4040 249 4094 cub
270 4041 338 4111 cepi,
352 4041 384 4095 tn
401 4056 455 4111 quo
473 4055 555 4111 super
569 4042 619 4097 tac
637 4058 667 4098 re
685 4046 794 4112 sempr
807 4050 947 4103 ,mm
1005 4021 1403 4098 sumus,qu1adrunrsoculrs
1424 4019 1525 4078 oblatio
1545 4026 1593 4075 tua
1606 4031 1665 4073 non
1677 4031 1723 4075 act

189 4111 303 4167 neaera
316 4112 351 4166 ab
370 4127 400 4167 eo
422 4112 459 4168 ud
471 4126 499 4167 se
517 4114 602 4168 misso
624 4129 678 4169 nea
698 4116 804 4186 recipit.
819 4118 897 4174 tabet
919 4125 951 4175 ut
1004 4116 1064 4174 bilis
1082 4132 1142 4175 esse
1164 4117 1296 4190 probatur
1320 4113 1442 4187 quandiu
1466 4119 1607 4184 apeeeatc
1626 4109 1723 4169 istolrr

192 4194 312 4252 ΨΜ»
323 4183 419 4239 αὺῑαῑα
439 4184 576 4240 leiim·
1003 4227 1067 4268 nem
1087 4218 1115 4268 te
1129 4227 1185 4268 non
1199 4207 1363 4278 reddideris,
1382 4216 1409 4265 et
1425 4207 1460 4264 ad
1474 4205 1594 4280 gratiam
1607 4203 1723 4279 omnipo

189 4291 533 4367 csaaonrnseptscopiu,
544 4310 792 4356 servasserrorum
803 4299 864 4368 Dei,
875 4302 948 4359 G....
1003 4304 1066 4375 Dei,
1080 4304 1150 4361 sicut
1161 4302 1328 4359 catholicum
1341 4300 1491 4374 principem
1503 4298 1591 4368 decet,
1603 4312 1662 4354 non
1675 4296 1723 4355 red

154 4384 343 4462 [Gaurnrno]
357 4387 477 4461 glorioso
495 4389 591 4447 comiti
602 4391 794 4464 andegavensi
808 4397 892 4461 (413).
1003 4397 1079 4453 Licet
1095 4411 1208 4453 munera
1223 4404 1270 4451 tua
1280 4403 1393 4466 propter
1406 4393 1472 4451 illud
1483 4400 1627 4468 peccatum
1641 4405 1702 4448 non

188 4478 324 4539 Dolemus
343 4482 411 4539 satis
425 4483 501 4556 quod
520 4466 655 4542 Edrersus
674 4485 822 4558 gloricsam
846 4487 949 4545 famam
1003 4489 1136 4564 perimus,
1153 4496 1248 4545 tamen
1262 4488 1315 4545 Dei
1334 4486 1552 4545 misericordiam
1574 4479 1623 4557 pro
1637 4492 1665 4541 te
1684 4499 1723 4541 ex¹

152 4579 230 4629 tuam
254 4587 304 4645 per
335 4574 492 4633 Galliamm
517 4587 608 4650 partes
631 4577 776 4646 diffusam,
802 4587 831 4636 et
861 4592 950 4655 usque
1003 4601 1059 4641 nou
1078 4582 1252 4641 desistemus.
1275 4585 1317 4639 De
1338 4590 1438 4639 caetero
1452 4579 1625 4638 nobilitatem
1638 4585 1719 4635 tuem

152 4663 189 4721 ad
220 4667 381 4736 apostoliea
411 4667 484 4725 sedis
516 4672 644 4727 notitiam
672 4672 819 4744 perlatam,
848 4675 948 4732 astutia
1003 4693 1113 4745 nemus,
1134 4685 1215 4749 atque
1230 4676 1404 4749 praecipimus
1419 4682 1449 4731 ut
1462 4672 1577 4746 praefatc
1592 4670 1721 4745 episcopo

151 4755 252 4814 diaboli
279 4760 370 4830 potuit
389 4762 544 4831 praevalere.
573 4766 648 4821 Sicut
673 4766 749 4822 enim
768 4766 802 4825 de
823 4776 853 4825 te
870 4767 948 4827 laeta·
1003 4785 1047 4827 res
1068 4786 1136 4843 quas
1160 4768 1214 4827 sibi
1236 4769 1372 4826 abstulisti
1397 4768 1557 4834 restituens,
1581 4765 1662 4839 digne
1686 4778 1723 4823 stt¹

150 4847 260 4918 bamur,
277 4851 525 4923 etquodammodo
539 4858 617 4913 unice
636 4857 763 4916 debonis
784 4861 882 4919 studiis
894 4862 948 4920 tuis
1002 4862 1099 4922 ciendo
1126 4878 1190 4920 eum
1218 4863 1326 4935 placare
1351 4877 1493 4934 procures,
1523 4875 1556 4917 ae
1581 4857 1712 4931 deinceps

149 4941 180 4998 in
193 4943 370 5002 sermonibus
378 4948 483 5005 nostris
497 4949 744 5021 praesumebamus,
754 4965 908 5013 asserentes
920 4965 947 5013 te
1000 4959 1156 5015 nullatenus
1170 4955 1326 5028 inquietare
1346 4969 1510 5028 praesumas.

148 5035 312 5094 nouaclum
333 5039 469 5112 principes
489 5041 537 5099 sed
560 5050 588 5099 et
604 5042 678 5115 ipsos
697 5046 904 5119 reges‚1‘uetitia
918 5059 946 5106 et
1184 5094 1195 5110 a

146 5143 263 5188 morum
282 5130 425 5189 honestate
445 5149 591 5207 superare,
612 5136 653 5192 sic
672 5136 753 5194 nobis
776 5141 944 5212 gemendum
1248 5096 1424 5153 EPISTOLA
1435 5096 1543 5152 ΚΜ

145 5222 265 5293 ridetsu,
280 5226 456 5297 prudentiam
471 5236 547 5284 tuam
561 5244 578 5285 a
596 5236 672 5285 tanta
687 5231 776 5303 gratia
789 5240 818 5289 et
835 5241 944 5292 atauto
1110 5227 1152 5271 Ψ
1165 5225 1358 5273 ffl⁰¹¹⁸¹³⁸¹⁸
1373 5226 1410 5268 Π
1432 5220 1680 5268 mmmm

146 5315 280 5375 vireumm
305 5319 428 5377 culmine
452 5319 599 5378 decidisse.
619 5325 680 5396 Qua
705 5325 736 5380 in
755 5341 784 5382 re
802 5325 945 5402 antiquam
1302 5327 1497 5395 (unorum.)

144 5407 232 5467 Μ’
253 5411 367 5470 humi
387 5413 514 5519 frium
535 5417 758 5491 ¹⁰⁰0ss¹¹⁰⁸⁶¹¹¹¹¹¹⁸
780 5423 943 5495 mmm
997 5450 1122 5520 precipit
1148 5464 1181 5505 ne
1206 5448 1397 5518 Andepuoenst
1417 5448 1509 5503 mariti
1532 5444 1567 5500 ob
1592 5442 1723 5512 crtbiept't

144 5500 310 5575 ettonem,
327 5515 358 5564 ut
374 5523 421 5579 qur
436 5507 527 5566 Adam
541 5526 589 5582 per·
602 5511 747 5570 mulierem
762 5514 798 5572 de
817 5517 943 5588 paradiso
1033 5524 1180 5577 Turoceast
1192 5523 1418 5576 recommunicato
1432 5519 1633 5573 mmmunioent.
1655 5516 1723 5569 ΡΜ

179 5642 252 5716 (dli)
274 5644 403 5717 Sequitur
418 5646 532 5731 epistola
546 5647 598 5705 alia
614 5649 642 5707 in
664 5651 801 5726 originali,
820 5664 941 5728 quaeest
1030 5656 1102 5730 (tlt)
1117 5658 1186 5715 Haec
1199 5656 1315 5731 epistola
1335 5654 1431 5715 debuit
1444 5654 1473 5712 in
1487 5648 1677 5727 superioribus
1697 5664 1723 5723 ις

140 5714 397 5846 lfflr’effir'iwm
411 5716 500 5775 verbis
516 5734 578 5775 cum
598 5722 712 5793 epistola
735 5723 841 5782 decium
862 5737 940 5784 sexta
994 5729 1071 5800 Orig.
