3884 6158
150 200 200 308 uu
345 204 353 225 κ
496 215 502 225 ’
762 243 790 299 s
809 241 1002 299 annuamus
1021 241 1064 298 ru
1085 243 1182 298 unul.
1746 243 1797 297 rm

184 378 325 439 Memento,
354 372 443 444 inquit
467 371 495 426 S.
520 367 690 440 Augustinus
714 366 763 423 tib.
792 381 819 423 ιι
832 367 945 431 {contra
958 371 986 435 Α
1001 371 1059 422 tum
1069 367 1158 422 orbern
1175 369 1355 423 invenimus
1367 368 1499 439 enemplu,
1518 370 1544 422 si
1561 368 1650 422 omnia
1668 366 1797 428 scribier

150 470 323 534 Petiliauum,
347 481 406 537 cap.
429 470 462 518 47
482 469 510 516 et
530 467 577 530 tit,
601 466 776 518 sacramentis
798 461 838 516 nit
862 461 949 516 obessa
1000 462 1029 514 in
1049 463 1235 516 auctoritatem
1254 462 1345 530 redipi
1360 463 1510 532 potuissent
1524 479 1532 514 ε
1546 465 1634 515 tamen
1648 461 1703 514 tuac
1724 462 1796 529 ipsa,

150 579 236 619 mores
252 564 383 616 malornm
402 558 549 621 boninum,
570 571 622 627 puo
634 557 686 611 itta
702 557 744 610 uel
764 557 873 611 omnino
894 569 948 609 non
1000 570 1060 625 pure
1080 555 1216 623 lutbmnus,
1239 556 1380 611 aduertite.
1404 556 1510 611 Tolerat
1525 557 1581 624 ipse
1595 556 1723 609 Dominus
1747 556 1797 607 Ju-

150 661 214 724 sint,
237 656 278 709 uel
297 655 386 707 minus
407 653 501 704 sancta
523 652 589 718 sint,
616 648 663 704 sed
683 652 750 721 ipsis
771 650 850 705 matis
863 650 946 704 borni·
1000 647 1073 713 dam,
1089 647 1234 716 diabolum,
1248 649 1338 716 furem
1348 651 1373 704 et
1384 648 1549 703 uenditorem
1562 663 1641 702 mrum
1657 648 1742 702 :sinit
1755 662 1799 701 ac-

92 736 97 741 ’
150 751 238 810 nibus,
252 751 283 800 ut
296 747 350 799 bac
365 744 483 799 habeant
496 743 533 796 ad
548 745 732 798 testimo-nium
751 744 947 810 damnationis,
1001 743 1088 811 cipere
1109 742 1182 797 inter
1200 745 1350 797 innocentes
1375 742 1530 811 discipulos,
1544 741 1617 811 quod
1637 741 1726 810 fideles
1749 757 1798 795 no·

149 856 201 895 non
212 839 248 893 ad
258 838 427 907 adjutorium
440 839 577 892 sanitatis.
594 840 662 893 Hinc
673 841 786 908 propter
799 837 949 892 Pharisreos
999 840 1105 899 uerum,
1125 838 1244 906 pretium
1260 841 1391 892 nostrum.
1413 835 1535 891 Tolerant
1552 835 1667 905 apostoli
1681 834 1795 905 pseudo·

150 931 319 988 facinorosos
336 937 365 986 et
381 930 532 1002 improbus,
549 946 603 985 non
616 933 744 1002 pracepit
755 933 883 985 Dominus
904 930 949 984 de·
1000 932 1141 999 apostolos,
1156 934 1181 984 et
1202 931 1273 983 inter
1283 945 1333 984 sua
1343 932 1493 1003 quarentes
1503 943 1555 984 non
1572 943 1633 1000 pua
1645 931 1708 984 lesu
1722 929 1798 984 Cirri-

150 1027 205 1080 seri
216 1025 372 1081 cattedram
383 1026 478 1095 Mopsi,
492 1025 521 1079 in
531 1040 586 1093 pua
600 1025 694 1093 retroue
702 1023 838 1093 fipurnbat
851 1038 947 1091 utamr
1000 1025 1052 1087 sti,
1071 1024 1184 1087 Paulus,
1198 1038 1252 1078 non
1267 1037 1317 1079 mea
1329 1038 1461 1093 quaereres,
1474 1021 1520 1078 sed
1536 1038 1597 1092 qua
1609 1025 1670 1077 iesu
1683 1023 1795 1089 Christi,

148 1120 240 1175 dicens
259 1121 359 1189 quippe
375 1118 435 1173 illos
451 1133 531 1188 super
549 1117 702 1172 cathedram
724 1119 812 1185 stapsi
831 1117 948 1172 sedentes
1000 1133 1060 1172 curn
1082 1118 1275 1187 pluriosissima
1287 1117 1431 1172 tolerantia
1452 1119 1631 1172 concrematur.
1652 1117 1719 1173 Haec
1739 1116 1796 1186 put·

149 1213 236 1267 dicem
258 1217 284 1267 et
299 1228 352 1267 reon
375 1213 481 1279 srrmrer
503 1214 593 1266 morlai
615 1214 705 1266 tarum
721 1210 835 1281 populos
858 1211 949 1277 lacere
1000 1209 1134 1267 cherrima
1146 1212 1176 1267 S.
1190 1209 1369 1283 Augustinus.

149 1306 314 1376 quadimnt
329 1310 421 1360 elnon
435 1307 524 1373 lacem
545 1320 607 1375 pua
618 1306 745 1372 sumunt:
767 1320 799 1359 ne
814 1305 948 1360 cathedra
1036 1305 1063 1360 Si
1081 1319 1147 1376 ergo
1170 1303 1280 1360 unitatis
1293 1312 1322 1359 at
1344 1302 1500 1360 concordiae
1517 1302 1613 1375 gratia,
1633 1311 1664 1358 ut
1677 1301 1796 1359 schisma

150 1401 280 1454 sanctitas
293 1399 446 1463 deseratur,
467 1403 614 1469 etpropter
621 1403 740 1470 pastores
753 1398 847 1466 mulos,
860 1401 949 1468 prepis
999 1397 1109 1465 vitetur,
1127 1396 1207 1454 maim
1232 1411 1297 1453 oses
1316 1397 1425 1453 tolerari
1448 1396 1559 1462 debent,
1583 1403 1687 1468 quauta
1709 1396 1798 1469 magis

149 1495 239 1548 unitas
253 1492 402 1547 aiummur.
419 1491 575 1548 Praesertim
590 1506 655 1547 cum
671 1506 704 1546 ex
719 1500 761 1547 tot
774 1490 948 1563 pontificibus
1000 1507 1066 1549 cum
1081 1492 1117 1547 ob
1142 1490 1224 1547 tinem
1243 1490 1314 1547 terre
1331 1490 1468 1563 oportebit
1483 1490 1587 1547 matum
1604 1497 1752 1562 pastorem,
1771 1491 1795 1547 si

149 1584 328 1659 paucissimos
351 1584 455 1640 sectarii
477 1582 630 1657 designent,
657 1583 757 1655 quibus
781 1585 947 1641 nominatim
1000 1584 1111 1658 quaudo
1125 1584 1268 1658 obtingat?

147 1677 248 1735 wiern
263 1687 292 1735 et
308 1677 413 1750 tiagitis
423 1677 570 1750 obiectent,
579 1677 663 1749 idque
671 1693 727 1733 non
741 1692 774 1734 er
786 1678 867 1734 cerlis
877 1695 943 1750 pro·
1032 1681 1091 1736 Nec
1102 1679 1190 1735 uerbis
1205 1685 1232 1735 at
1248 1677 1325 1734 libris
1338 1679 1428 1735 solum
1445 1677 1665 1752 injuriosissimis
1684 1685 1712 1734 et
1732 1692 1796 1734 con·

148 1864 246 1921 veritas
267 1863 296 1921 in
317 1864 464 1937 postremis
480 1872 553 1931 cram
575 1863 661 1936 qualis
686 1872 779 1921 nostra
802 1873 882 1922 aemts
902 1880 943 1921 ss-
998 1865 1165 1930 dcsoeviunt,
1193 1865 1242 1922 sed
1268 1873 1297 1921 et
1324 1865 1480 1937 sumpturis,
1509 1865 1656 1934 cmlaturis,
1687 1864 1794 1932 statuis,

147 1958 224 2014 clarii
235 1958 271 2015 illi
288 1957 471 2031 potissimum,
482 1957 583 2028 quires
595 1964 684 2029 gestas
701 1958 861 2030 pontificum
885 1973 944 2016 sese
999 1959 1172 2032 imaginibus,
1189 1957 1305 2031 picturis
1322 1958 1497 2030 turpissimis,
1512 1966 1541 2014 et
1561 1973 1679 2030 utrarum
1692 1957 1795 2029 aliquas

147 2050 246 2107 litteris
258 2049 453 2107 commendare
464 2049 579 2122 proiessi
589 2058 668 2118 suut,
677 2051 749 2108 inter
757 2066 829 2124 quos
838 2052 944 2111 Baiaeus
998 2052 1092 2110 nulus
1106 2052 1239 2108 tonesms
1252 2052 1348 2108 oculus
1359 2051 1463 2123 absque
1475 2051 1576 2107 rubore
1593 2050 1685 2107 vultus
1697 2051 1796 2107 intueri

147 2144 300 2211 Istumst
313 2144 442 2216 Nigrinus
457 2144 617 2202 wasemes
630 2144 688 2202 suis
701 2144 869 2219 inoperibus
883 2146 943 2219 plu·
998 2154 1090 2218 queat.
1117 2144 1257 2203 Nimirum
1288 2144 1395 2202 sectarii
1420 2151 1584 2202 mutuantur
1605 2143 1640 2200 ab
1667 2143 1794 2211 ethnicis,

146 2252 192 2295 res
213 2235 437 2295 mendacissimas
457 2237 563 2295 fabulas
583 2238 618 2295 ds
639 2237 814 2309 pontificibus
838 2238 942 2295 contin·
997 2238 1134 2296 haersticis
1149 2245 1180 2295 st
1191 2235 1372 2295 schismaticis
1391 2253 1446 2294 nou
1460 2245 1569 2294 tantum
1582 2251 1722 2309 perversas
1736 2237 1796 2309 opi·

64 2352 70 2362 ·
147 2337 259 2400 xerunt,
287 2331 328 2386 vel
349 2345 365 2386 a
384 2331 425 2391 sui
450 2330 590 2388 similibus
609 2331 794 2389 ardalionibus
813 2330 942 2389 confictas
996 2333 1092 2389 aiones
1108 2340 1137 2388 et
1150 2330 1503 2403 perniciosadagmatased
1517 2331 1601 2387 etiam
1621 2330 1794 2399 criminandi,

145 2423 248 2487 martis
268 2423 456 2492 intexuerunt,
478 2433 507 2480 et
526 2423 560 2482 sd
582 2432 707 2496 posteros
730 2439 793 2481 suos
812 2425 942 2481 transmi·
995 2433 1103 2482 etatem
1124 2423 1235 2498 protana
1250 2439 1332 2497 quam
1345 2439 1422 2481 saera
1436 2422 1622 2482 subsannandi
1644 2423 1794 2492 libidinem,

145 2525 251 2586 serunt,
265 2533 349 2590 quam
363 2526 457 2586 noctu,
472 2533 535 2575 cum
546 2517 646 2576 sudum
660 2526 717 2588 est,
733 2518 819 2576 stetim
829 2518 857 2574 in
870 2518 942 2575 coelo
996 2523 1148 2591 prasertim
1169 2518 1256 2589 illam,
1275 2532 1337 2591 quim
1351 2516 1480 2576 Ecclesiae
1499 2517 1632 2590 prmsutes
1644 2527 1673 2575 st
1683 2517 1795 2575 ordines

147 2610 268 2679 lucenam
289 2611 386 2683 quibus
405 2611 577 2669 coutumeliis
593 2621 621 2669 et
637 2611 873 2669 criminationibus
890 2613 941 2668 im·
996 2612 1108 2685 picturis
1123 2619 1151 2668 st
1174 2611 1337 2684 imaginibus
1359 2610 1484 2679 incessiu
1512 2611 1604 2682 idque,
1632 2619 1664 2668 ut
1684 2610 1795 2668 demon-

147 2704 233 2776 putsae
255 2712 283 2760 et
296 2704 431 2787 ventilatae
450 2704 522 2762 tores
541 2705 624 2778 palem
638 2713 714 2762 extra
734 2721 829 2762 aream
843 2705 940 2763 Donu-
995 2716 1093 2775 suem,
1116 2721 1173 2761 non
1192 2712 1315 2778 repetam
1339 2712 1462 2761 veterem
1482 2704 1561 2761 iilum
1585 2721 1614 2761 m
1632 2703 1794 2763 frustrandis

147 2797 239 2855 nicam
264 2799 374 2856 evolant
400 2807 427 2855 et
449 2799 575 2867 avolsum
602 2815 657 2856 non
679 2799 743 2856 item
771 2800 802 2868 ii,
822 2815 941 2873 quorum
995 2800 1090 2859 bestiis
1104 2799 1302 2856 mercenarium
1315 2798 1515 2870 noxiumqui,
1537 2808 1568 2855 ut
1584 2806 1624 2855 cst
1642 2797 1715 2871 apud
1727 2800 1794 2855 Ter·

147 2891 323 2963 psdcssupru
331 2897 438 2964 petram
449 2893 542 2950 statuti
563 2901 591 2950 et
604 2892 706 2949 tirmati
720 2901 795 2961 sunt,
808 2909 870 2966 qum
887 2893 939 2951 cri·
993 2895 1140 2951 tullianum
1153 2892 1180 2949 iu
1194 2891 1372 2965 apologetico
1395 2894 1559 2948 :Picturam
1577 2895 1718 2962 proposuit
1735 2907 1794 2947 curn

147 2984 220 3043 mina
232 2986 411 3053 stscsisra,si
423 2986 507 3042 etiam
519 2991 615 3041 seruet
624 2990 768 3057 prasetrtia
779 2988 940 3056 videremus,
996 2987 1128 3057 eiusmodi
1145 2989 1319 3056 inscriptione
1342 3004 1351 3040 r
1373 2989 1443 3042 Deus
1457 2986 1672 3041 Christianorum
1691 3001 1795 3055 onmiu-

145 3079 234 3150 inquit
244 3080 272 3134 S.
289 3080 466 3150 Augustinus,
481 3078 560 3150 epist.
574 3084 636 3146 ibt,
650 3078 684 3134 ad
695 3079 838 3152 episcopos
848 3082 941 3136 Dona·
997 3081 1089 3136 obitos.
1109 3082 1137 3135 Is
1153 3084 1212 3136 erat
1223 3081 1338 3135 sumbus
1355 3080 1479 3142 asininus,
1499 3079 1583 3134 altero
1594 3078 1664 3148 pede
1682 3079 1797 3147 unpula·

144 3171 281 3236 tistarum,
304 3176 331 3225 et
356 3172 471 3225 zizaniis
489 3176 601 3241 propter
626 3172 767 3238 rnamenta
794 3178 940 3243 parcentes,
959 3178 1054 3243 ctus,
1066 3174 1164 3229 librum
1177 3179 1294 3245 portans,
1304 3179 1331 3229 et
1343 3175 1473 3242 mactus.-
1488 3169 1580 3227 dicere
1593 3170 1666 3226 enim
1680 3180 1794 3242 possent

142 3278 194 3334 pro
213 3265 324 3319 unitate
340 3264 522 3333 toleraremus,
536 3280 590 3321 non
602 3266 689 3320 solum
703 3266 778 3321 uuila
797 3267 938 3338 reprebcn·
994 3275 1150 3336 noralores‚
1160 3266 1266 3324 tactum
1279 3265 1332 3323 huc
1341 3264 1455 3323 pessime
1469 3263 1499 3321 in
1511 3262 1694 3336 ignominiam
1710 3262 1794 3334 ipsius

143 3358 227 3421 sione,
241 3357 288 3412 sed
301 3360 384 3412 etiam
398 3374 453 3413 non
468 3375 559 3430 parua
573 3359 652 3417 laude
663 3375 709 3415 nos
720 3360 816 3429 dipnos
829 3361 938 3426 diceret,
996 3359 1113 3429 Christi3
1126 3362 1215 3432 quasi,
1227 3374 1290 3432 quae
1303 3359 1370 3431 ipsi,
1386 3357 1445 3431 pari
1460 3357 1660 3431 propemodum
1673 3356 1794 3414 luditica-

145 3453 296 3522 puicunpue
313 3452 467 3523 Scripturas
486 3457 592 3509 sanctas
608 3469 662 3509 non
680 3454 758 3510 corde
772 3455 871 3510 surdus
890 3472 939 3511 au-
994 3455 1068 3512 tione
1087 3454 1283 3511 commiserunt
1303 3454 1332 3508 iu
1356 3452 1486 3510 vicarium
1507 3460 1537 3509 at
1561 3466 1656 3509 seruos
1675 3450 1788 3518 Christi,

144 3545 224 3600 diret.
243 3546 352 3601 Tolerat
370 3546 464 3601 Aaron
478 3545 682 3602 multitudinem
704 3538 806 3603 idolum
827 3552 939 3618 eaipen-
993 3564 1049 3605 non
1066 3547 1224 3606 redundent
1238 3548 1265 3602 iu
1278 3554 1469 3620 contemptum
1486 3545 1595 3605 Christi.
1611 3544 1664 3602 Sed
1678 3553 1792 3617 praeter·

145 3642 206 3699 tem,
226 3641 251 3691 et
270 3637 458 3704 tabrmautem,
486 3643 512 3694 et
525 3639 692 3695 adorantem.
710 3641 814 3695 Tolerat
837 3644 938 3711 Mopsus
993 3642 1049 3711 ibo,
1073 3650 1104 3699 ut
1123 3640 1259 3709 dicebam,
1279 3640 1442 3697 mercenarii
1467 3638 1549 3713 hujus
1573 3637 1738 3712 nequitiam,
1763 3645 1794 3694 ut

145 3728 276 3783 aduersus
288 3732 372 3784 Deum
386 3733 425 3785 tot
434 3731 524 3785 millia
541 3734 753 3801 murmurantia,
770 3739 796 3789 et
809 3736 885 3790 toties
899 3738 939 3804 ot-
993 3752 1026 3793 ex
1046 3737 1140 3792 ilicem
1158 3735 1240 3790 vitam
1259 3733 1357 3805 ignatii
1372 3732 1535 3806 patriarcha
1547 3732 1792 3805 Constantinopoli-

142 3821 282 3889 tendentia
299 3826 420 3877 sanetum
433 3838 528 3879 ruomen
545 3826 613 3894 ejus.
639 3826 744 3882 rotem
763 3828 855 3885 Dauid
866 3830 938 3885 Sau-
992 3829 1048 3886 tani
1073 3828 1264 3886 conscribente
1288 3827 1403 3900 planum
1427 3827 1535 3895 inciam,
1552 3827 1621 3882 istos
1637 3825 1793 3883 verissimos

145 3916 195 3970 letn
205 3919 399 3985 persecutorem
419 3933 509 3987 suum,
529 3919 663 3974 animatis
684 3920 802 3975 moribus
823 3923 939 3977 calestia
993 3929 1021 3980 et
1038 3922 1118 3995 pinne
1136 3936 1283 3995 germanos
1306 3920 1457 3977 imitatores
1476 3935 1535 3976 esse
1556 3919 1647 3977 Photii
1670 3928 1698 3974 et
1719 3918 1791 3975 Pho-

143 4007 315 4078 desercntem,
329 4011 679 4081 mapicisurtibusinterna
692 4018 854 4083 querentem
867 4018 938 4071 occi-
993 4017 1133 4074 tianorum
1155 4014 1401 4083 schismaticorum,
1416 4013 1444 4070 iu
1463 4013 1559 4089 primis
1576 4012 1701 4085 Gregorii
1716 4015 1792 4086 Syra·

143 4115 203 4156 sum
215 4103 345 4158 uindicat.
361 4102 498 4160 alneum
511 4106 594 4160 etiam
607 4108 716 4162 Domini
723 4111 939 4177 proptersocra·
992 4109 1103 4178 cusani,
1121 4109 1182 4181 qui,
1198 4116 1230 4164 ut
1247 4115 1376 4165 sanctum
1396 4107 1550 4180 ignatium,
1567 4113 1703 4163 serumst
1722 4104 1790 4177 iegi-

143 4198 260 4249 mentum
279 4196 440 4252 ueneranda
457 4199 594 4254 unctionis
616 4200 745 4270 appellat.
772 4202 877 4257 romeu
890 4205 938 4260 Sa·
993 4203 1094 4261 timum
1110 4201 1305 4275 patriarcham,
1328 4199 1461 4256 omnibus
1483 4216 1598 4257 exosum
1620 4198 1792 4271 invisumque

142 4289 214 4343 muci
239 4289 372 4355 nefandos
389 4291 460 4360 filios
483 4292 546 4348 Heli
559 4307 750 4365 perversosque
773 4295 843 4365 tilios
867 4313 937 4361 suos,
994 4295 1140 4353 redderent
1150 4304 1178 4352 et
1195 4294 1230 4352 de
1245 4294 1310 4351 ssde
1323 4291 1513 4362 deturbarent,
1529 4293 1649 4350 infinitas
1661 4290 1792 4349 adversus

144 4397 209 4450 quos
220 4384 347 4454 populea,
363 4387 428 4456 puio
438 4386 553 4441 tolerare
566 4387 665 4451 noluit,
675 4388 769 4445 dimna
778 4393 940 4448 audacitate
993 4389 1070 4446 illum
1079 4387 1285 4445 criminationes
1292 4387 1448 4444 commenti
1458 4387 1701 4460 suut,composito
1710 4385 1793 4442 etiam

141 4480 296 4545 ammaim,
325 4477 420 4533 dioirm
440 4482 580 4535 seumitate
603 4485 739 4552 correptus
762 4487 811 4538 est.
838 4485 941 4541 Tolerat
994 4481 1075 4553 libro,
1101 4495 1157 4538 non
1183 4480 1244 4538 sine
1271 4481 1476 4538 contumeliosis
1503 4480 1683 4554 imaginibus,
1710 4495 1792 4552 opera

143 4567 257 4638 deumne
267 4571 357 4640 ipsum
360 4573 492 4642 populum
502 4574 655 4661 superbum,
665 4579 867 4646 contemptorem
880 4579 938 4634 Dei.
954 4561 980 4625 D
995 4575 1120 4647 Gregorii
1139 4574 1300 4647 Syracusani
1316 4574 1429 4647 pictoris
1441 4581 1470 4631 ct
1490 4573 1593 4631 lictoris
1607 4572 1709 4647 egregii
1723 4587 1792 4629 cun-

145 4662 251 4717 Tolerat
264 4664 362 4731 isaias,
380 4666 409 4718 in
426 4680 491 4735 qnos
509 4669 564 4722 tam
577 4667 664 4722 muita
678 4683 742 4723 uma
760 4672 873 4725 crimina
890 4670 938 4741 ju·
994 4670 1129 4736 dunatus,
1150 4669 1184 4725 de
1202 4669 1301 4741 quibus
1313 4667 1381 4739 hmo,
1398 4682 1460 4741 quae
1477 4674 1640 4739 sequamur,
1659 4666 1719 4739 jam
1733 4665 1791 4739 jam

142 4756 257 4811 tutatur.
273 4757 379 4812 Tolerat
390 4761 528 4827 suanias,
543 4776 561 4814 a
575 4762 673 4831 quibus
688 4767 764 4817 tanta
776 4767 937 4836 perpetitur.
994 4763 1153 4819 nominatus
1166 4761 1293 4819 Nicetes:

144 4849 248 4908 Tolera
272 4850 418 4905 lactarios
436 4852 585 4908 Pisarissos
611 4860 636 4909 et
657 4856 764 4912 Scribas
781 4858 874 4926 quales
892 4859 938 4914 iilo
1033 4859 1067 4913 Ut
1086 4872 1148 4913 uero
1166 4858 1252 4912 omnis
1269 4857 1410 4926 iniquitas,
1427 4869 1488 4924 pua
1504 4859 1597 4910 caretro
1613 4859 1734 4911 salictum
1755 4854 1790 4908 il·

142 4945 262 5012 tempore
282 4943 370 5010 fuisse
391 4944 531 5014 sciptura
551 4950 676 5002 testatur.
692 4950 761 5012 Scio,
784 4965 826 5004 me
842 4951 939 5006 militas
992 4953 1049 5007 lum
1067 4954 1210 5022 ignatium
1222 4951 1317 5018 inurat
1331 4952 1501 5020 perpetratu,
1515 4950 1687 5018 manifestior
1701 4952 1790 5018 neret,

140 5037 368 5104 pratennisisse:
394 5036 495 5107 lapaut,
508 5039 675 5109 puiuolunt‚·
689 5042 789 5110 lopant,
809 5046 858 5112 qni
874 5059 937 5115 pos-
991 5049 1071 5114 Deus,
1089 5068 1102 5093 a
1132 5046 1181 5116 qui
1199 5041 1396 5114 comprebmdit
1420 5044 1553 5113 sapientes
1571 5044 1602 5097 in
1620 5040 1723 5095 mutia
1750 5055 1792 5095 eo·

29 5120 32 5127 ’
140 5132 205 5184 snut
226 5129 331 5200 etoquia
351 5131 638 5198 calestiauirmenient
659 5148 748 5190 omnes
768 5140 872 5190 sanctos
891 5140 939 5193 Dei
991 5155 1067 5209 rum,
1082 5143 1108 5195 et
1124 5139 1236 5193 matitia
1246 5123 1397 5207 prasonem
1409 5135 1525 5207 dissipat
1540 5133 1635 5206 (tabu,
1654 5132 1738 5202 lile
1761 5136 1792 5190 in

142 5235 239 5297 seruos,
249 5226 275 5279 et
291 5225 389 5279 amicos
400 5238 502 5293 semper
516 5224 650 5289 measse,
663 5243 728 5297 quos
742 5230 771 5282 in
781 5244 829 5285 suo
836 5232 937 5301 populo
990 5233 1087 5291 Basilii
1098 5233 1269 5302 imperatoris
1280 5229 1401 5284 mutum
1418 5229 1556 5286 conuitium
1569 5227 1679 5297 mouit,
1690 5230 1720 5280 ut
1730 5230 1793 5281 mit-

142 5314 295 5379 talerarent,
310 5331 369 5371 oum
382 5317 479 5385 quibus
494 5323 593 5382 tamen,
614 5318 689 5375 itlius
700 5325 826 5392 temporis
842 5339 937 5379 sacra-
993 5330 1034 5383 tat
1056 5325 1093 5380 ad
1104 5325 1240 5386 Plotium,
1258 5325 1507 5394 etomuiascripta,
1525 5320 1792 5394 puaapatm‘arcluo

141 5412 634 5479 mentucommunicantes,nonsolurn
646 5429 698 5469 non
710 5417 934 5487 inquinabantur,
990 5419 1128 5476 manaem
1149 5420 1294 5488 acceperat,
1320 5416 1421 5488 ubsque
1440 5415 1499 5470 ulla
1518 5415 1643 5484 *imm
1657 5428 1745 5478 imm»
1761 5417 1792 5468 Ἦ

87 5547 91 5551 .
140 5502 188 5557 sed
199 5505 291 5571 ,etiam
311 5503 488 5560 laudabiliter
506 5507 683 5577 sustinebant,
703 5509 846 5579 studentes,
868 5514 937 5568 sicut
990 5514 1119 5575 mitteret,
1128 5513 1155 5566 ei
1159 5512 1329 5581 praeciperet.
1339 5509 1389 5566 ilie
1403 5523 1463 5564 uero
1471 5505 1654 5576 iureiurando
1663 5508 1788 5578 afirma-

141 5598 181 5651 ait
192 5595 346 5667 Apostolus,
363 5612 500 5655 usmuarc
513 5601 646 5656 unitatem
660 5606 773 5673 spiritus
787 5606 817 5659 in
830 5605 936 5661 simulo
991 5606 1046 5667 bat,
1070 5606 1128 5660 lecet
1136 5605 1223 5681 fabo,
1243 5603 1314 5659 nibil
1335 5603 1388 5659 tals
1407 5616 1434 5658 se
1452 5600 1515 5655 inde
1531 5602 1660 5672 accepisse
1675 5603 1790 5671 propiet

139 5693 215 5760 pacis
239 5691 421 5762 (Epicure).
443 5694 628 5750 »attendant
653 5699 733 5751 etiam
742 5702 812 5768 post
827 5699 936 5754 Domini
989 5699 1194 5766 festinationem
1219 5695 1369 5754 recedendi.
1392 5698 1462 5751 Dum
1485 5710 1547 5750 uero
1576 5695 1632 5749 bac
1656 5692 1790 5761 anotio

141 5783 294 5853 artnentum,
309 5785 357 5840 ubi
370 5787 453 5842 oculto
466 5789 548 5858 plura
565 5790 646 5856 lenires
664 5791 816 5845 tolerantia
826 5807 875 5861 per
894 5796 933 5846 to·
985 5795 1131 5863 praeposito
1154 5792 1272 5849 satana
1293 5790 1459 5853 dicerentur,
1485 5790 1571 5863 ipsius
1586 5788 1679 5846 Pisatis?
1687 5784 1790 5858 famuli
