3870 6164
134 252 185 313 m
704 245 802 308 bresit
818 248 970 310 tentius.-
989 283 1025 295 -
1044 255 1148 310 EPlS'l.
1169 248 1214 310 ill.
1731 258 1783 319 led
1867 262 1871 269 '

169 379 289 435 [ituras
302 392 371 450 quas
383 379 477 451 Poppo
501 374 665 447 praepositus
688 375 821 433 Ecclesiae
836 384 932 434 vestrer
946 385 973 448 Α
985 380 1173 448 [dermannus
1184 376 1428 452 Bambergensium
1447 384 1534 449 nune]
1552 396 1609 459 nen
1623 382 1785 455 episcopus,

132 488 198 531 curu
209 471 256 529 bis
278 470 326 544 qui
340 485 435 529 seutm
461 476 541 526 erant
556 468 675 541 decepti,
698 468 826 526 simulata
842 469 934 543 poeui·
988 470 1481 543 hecanreltemampoenitenspeqe,
1493 477 1720 545 peteneEtee'cio
1727 480 1787 533 Mu·

132 566 220 625 unua
235 562 361 637 falsaque
372 562 677 637 religioueilcrimanui
687 563 756 619 elim
772 562 836 619 dieti
851 562 934 620 vestri
988 567 1051 634 tiu]
1064 580 1093 620 se
1108 563 1243 632 babuerit,
1258 564 1300 621 vel
1322 565 1440 638 qualiter
1457 581 1487 622 se
1506 566 1611 638 judicie
1630 568 1787 641 apostolice

133 658 266 733 episcopi,
277 658 388 717 incaute
403 674 420 714 a
438 656 519 713 nobis
532 655 619 713 nimia
638 656 690 713 sub
703 655 881 714 festinatione
894 672 935 712 re
989 657 1062 715 sedis
1085 657 1266 727 subtraxerit,
1286 672 1373 729 quave
1395 657 1493 715 iraude
1516 660 1629 718 elericos
1649 660 1787 733 praedicte

132 753 274 821 cedentes,
285 750 322 809 ad
346 767 395 808 vos
412 747 519 809 delerre
536 749 715 823 neglexerunt
735 758 832 807 nostre
847 750 935 823 sigillo
989 750 1117 810 Ecclesiae
1131 750 1182 807 sub
1196 749 1310 807 obtentu
1325 750 1490 822 poeuitentiae
1505 751 1656 825 deceperit,
1671 763 1699 811 et
1714 770 1787 827 que·

133 845 290 921 insignitas,
302 844 406 902 idcirce
417 844 495 900 vebis
505 842 540 900 ad
550 858 670 916 praeseus
683 842 804 916 dirigere
818 844 935 915 dignum
990 843 1075 900 medo
1084 836 1264 916 reeejmdem
1277 843 1329 900 sibi
1341 852 1437 901 contra
1453 849 1543 902 licum
1553 848 1709 905 commissae
1731 846 1788 905 Ee·

133 938 265 1019 &sunus
278 946 311 995 ut
324 938 354 994 iu
366 938 407 995 eis
429 935 575 993 manifeste
587 936 759 1011 cognoscatis
769 950 832 1008 quar
852 934 937 992 luerit
991 937 1082 994 clcsiae
1093 932 1172 1009 pejus
1191 952 1274 1010 quam
1289 936 1364 1009 prius
1381 937 1565 1008 destruxerit,
1584 948 1612 996 et
1624 939 1653 996 iu
1671 940 1788 999 elericos

135 1032 171 1091 de
195 1033 260 1107 jam
290 1031 365 1089 dieto
399 1030 632 1103 pseudoepiscopo
669 1040 763 1087 nostra
797 1031 936 1098 voluntas,
991 1030 1132 1103 quondam
1152 1030 1202 1088 sibi
1215 1030 1379 1087 commissos
1392 1030 1464 1087 sicut
1475 1040 1607 1105 tyrannus
1626 1033 1786 1104 surrexerit,

135 1141 278 1201 quaumue
305 1125 473 1181 senteutiam
498 1123 687 1199 damnationis
702 1123 804 1197 judicie
833 1130 937 1179 sancire
992 1133 1095 1191 vestra,
1118 1131 1149 1179 ut
1161 1138 1233 1192 reor,
1248 1124 1392 1196 cognoscit
1405 1123 1565 1182 fraternitas
1577 1134 1605 1182 et
1626 1135 1700 1183 certe
1714 1127 1789 1185 dolet

136 1219 296 1293 spotmecae
323 1217 396 1277 sedis
421 1217 451 1275 iu
473 1233 538 1275 euru
570 1216 808 1289 promulgavimus
825 1214 937 1272 indubi·
992 1217 1114 1273 tristitia.
1131 1217 1272 1289 Quocirca·
1288 1231 1340 1274 nos
1354 1216 1469 1274 ulterius
1483 1225 1577 1275 tantm
1593 1234 1649 1275 non
1667 1221 1789 1278 veientes

137 1312 385 1371 taeter-eredentes
410 1310 543 1383 quoniam
567 1311 672 1367 nullius
693 1310 866 1381 supplicatio,
890 1314 939 1364 aut
993 1310 1107 1382 impune
1121 1309 1349 1383 lerrenequitias,
1361 1311 1504 1368 etuevitcr
1519 1311 1645 1368 inventas
1659 1313 1787 1385 saemtias,

137 1405 315 1465 fraudulenta
328 1404 468 1478 suggestio
480 1403 515 1460 ab
528 1403 625 1461 eadem
636 1403 790 1470 voluntate,
804 1403 861 1458 sive
877 1416 938 1458 sen·
992 1405 1115 1461 martimo
1142 1405 1215 1461 circa
1239 1420 1312 1471 eam,
1336 1419 1399 1476 quae
1426 1404 1508 1461 beato
1534 1408 1614 1462 Petro
1638 1407 1791 1478 specialiter

138 1500 236 1566 tentia,
260 1515 296 1557 ex
308 1515 342 1555 ce
362 1513 456 1571 queso
466 1496 572 1570 judicio
587 1496 856 1570 sanctaeapostelicar
868 1494 940 1552 sedis
993 1498 1143 1554 commissa
1164 1504 1206 1553 est
1225 1496 1362 1563 Ecclesia,
1373 1496 1478 1569 judicic
1491 1498 1579 1553 sancti
1603 1498 1722 1570 Spiritus
1742 1515 1791 1571 per

139 1594 287 1662 subtraxit,
294 1593 421 1649 animum
432 1599 560 1649 nestrum
570 1592 808 1663 petuitretoeare,
818 1590 860 1647 vel
869 1605 939 1644 uun·
994 1590 1120 1664 eJusdem
1136 1591 1327 1647 auctoritatem
1341 1589 1413 1646 beati
1426 1591 1500 1646 Petri
1515 1592 1704 1662 apostolerum
1715 1593 1791 1664 prin·

139 1702 223 1760 quam
239 1690 300 1743 lico
314 1693 427 1743 auctore
443 1692 552 1741 urutare
566 1684 676 1741 valebit.
692 1685 796 1741 Verum
810 1682 875 1754 quia
888 1679 940 1738 sub
995 1685 1063 1755 cipis
1086 1683 1250 1756 praedictum
1271 1684 1473 1740 Herimaunum
1485 1684 1521 1740 ab
1535 1682 1625 1741 effide
1645 1686 1792 1758 episcopali

141 1779 255 1837 obtentu
272 1778 415 1852 religionis
434 1793 467 1835 ae
490 1777 614 1834 mentite
629 1777 798 1848 poeniteutiae
813 1782 939 1833 sanctam
958 1748 981 1811 B
997 1785 1081 1850 atque
1094 1777 1240 1835 sacerdotii
1252 1777 1438 1849 deposuimus,
1455 1786 1483 1834 et
1496 1777 1524 1833 in
1537 1785 1669 1850 perpetuo
1687 1778 1793 1852 deposi-

141 1874 374 1945 llembergeusem
388 1870 550 1935 Ecclesiam,
571 1869 720 1941 specialem
733 1864 942 1941 quedammodo
994 1877 1057 1927 tum
1070 1886 1226 1928 censemus.
1235 1872 1271 1925 Et
1283 1871 1346 1943 quia
1357 1870 1454 1927 haercsi
1465 1871 1559 1944 junxit
1572 1870 1755 1944 sacrilegium,
1764 1881 1793 1930 et

140 1974 242 2025 tauctae
266 1968 404 2022 Romanae
415 1962 544 2021 Ecclesiae
558 1961 656 2029 filiam,
671 1961 814 2036 tyrannide
826 1967 943 2017 conatm
995 1964 1140 2037 sacrilegio
1154 1972 1277 2036 apertam
1295 1963 1482 2036 tyrannidem,
1498 1964 1797 2024 excommunicationis

140 2057 373 2127 estcouluudcre,
387 2058 514 2130 bonaque
531 2056 604 2113 illius
624 2055 774 2127 dilapidare
788 2062 870 2126 atque
885 2052 942 2109 dis·
996 2057 1105 2114 viuculo
1127 2073 1191 2114 eum
1215 2057 1396 2130 alligavimus,
1418 2072 1562 2129 quousque
1584 2073 1613 2114 se
1636 2059 1795 2130 apostolicae

141 2153 264 2227 perdere,
287 2152 411 2224 priorem
431 2148 599 2207 sententiam
617 2148 823 2216 confirmante&
842 2144 878 2202 dd
893 2161 941 2201 01¹·
996 2150 1054 2211 sedi
1069 2158 1256 2223 repraesentet,
1272 2166 1354 2223 quam
1367 2159 1603 2207 cenatusestuon
1615 2152 1706 2209 solum
1719 2151 1792 2210 deci·

141 2246 250 2304 mulum
262 2244 449 2303 domuitionis
458 2242 517 2316 ejtts
528 2242 583 2299 hec
602 2240 742 2310 addimus,
756 2249 788 2296 ut
805 2240 943 2310 irrecupe·
998 2259 1073 2315 pere,
1085 2242 1133 2299 sed
1144 2243 1228 2300 etiam
1237 2242 1302 2300 dole
1313 2244 1386 2300 rnale
1397 2242 1522 2300 irridere.
1535 2242 1561 2300 Si
1576 2251 1669 2302 autem
1682 2244 1718 2302 ad
1728 2245 1793 2302 ulti·

141 2340 264 2398 rabiliter
279 2339 316 2396 ab
326 2336 478 2413 episcopali
492 2335 587 2395 offitio
601 2343 736 2401 semotum
751 2349 766 2390 a
780 2331 944 2391 sacerdotali
998 2352 1076 2394 mum
1084 2336 1136 2392 sibi
1143 2336 1219 2394 diem
1226 2337 1387 2409 pervenerit,
1397 2352 1452 2393 non
1460 2337 1483 2393 ei
1490 2338 1794 2409 puniteneametcom·

142 2450 250 2509 quoque
267 2433 305 2489 sit
316 2432 432 2490 omuino
446 2430 569 2487 seclusus
583 2444 725 2501 quousque
737 2426 895 2499 apostoticae
916 2438 945 2481 se
999 2430 1160 2486 munionem
1169 2429 1348 2503 denegamus,
1359 2429 1407 2486 sed
1415 2445 1493 2498 mox,
1501 2438 1532 2486 ut
1542 2432 1650 2502 peterit,
1662 2431 1794 2504 apostoli·
1900 2434 1906 2445 “

142 2526 290 2586 audientia
314 2532 510 2599 representet,
527 2530 639 2598 paratus
653 2538 717 2579 eam
731 2521 890 2578 cautionem
904 2518 945 2577 le·
999 2538 1062 2579 cam
1084 2522 1159 2580 adire
1174 2522 1279 2590 sedem,
1296 2522 1414 2581 omnino
1429 2523 1468 2578 illi
1482 2524 1668 2596 precipimus.
1682 2527 1750 2583 lieee
1763 2534 1795 2583 ut

144 2637 202 2680 cere
214 2636 302 2695 quam
316 2627 415 2677 vestus
429 2617 556 2674 Fcclesiae
574 2615 788 2688 cognoverimus
805 2612 943 2685 expedire.
1000 2615 1109 2686 publice
1123 2613 1245 2670 maxime
1259 2613 1393 2671 iratribus
1406 2615 1458 2670 tibi
1482 2616 1614 2688 subjectis
1627 2619 1797 2692 coepiscopis

146 2714 187 2772 Ab
204 2711 355 2788 episcopali
371 2727 435 2768 vere
469 2709 563 2767 cilicio
583 2725 649 2765 euin
676 2708 738 2765 ideo
756 2721 946 2779 segregamus,
1000 2707 1126 2764 neubees
1147 2708 1288 2775 velumus,
1301 2715 1329 2763 et
1342 2722 1375 2763 er
1388 2717 1464 2779 parte
1480 2707 1553 2764 beati
1576 2710 1649 2765 Petri
1666 2712 1797 2783 proecipi-

146 2808 204 2881 quia
217 2806 380 2866 simoniace
402 2804 502 2861 invasit
515 2803 676 2860 Ecclesiam.
695 2799 861 2858 sacerdotali
880 2813 947 2871 que·
1002 2816 1076 2868 mus,
1085 2809 1116 2857 ut
1126 2798 1279 2857 secundum
1286 2809 1449 2857 sauctorum
1462 2801 1589 2858 instituta
1598 2805 1712 2861 Parrum
1722 2820 1799 2861 sum-

146 2916 195 2975 que
213 2917 282 2958 eum
306 2898 415 2957 idicirco
443 2898 599 2970 privamus,
622 2894 751 2969 quoniam
778 2893 830 2950 sub
854 2891 947 2964 speeie
1003 2909 1117 2965 rnopere
1139 2909 1270 2965 procures
1285 2894 1314 2949 iu
1332 2893 1464 2965 praedicta
1486 2895 1685 2968 Bambergeusi
1706 2896 1799 2954 Eccle-

147 2994 297 3053 tauctitatis
310 2992 386 3051 visus
399 2999 441 3049 est
452 3007 513 3049 cam
517 2989 653 3075 dilaniare
667 2997 748 3061 atque
765 2985 945 3044 confundere.
1003 2988 1043 3045 sia
1065 2997 1207 3060 pastorem
1220 2987 1364 3057 ordinare;
1386 2995 1524 3061 quatenus
1533 2987 1607 3061 qued
1620 2988 1650 3044 in
1664 2989 1799 3061 predicto

148 3088 256 3161 thuie
271 3094 347 3143 tauta
362 3082 711 3142 malacentraEcclesiam
731 3077 947 3153 quoquomodo
1001 3082 1158 3140 simoniace
1179 3081 1349 3154 negligenter
1374 3081 1469 3154 egisti,
1490 3083 1681 3154 comproberis
1707 3099 1800 3141 emen·
1837 3146 1843 3151 ,

149 3180 210 3239 elim
219 3179 276 3237 sibi
286 3178 469 3237 commissam
479 3191 607 3235 exercere
629 3191 685 3232 nou
697 3173 808 3243 timuit,
831 3172 945 3231 anathe·
963 3134 1078 3233 Cclare.

150 3275 229 3331 maus
255 3288 322 3331 curn
343 3272 453 3329 viuculo
476 3269 659 3336 innodamus,
684 3283 829 3341 quousque
852 3283 948 3339 supra·
1037 3273 1110 3326 Data
1124 3268 1269 3339 Laurenti,
1280 3268 1389 3327 damme
1407 3268 1489 3327 tertio
1511 3271 1654 3331 Kalendas
1669 3270 1797 3347 Augusti,

151 3366 217 3425 dete
240 3366 329 3424 mede
354 3381 384 3423 ee
406 3364 564 3437 apostolicae
583 3361 733 3419 audientiae
752 3369 947 3432 representet,
1001 3362 1153 3420 indictione
1166 3362 1273 3420 dealma
1286 3364 1377 3421 tertia.

151 3460 197 3518 uiti
213 3460 291 3519 lerte
310 3459 342 3515 iu
354 3458 485 3515 extremis
501 3456 601 3513 ductus
614 3455 728 3529 dignam
751 3453 948 3527 poenitientiam
1135 3462 1137 3466 ⁴
1275 3456 1451 3534 EijTOLA
1466 3478 1518 3534 HL

152 3554 275 3628 κειρίαις
289 3568 325 3611 eo
340 3560 437 3610 umen
450 3559 562 3619 tenere,
583 3558 615 3606 ut
632 3549 655 3605 si
670 3547 849 3615 convaluerit,
864 3546 949 3603 simili

153 3646 240 3718 m,
257 3654 293 3705 m
305 3645 412 3703 dmm
424 3652 481 3715 m,
497 3659 527 3701 w
540 3642 698 3716 apostoli&
720 3640 779 3698 sedi
798 3655 950 3712 mmm.
1109 3602 1151 3643 un
1170 3600 1329 3645 sanaretur
1354 3602 1460 3645 uses!
1486 3602 1692 3650 rouanouurt.

154 3746 205 3800 ltrt
226 3739 350 3799 faune.
375 3739 481 3797 Eodem
501 3752 612 3810 queque
630 3734 805 3793 anatliemate
828 3733 948 3806 percuti·
1128 3803 1134 3813 ἢ
1298 3693 1394 3758 (ΑΜ
1415 3694 1508 3813 ¹9⁷³)
1672 3805 1678 3817 ,

157 3848 211 3891 uos
226 3849 278 3893 eos
294 3832 341 3905 qui
359 3832 488 3903 abluitie
508 3829 692 3903 promotionis
713 3826 837 3901 ejusdem
857 3827 948 3899 alique
1003 3803 1044 3855 ⁰⁶
1068 3801 1230 3855 Hmmffl'm
1252 3800 1444 3873 Bamblrlffl
1461 3801 1553 3857 mem
1574 3818 1634 3873 ΨΒ
1665 3819 1697 3859 ²²¹
1723 3820 1801 3876 δίφθ-

157 3928 248 3999 ifflflit
261 3912 394 3985 Ecclesiae
408 3927 444 3983 ab
465 3941 498 3983 eo
517 3931 691 3997 aeceperunt,
708 3931 739 3978 ut
752 3922 804 3978 sibi
823 3919 950 3978 laterent
1039 3874 1542 4012 Jgggnssssess‘oeg‘ffrfx'ffawffl
1562 3876 1710 3931 &limam
1723 3880 1799 3935 Bane

158 4021 255 4098 ’ΜΕ
263 4019 605 4085 m³¹³ti³m⁰⁰¹¹¹⁰⁶⁰d³mt
621 4017 796 4090 pfaemfflme
819 4015 950 4088 ¹¹¹⁰⁵q¹¹¹’
1039 4052 1217 4108 Garconrus
1235 4050 1390 4123 episcopus,
1411 4067 1555 4111 serverum
1574 4052 1638 4123 Dei,
1658 4054 1799 4114 Hrnutce

160 4114 515 4193 Wfflffllmwfiffl
537 4110 728 4184 ⁸⁸di⁵j¹¹di⁰i⁰
744 4109 891 4177 subtffl‘it’
916 4109 950 4164 ab
1004 4144 1074 4215 regi,
1100 4143 1216 4202 salutem
1239 4152 1268 4201 et
1294 4142 1473 4217 apostolicam
1495 4143 1727 4205 benedictionem.

160 4221 187 4266 tt
202 4207 313 4285 aliquid
323 4208 351 4264 ΙΙ]
363 4207 475 4281 praediis
489 4207 530 4263 ⁴¹⁰¹
543 4206 573 4262 1¹¹
584 4203 719 4261 themis
728 4202 858 4259 E⁰⁰¹⁸⁵iae
877 4217 951 4259 ‘¹⁰⁰⁸’
1040 4240 1114 4293 luter
1136 4246 1236 4295 caetera
1258 4238 1397 4295 bonarum
1416 4237 1550 4295 virtutum
1570 4255 1661 4312 opera,
1683 4241 1722 4298 lili
1736 4242 1801 4299 clia·

162 4311 248 4371 ΜΝ
261 4300 298 4359 “¹
321 4299 526 4406 wfffffquum
542 4314 618 4404 ω’
632 4305 664 4403 ’,Π
683 4296 715 4401 Ψ
736 4313 786 4352 ⁵¹¹³
800 4295 950 4400 pertiffffla
1004 4330 1124 4401 rissime,
1146 4330 1181 4388 ad
1199 4346 1262 4404 quer
1283 4339 1311 4387 te
1326 4331 1529 4388 meliorationis
1546 4331 1640 4389 sudio
1657 4349 1801 4407 assurgere

163 4403 321 4465 putenm,
346 4409 400 4452 nter
423 4398 600 4466 resipuerint,
620 4390 748 4447 videlicet
764 4397 795 4446 ut
812 4388 950 4462 condigna

162 4488 338 4547 ubhctione
353 4485 430 4561 qued
451 4484 584 4559 praedicte
611 4483 753 4557 sacrilegio
767 4489 949 4555 peccaverunt

162 4582 308 4653 tutuderit,
333 4581 470 4653 nobisque
487 4593 569 4637 suam
590 4578 784 4652 poenitentiam
810 4577 949 4650 resignare

165 4670 292 4734 {cenent

1002 4423 1077 4480 lama
1092 4423 1229 4480 referente
1243 4423 1410 4492 audirimus,
1422 4423 1531 4481 duobus
1548 4432 1576 4480 te
1588 4423 1681 4482 modis
1697 4434 1800 4484 sanctes

964 4518 1088 4605 „matri
1110 4527 1176 4587 tuae,
1200 4521 1337 4574 Romanas
1351 4517 1480 4574 Ecclesiae
1501 4516 1613 4587 scilicet,
1630 4518 1801 4577 eminentius

1003 4611 1213 4669 commendasti.
1238 4612 1272 4666 lu
1295 4610 1381 4668 altere
1400 4609 1524 4682 quidem,
1552 4610 1616 4683 quia
1634 4611 1798 4671 Simeniucis

407 4767 413 4778 ⁴
503 4764 509 4778 ,
630 4766 635 4777 ,
931 4760 936 4774 ,
1002 4705 1118 4761 viriliter
1140 4704 1260 4770 resistis;
1292 4703 1322 4758 in
1346 4704 1433 4760 altero
1456 4719 1520 4760 vcro
1546 4704 1612 4776 quia
1637 4705 1801 4765 clericorum

167 4863 171 4869 ,
191 4769 255 4827 ⁰²²³
278 4771 427 4872 ΜΨ*
449 4764 807 4871 ᾱθῖῑωοωωοωωᾱω
822 4766 949 4837 Aussum‘
1004 4799 1169 4869 castitatem,
1182 4804 1276 4869 utpote
1290 4811 1434 4852 serverum
1451 4796 1575 4863 Domini,
1590 4804 1618 4854 et
1626 4797 1743 4856 libenter
1755 4815 1802 4873 ap·

96 4910 100 4947 .·
166 4859 303 4921 mmm
315 4860 426 4919 mma
439 4867 530 4917 ΨΜ·
640 4930 644 4943 .
1006 4893 1105 4964 probes
1117 4900 1144 4947 et
1158 4888 1307 4946 efficaciter
1321 4888 1465 4946 desideras
1476 4889 1634 4962 adimplere.
1647 4892 1753 4963 Quibus
1767 4893 1802 4951 de

438 4963 613 5021 EP¹⁸T⁰¹¹A
632 4964 667 5019 Π·
1006 4986 1096 5043 causis
1122 4983 1229 5058 signum
1256 4985 1337 5041 nobis
1360 4984 1536 5058 proposuisti,
1559 4984 1711 5057 opitulante
1729 4990 1799 5056 Deo,

168 5078 201 5124 te
227 5079 426 5129 crassescere
445 5073 953 5137 uocusrmuuaucnrarrscorust·
1006 5080 1104 5138 altiora
1118 5080 1152 5135 de
1165 5086 1192 5134 te
1206 5078 1436 5150 etpraestanticra
1450 5093 1565 5150 quaeque
1578 5079 1713 5150 sperandi.
1729 5080 1802 5148 Qua·

455 5163 549 5231 (Almo
572 5163 663 5226 ¹⁰⁷⁵·l
1006 5181 1119 5246 prepter
1132 5180 1160 5228 et
1172 5172 1229 5228 bare
1241 5179 1269 5227 te
1283 5171 1402 5227 lirmiter
1412 5172 1531 5228 retinere
1539 5170 1615 5228 valde
1626 5180 1765 5243 optamus,
1773 5180 1803 5230 et

370 5262 499 5337 Eiusdem
512 5262 741 5333 sueorqmoettt'·
1006 5266 1160 5323 Dominum
1166 5268 1256 5322 Deum
1264 5272 1391 5321 nestrum
1399 5272 1430 5320 ut
1437 5280 1469 5320 ea
1477 5262 1528 5320 tibi
1534 5265 1802 5339 cumulatiusaugere

194 5366 638 5440 emarecescecoprmaue
647 5376 788 5420 servorum
796 5361 955 5429 Dei,sres·
1007 5357 1137 5433 dignetur
1149 5358 1310 5433 suppliciter
1323 5357 1511 5415 obsecramus.
1524 5358 1662 5414 Caeterum
1674 5357 1709 5415 de
1721 5360 1804 5417 Bam-

164 5446 958 5534 runoiestiideguntluoarcbiepiscepo,salutemetape
1008 5452 1137 5526 bergensi
1151 5452 1282 5515 Ecclesia,
1305 5466 1368 5524 que
1393 5449 1435 5507 sui
1450 5450 1607 5508 frondatoris
1631 5450 1803 5509 institutione

160 5556 284 5615 noum
300 5550 530 5612 undationem.
892 5564 899 5577 ·
1008 5554 1110 5604 sanctae
1128 5544 1325 5617 etapes'tolicae
1344 5544 1413 5613 sedi,
1432 5552 1565 5617 tauquam
1586 5542 1695 5599 humeri
1709 5543 1802 5617 capiti,

191 5648 320 5721 mauce
348 5644 558 5721 murrensis
582 5645 784 5715 liemarum,
801 5641 860 5717 jem
881 5656 957 5700 nuuc
1009 5638 1167 5699 membrum
1186 5637 1290 5696 seilicet
1308 5637 1489 5711 propinquius
1509 5635 1660 5710 specialiori
1683 5636 1805 5719 quadam

194 5806 270 5873 (tel)
282 5796 414 5879 sigbrido
423 5803 452 5859 el
461 5799 616 5875 mumque.
