3870 6164
157 256 206 308 tol
494 250 522 305 S.
543 235 703 305 unedoni!
723 249 768 305 tlt
787 250 884 304 PAPAE
904 247 1043 303 Ol‘ERUM
1062 248 1147 303 itatis
1167 249 1187 302 l.
1208 276 1242 286 -
1262 245 1466 302 neotsrntnt.
1711 272 1720 279 -
1752 246 1799 299 592
1816 254 1841 303 S

157 375 300 432 interitum
320 373 409 430 carnis
426 388 484 430 suce
502 372 627 429 tradatur
645 376 766 444 Satanae,
788 382 819 429 ut
842 372 951 444 spiritus
967 375 1103 443 Aspectu
1118 372 1188 427 beati
1203 369 1288 437 Petri,
1303 369 1337 427 ad
1352 385 1435 442 quem
1451 376 1557 441 spectat
1572 368 1657 424 totius
1672 366 1841 427 Ecclesiae&

156 467 247 527 salsus
259 468 295 526 sit
308 471 334 535 (l
350 468 409 525 Cor.
424 472 467 535 v),
488 466 540 522 sibi
556 465 647 523 modis
661 465 788 522 omnibus
802 466 947 529 resistatis:
1006 480 1098 533 causa,
1126 479 1184 520 rem
1204 463 1275 520 lianc
1286 479 1319 519 ex
1334 462 1429 521 anmao
1441 478 1544 534 gerere,
1569 468 1705 534 quatenns
1718 469 1745 516 et
1758 459 1831 515 bin

157 560 227 619 detis
247 562 330 618 etiam
352 577 464 634 operam
486 569 526 630 ut,
542 560 685 617 communi
701 559 817 617 consilio
841 560 952 631 parique
1007 572 1069 613 eum
1085 566 1282 630 protectorem,
1295 565 1324 613 ct
1338 556 1367 612 in
1388 555 1482 613 futuro
1498 564 1647 629 patronum
1662 569 1696 610 er
1710 553 1841 612 debito.

157 664 231 724 voto,
260 654 423 711 assentiente
437 653 515 710 vobis
540 654 669 727 praedicto
694 652 833 723 confratre
858 660 952 707 nostro
1006 650 1260 707 merearisbabere.

157 748 252 825 Diensl
262 748 399 821 episcopo,
408 750 519 803 Patrem
527 746 616 813 vobis,
624 746 777 802 secundum
788 746 951 814 Dominum,

157 841 331 916 eligatis,qui
359 841 490 898 Ecclesiae
515 848 611 897 vestran
630 840 734 895 diutina
755 838 952 911 pseudopasto-

158 950 220 989 rum
244 934 422 1006 improbitate
445 933 580 989 laboranti
592 934 680 989 valeat
693 932 847 999 subvenire,
863 939 890 987 et
905 948 952 986 an·

158 1027 265 1100 tiquam
285 1028 328 1084 sui
340 1027 504 1094 libertatem,
520 1027 630 1083 Christo
644 1026 797 1096 auxiliante,
811 1023 954 1081 vobiscum

159 1136 294 1192 ceparum.

196 1215 262 1270 Data
276 1223 352 1272 sexto
363 1212 506 1271 Kalendas
522 1212 656 1270 lancearii.

426 1328 599 1383 EPlSTOLA
610 1327 711 1381 XVlll.

362 1432 415 1484 'an
435 1443 581 1485 nasocnu
601 1443 748 1484 contrari.

409 1544 412 1549 ·
464 1524 555 1593 (Antio
576 1526 666 1587 1080.)

158 1623 307 1677 lienosscm
319 1621 546 1692 nr·cbicpiscopunr
559 1623 723 1682 tiernensem,
738 1620 863 1687 lingonis
875 1619 955 1674 Dien-

192 1695 230 1747 sis
246 1694 364 1763 episcopi
388 1693 471 1761 leqcii
489 1692 628 1761 apostolici
653 1693 681 1744 in
707 1691 814 1745 coercitio
841 1689 952 1757 Luqdu·

192 1840 248 1890 tum
261 1837 377 1904 saprum
390 1850 470 1903 quom
481 1835 549 1887 oliba·
560 1835 594 1888 ob
610 1834 668 1903 ejus
680 1836 803 1887 cipricitin
814 1831 950 1896 retrudat,

191 1909 268 1976 eique
278 1922 329 1975 pro
347 1906 453 1960 civibus
469 1907 623 1968 resistenter
635 1905 808 1974 poenalium
819 1904 952 1971 orcbiepi

155 1994 160 2009 ’
192 1993 298 2047 scopum
315 1978 404 2047 metior
423 1977 487 2030 cleri
504 1992 571 2046 porc
591 1991 650 2030 cum
661 1991 789 2031 coricensis
804 1976 887 2043 icquti
898 1974 949 2028 eic-

191 2048 390 2116 peritodp'ucet.

190 2159 368 2215 Gnaconrns
380 2158 533 2230 episcopus,
547 2173 642 2214 servus
651 2172 795 2213 servomm
811 2156 872 2225 Dei,
886 2157 948 2212 Hs·

154 2266 231 2309 noco
244 2254 382 2319 [Kaunoi]
394 2251 479 2307 nobili
489 2259 517 2307 et
536 2251 656 2323 glorioso
676 2251 781 2319 comiti,
792 2249 910 2306 salutem
922 2257 949 2306 et

152 2345 330 2415 apostolicam
349 2343 575 2400 benedictionem.

189 2438 266 2494 Sicut
280 2436 425 2510 prudentia
439 2445 485 2492 tua
499 2437 659 2493 meminisse
675 2444 773 2509 potest,
790 2452 840 2493 nos
865 2437 947 2508 longo

152 2540 287 2602 tempore,
304 2539 401 2603 praetor
412 2530 580 2592 voluntatem
596 2539 674 2586 tuam
696 2531 873 2601 virorumque
887 2529 947 2584 reli·

151 2624 291 2697 &osorum
303 2622 449 2695 quiipsum
460 2632 600 2689 noverant,
609 2628 764 2680 llanassem
779 2623 882 2679 dictum
892 2625 946 2679 Re-

152 2732 274 2773 mensem
303 2716 535 2788 archiepiscopum
559 2716 805 2780 dissimulavimus,
826 2731 946 2788 errrnquc

151 2817 279 2879 putantes
300 2810 482 2866 correctionis
502 2824 559 2866 suae
575 2826 669 2866 curam
684 2809 805 2878 babere,
821 2809 867 2865 diu
887 2826 947 2881 pro-

148 2900 221 2959 fecto
235 2903 415 2975 portavimus.
440 2905 542 2958 Verum
563 2902 607 2959 ille
633 2902 762 2976 patientia
782 2910 875 2958 nostra
895 2902 945 2958 ab·

149 3012 223 3066 usus,
250 3005 278 3053 et
303 2996 398 3069 (quod
413 2995 551 3052 evidenter
575 3000 707 3067 apparet)
733 3012 766 3052 ex
783 2995 947 3051 couscientia

148 3105 231 3161 prava
249 3090 277 3146 in
289 3089 486 3162 desperationis
498 3088 608 3145 foveam
621 3090 725 3159 lapsus,
739 3105 795 3143 nou
812 3088 900 3144 solum
916 3104 946 3144 se

1042 747 1112 800 Data
1126 752 1204 800 serto
1218 741 1358 800 Kalendas
1385 744 1517 799 tannarii.

1269 860 1446 915 liPlSTOLA
1464 859 1546 913 XIX.

1083 988 1124 1029 an
1144 988 1378 1031 sarracenatos
1395 988 1549 1030 nocensne
1566 987 1729 1029 senenses.

1302 1089 1397 1154 (Anno
1418 1087 1510 1153 1080.)

1221 1199 1350 1269 Ejusdem
1359 1200 1417 1266 sere
1426 1199 1589 1268 orqumenti.

1044 1313 1222 1372 Gnaconrns
1233 1314 1386 1386 episcopus,
1396 1329 1489 1370 serens
1496 1328 1639 1369 servorum
1649 1311 1714 1378 Dei,
1724 1309 1804 1367 omni

1009 1405 1061 1463 bus
1074 1407 1217 1479 episcopis,
1226 1406 1536 1480 suffraganelsvidelicet
1549 1414 1653 1462 sanetae
1663 1405 1802 1462 Remensis

1007 1500 1146 1569 Ecclesiae,
1161 1501 1204 1556 liis
1230 1509 1321 1557 tamen
1336 1500 1381 1573 qni
1396 1517 1424 1556 se
1438 1500 1472 1556 ab
1494 1499 1743 1556 excommunicatis
1757 1514 1800 1554 cu·

1009 1593 1144 1661 studium,
1161 1596 1279 1650 salutem
1295 1602 1323 1649 et
1336 1594 1516 1666 apostolicam
1535 1592 1772 1650 benedictionem.

1046 1692 1146 1744 notum
1160 1704 1218 1744 esse
1232 1687 1394 1744 fraternitati
1408 1696 1504 1744 vestrae
1518 1687 1657 1742 credimus
1669 1686 1804 1759 quodnor

13 1754 20 1765 '
95 1786 100 1793 ·
192 1768 270 1819 renni
289 1765 423 1819 sententio
435 1763 596 1832 depositum,
621 1762 772 1823 denotatior,
797 1776 904 1814 moriens
922 1764 952 1813 ut
967 1780 991 1843 Β
1007 1780 1164 1851 iniquitates
1187 1784 1332 1850 Mamm,
1354 1781 1418 1837 dimi
1434 1781 1581 1836 Remensis
1595 1778 1802 1851 archiepiscopi,

1005 1874 1086 1946 longo
1100 1882 1226 1948 tempore
1235 1875 1468 1947 supportavimus,
1481 1889 1599 1945 errrnque
1613 1882 1760 1944 sperantes
1771 1871 1805 1928 dc

1003 1968 1107 2023 malitia
1114 1983 1162 2023 sua
1170 1967 1290 2024 converti
1301 1967 1346 2024 diu
1361 1968 1533 2039 nimiumque
1554 1965 1802 2022 dissimulavimus.

1003 2059 1056 2117 Sed
1070 2062 1200 2133 quoniam
1215 2061 1293 2117 beata
1307 2060 1405 2128 Maria,
1423 2061 1501 2132 cujus
1514 2060 1559 2115 ille
1570 2059 1663 2116 sedem
1680 2057 1806 2131 perditos

1003 2155 1164 2227 occupabat,
1189 2156 1280 2211 noluit
1294 2155 1444 2210 Ecclesiam
1466 2170 1545 2209 suam
1567 2153 1721 2209 sceleribus
1734 2152 1806 2209 illius

1002 2248 1103 2305 diutius
1117 2249 1211 2320 pollui,
1227 2264 1288 2320 quae
1298 2248 1332 2304 de
1345 2264 1377 2303 eo
1387 2247 1513 2321 graviora
1528 2246 1635 2303 dudum
1651 2247 1805 2314 latuerant,

1002 2342 1036 2399 ad
1051 2342 1176 2398 notitiam
1187 2343 1341 2399 multorum
1352 2357 1466 2413 erupere
1478 2341 1506 2395 in
1519 2341 1618 2396 lucem.
1635 2343 1689 2396 Pro
1701 2340 1804 2411 quibus

1002 2434 1059 2507 ipse
1079 2435 1106 2491 in
1122 2434 1298 2508 Lugdunensi
1314 2434 1443 2501 coneilio,
1462 2433 1506 2490 eui
1529 2433 1611 2489 irater
1631 2441 1659 2487 et
1683 2434 1805 2489 vicarios

1000 2537 1094 2585 noster
1109 2533 1189 2602 lingo
1212 2528 1323 2585 Diensis
1342 2528 1485 2599 episcopus
1499 2534 1626 2598 praeerat,
1643 2526 1748 2583 eodem
1759 2526 1804 2584 di·

999 2630 1101 2691 etante,
1122 2623 1283 2695 cunctisque
1306 2621 1438 2677 iratribus
1463 2621 1594 2690 religiosis
1617 2620 1667 2693 qui
1687 2619 1803 2677 aderant

999 2714 1220 2784 assentientibus,
1234 2714 1409 2786 depositionis
1425 2715 1587 2768 sententiam
1600 2712 1714 2768 meruit.
1728 2714 1799 2768 Bam

1000 2809 1090 2880 itaque
1106 2807 1210 2879 prasini
1227 2816 1376 2865 conventus
1388 2822 1542 2875 censuram,
1556 2822 1640 2877 quam
1653 2821 1719 2874 nos,
1734 2821 1799 2878 apo-

999 2902 1094 2957 stolica
1106 2901 1312 2957 mansuetudine
1322 2907 1441 2968 utentes,
1457 2900 1604 2971 subjuncto
1619 2908 1717 2955 tenero
1729 2909 1802 2955 tem·

1002 3010 1205 3065 paraveramus,
1233 2995 1364 3067 quoniam
1391 2994 1437 3049 illc
1456 2993 1618 3049 conscientia
1633 2992 1802 3066 desperante

1000 3087 1027 3142 ln
1050 3086 1150 3143 duritia
1171 3103 1219 3143 soa
1251 3088 1497 3160 inobedientiaque
1521 3094 1683 3157 contemptu
1712 3087 1802 3144 voluit

147 3191 290 3255 praetensae
300 3182 505 3239 mansuetudini
515 3182 652 3255 ingratum
662 3180 795 3249 exhibuit,
803 3180 851 3237 sed
863 3181 945 3236 etiam
962 3196 985 3260 c
999 3196 1109 3235 manere
1123 3181 1214 3251 potius
1227 3196 1311 3251 quam
1324 3179 1359 3235 ad
1377 3181 1434 3235 sani
1453 3195 1547 3236 sensus
1567 3178 1717 3235 consilinm
1736 3180 1799 3236 ani·

40 3276 43 3281 ’
146 3275 173 3330 iu
198 3276 332 3349 reliquum
354 3274 541 3332 misericordia
557 3274 672 3332 S.Petri
694 3274 838 3345 iridipmiim
858 3290 888 3330 se
902 3273 943 3330 le-

147 3369 195 3436 cit,
210 3368 313 3425 seilicet
330 3376 361 3424 ut
380 3369 457 3441 crrjus
480 3368 508 3425 in
529 3367 699 3440 depositione
714 3368 876 3424 sententiam
901 3368 943 3423 vi-

145 3461 211 3517 carii
235 3462 323 3519 nostri
347 3463 472 3535 Hugonis
501 3462 609 3517 Diensis
631 3460 749 3533 episcopi
771 3462 797 3516 iu
828 3461 942 3517 concilio

145 3554 320 3626 Lugdunensi
336 3556 472 3626 prolatam
489 3554 724 3627 approbatamque
744 3554 777 3610 ad
793 3555 942 3610 ternrinum

144 3660 195 3699 nos
215 3646 413 3712 distulerimus,
443 3646 573 3718 deinceps
595 3646 621 3700 in
646 3652 808 3718 perpetuum
831 3647 941 3703 luuram

145 3752 205 3792 esse
216 3746 242 3792 et
257 3747 357 3805 ratam,
368 3738 515 3810 ipsumque
529 3739 589 3795 sine
603 3754 650 3811 spe
668 3741 886 3811 recuperationis
897 3739 942 3797 de·

143 3829 267 3901 positum
288 3830 486 3901 adjudicemus.
499 3832 673 3904 Quapropter
686 3848 750 3888 eum
772 3832 941 3889 irrevocabili

141 3922 245 3996 judicio
253 3922 415 3993 episcopalis
429 3922 499 3979 sedis
513 3923 647 3995 regimine
665 3924 802 3995 privatum
815 3934 941 3982 essetnec

1000 3289 1075 3328 rrrrrm
1102 3273 1225 3340 flectere,
1241 3272 1300 3344 jam
1326 3271 1401 3328 hunc
1414 3289 1446 3329 ex
1462 3274 1613 3344 apostolica
1627 3274 1797 3332 auctoritate

999 3366 1153 3434 firmamus,
1169 3376 1250 3439 atque
1278 3367 1524 3438 irrecuperabiliter
1553 3367 1710 3438 depositum
1736 3384 1798 3426 esse

998 3460 1024 3514 in
1053 3461 1189 3531 reliquum
1218 3459 1420 3532 adjudicamus,
1443 3460 1562 3516 Proinde
1589 3458 1796 3519 fraternitatem

997 3563 1116 3610 vestram
1142 3569 1178 3609 ne
1205 3553 1317 3609 ulterius
1340 3553 1376 3609 illi
1402 3553 1582 3624 episcopalem
1609 3556 1793 3612 reverentiam

996 3646 1095 3703 debeat
1113 3646 1295 3713 absolvimus,
1311 3646 1366 3702 imo
1381 3646 1528 3718 apostolica
1543 3647 1708 3704 auctoritate
1723 3664 1793 3721 prse-

995 3740 1114 3813 cipimus
1144 3749 1174 3796 ut
1201 3755 1285 3796 nemo
1308 3739 1331 3795 ei
1360 3740 1435 3812 quasi
1461 3740 1563 3811 pastori
1590 3740 1718 3805 obediat,
1745 3741 1793 3798 sed

995 3833 1124 3906 quisque,
1139 3848 1188 3905 pro
1215 3832 1308 3889 cilicio
1322 3848 1373 3888 suo
1397 3840 1425 3887 et
1446 3832 1561 3900 viribus,
1588 3833 1660 3888 sicut
1673 3832 1791 3891 invasori

995 3925 1113 3983 resistat.
1131 3925 1212 3996 Quod
1227 3935 1364 3995 nostrum,
1385 3925 1477 3997 potius
1489 3942 1553 3981 vero
1566 3926 1652 3982 sancti
1662 3926 1790 3998 Spiritus,

144 4015 300 4072 celsitudini
314 4015 518 4085 denuntiantes,
539 4032 696 4084 monemus,
710 4026 791 4090 atque
817 4027 940 4090 exparte
989 4019 1125 4092 judicium
1142 4019 1254 4076 dilectio
1277 4028 1369 4075 vestre
1391 4017 1501 4075 studeat
1514 4019 1629 4076 subditis
1650 4019 1702 4075 sibi
1721 4036 1790 4077 con·

143 4108 215 4165 beati
230 4109 302 4165 Petri
317 4108 490 4181 precipimus
507 4117 538 4165 ut
559 4116 616 4165 tam
635 4111 755 4182 teipsum
772 4126 788 4167 a
813 4110 938 4183 pestilera

144 4201 265 4259 amicitia
275 4202 348 4259 illius
361 4200 461 4258 amodo
474 4202 610 4271 retrahas,
633 4219 716 4275 quam
731 4212 758 4260 et
772 4204 854 4275 alios,
869 4222 939 4278 quos

143 4301 230 4365 potes,
252 4295 286 4350 ab
306 4311 339 4352 co
349 4294 488 4351 custodire
499 4311 528 4352 se
542 4295 652 4353 doceas.
664 4299 704 4353 Ut
719 4305 811 4353 autern
822 4299 937 4371 gratiam

141 4387 192 4445 Dei
217 4397 246 4445 et
265 4388 340 4446 beati
357 4388 430 4445 Petri
444 4389 548 4461 largius
566 4390 729 4459 [merearis],
744 4392 842 4448 merito
869 4407 938 4464 quas

141 4497 250 4554 sperare
272 4482 395 4538 studium
409 4484 485 4553 (lcpc,
510 4483 610 4538 merito
629 4499 713 4555 queas
736 4500 857 4555 sperare,
877 4494 936 4541 stn-

994 4112 1099 4186 ctisque
1124 4112 1225 4186 quibus
1239 4113 1312 4168 valet
1328 4112 1435 4184 populis
1462 4112 1643 4181 denuntiare3
1661 4122 1691 4169 et
1705 4121 1736 4169 ut
1757 4112 1790 4169 ab

993 4207 1052 4277 ejus
1074 4205 1278 4279 participatione
1308 4204 1358 4261 sibi
1386 4212 1508 4271 caveant,
1536 4206 1681 4278 ipsumque
1700 4206 1790 4264 modis

993 4299 1093 4370 quibus
1116 4307 1228 4371 possunt
1253 4307 1408 4367 coarctent,
1441 4314 1497 4355 non
1519 4299 1639 4372 negligat
1668 4297 1789 4356 ebaritas

994 4400 1082 4448 vestra
1103 4408 1225 4448 monere.
1249 4395 1290 4448 De
1312 4399 1411 4448 caetero
1438 4393 1575 4459 volumus,
1600 4400 1629 4448 et
1661 4402 1788 4466 exparte

992 4485 1062 4542 beati
1080 4485 1152 4541 Petri
1170 4485 1302 4557 jubemus
1328 4493 1471 4557 quatenus,
1495 4483 1624 4541 adhibitis
1638 4484 1711 4542 illius
1737 4490 1788 4543 lic·

142 4573 229 4642 dium,
237 4576 347 4645 llenn,
358 4578 401 4670 ¹sic
410 4581 435 4631 ct
444 4579 474 4630 in
489 4578 573 4644 Mur.)
582 4576 701 4632 solertiae
715 4584 770 4634 tua
780 4593 836 4634 non
845 4577 935 4648 desit,
950 4564 977 4628 D
992 4578 1081 4635 clasiae
1100 4578 1218 4644 clericis,
1242 4578 1305 4635 talis
1320 4593 1434 4650 persona
1452 4593 1517 4634 eum
1532 4593 1667 4635 consensu
1683 4577 1787 4650 praelati

140 4674 198 4722 tam
212 4683 260 4738 per
283 4668 402 4738 teipsum
423 4683 508 4740 qnam
529 4677 558 4724 et
575 4684 622 4740 per
638 4683 817 4743 quoscunque
846 4670 938 4728 valeas
992 4672 1073 4744 legati
1089 4672 1175 4728 nostri
1192 4671 1287 4728 Iliensi
1302 4671 1421 4743 episcopi
1439 4679 1469 4726 ut
1487 4671 1605 4744 eligatur
1623 4672 1786 4744 procuretis,

140 4759 269 4828 [studeas]
291 4758 405 4830 praeiato
428 4761 552 4833 deposito
564 4777 614 4833 pro
628 4762 818 4836 magnitudine
833 4772 881 4820 tna
895 4780 936 4821 re·
991 4781 1055 4837 qnae
1070 4774 1146 4822 tanto
1158 4764 1285 4838 regimini
1307 4762 1389 4836 digne
1403 4772 1561 4836 competere
1581 4763 1717 4822 videatur.
1730 4768 1787 4823 Nos

139 4852 246 4922 sistere,
256 4852 388 4927 illumque
400 4854 651 4926 arehiepiscopum,
663 4871 745 4928 quem
758 4858 859 4914 saniori
873 4874 935 4914 con·

138 4945 200 5002 silio
224 4961 288 5016 pars
311 4946 375 5002 cleri
394 4946 492 5003 melior
512 4964 576 5003 cum
594 4965 726 5006 consensu
751 4949 873 5023 praedicti
891 4952 934 5008 le-

69 5038 72 5044 '
137 5038 194 5110 gali
216 5040 314 5105 nostri,
339 5040 463 5112 llugonis
485 5038 741 5115 videlicetepiscopi
759 5044 878 5111 iliensis,
894 5043 933 5100 illi

137 5131 194 5188 sedi
218 5132 339 5204 elegerit,
367 5131 457 5190 modis
480 5133 610 5191 omnibus
638 5135 767 5209 adjurare
791 5140 876 5205 (⁴02).
901 5139 932 5193 ln

137 5224 188 5280 bac
199 5224 282 5297 igitur
306 5241 337 5281 re
351 5225 388 5283 ita
408 5234 436 5282 te
449 5225 579 5284 devotum
593 5235 621 5284 et
635 5222 832 5302 obsequentem
848 5245 930 5286 man·

134 5316 207 5374 datis
218 5318 374 5390 apostolicis
386 5326 478 5390 aperte
496 5318 679 5389 demonstres,
692 5321 929 5394 quemadmodum

134 5410 188 5467 tuis
207 5410 236 5466 in
260 5411 469 5468 necessitatibus
485 5411 581 5469 fideles
596 5421 658 5470 tuos
670 5415 786 5471 existere
804 5431 929 5488 cuperes,

134 5510 163 5559 et
175 5501 404 5561 sicutnfidelibus
417 5504 472 5561 tuis
481 5522 538 5561 non
549 5507 663 5579 impune
675 5509 931 5580 tergiversationem

132 5596 181 5653 tibi
196 5595 253 5652 lieri
264 5596 382 5655 summis
397 5597 425 5654 in
443 5599 562 5671 negotiis
574 5599 670 5670 terrm,
683 5600 722 5659 ita
733 5616 863 5673 procures
885 5618 930 5660 re·

164 5775 237 5841 (toa)
251 5774 343 5834 Locro
353 5772 497 5836 obscurus.

990 4859 1064 4915 enim
1091 4874 1153 4916 eam
1181 4859 1343 4915 electionem
1365 4874 1449 4930 quam
1475 4873 1538 4930 pars
1554 4857 1619 4914 cleri
1646 4867 1676 4914 et
1694 4859 1786 4931 populi

989 4952 1086 5009 melior
1108 4961 1136 5009 et
1158 4952 1319 5025 religiosior,
1336 4951 1522 5008 consentiente
1545 4950 1677 5024 praedicto
1692 4961 1786 5008 nostro

988 5044 1100 5114 noerio,
1123 5045 1227 5115 lecerit,
1254 5049 1313 5100 Deo
1329 5043 1448 5113 invente,
1463 5044 1616 5113 firmantes,
1636 5045 1786 5118 apostolica

988 5139 1148 5196 auctoritate
1173 5139 1349 5195 roboramus.
1377 5138 1523 5209 Diligentia
1541 5136 1625 5211 igitur
1642 5148 1733 5195 vestra
1749 5138 1785 5196 ita

987 5246 1017 5288 se
1032 5231 1059 5288 in
1084 5232 1135 5288 bac
1153 5248 1184 5287 re
1213 5247 1339 5304 pronam,
1352 5231 1498 5303 nobisque,
1512 5230 1569 5287 imo
1584 5231 1666 5288 beato
1691 5233 1784 5301 Petro,

987 5323 1159 5380 obedientem
1171 5323 1308 5393 exhibeat,
1321 5333 1362 5392 nt,
1377 5324 1485 5398 cognito
1503 5323 1598 5380 studio
1611 5324 1786 5400 etvigilantia

986 5425 1084 5484 vestra,
1095 5417 1117 5471 si
1127 5415 1192 5490 quid
1200 5418 1226 5472 in
1240 5418 1378 5489 praeterito
1390 5417 1560 5490 negligenter
1568 5425 1617 5474 aut
1625 5417 1785 5477 inobedien-

984 5518 1026 5566 ter
1035 5508 1195 5580 deliquistis,
1206 5510 1305 5567 merito
1315 5510 1484 5583 propterlroc
1494 5510 1645 5569 debeamus
1654 5511 1784 5571 sullerre.

1020 5604 1091 5659 Data
1107 5611 1184 5660 sexto
1199 5603 1338 5661 Kalendas
1356 5603 1488 5661 ianuarii.
