3870 6164
159 283 227 336 taut

656 266 702 335 in
721 280 835 336 ornas
853 281 881 335 s.
901 279 1062 336 nassonia
1082 280 1300 338 areanorum.

1746 280 1804 332 titt

90 458 101 467 ,
157 404 316 460 mirandum
339 404 361 457 si
385 417 556 457 successores
576 404 764 473 apostolorum
788 405 878 476 aliqua
898 405 950 461 dis-
963 409 990 473 A
1006 406 1118 478 prologo
1144 421 1194 461 suo
1217 406 1251 460 de
1275 402 1437 468 canonibus,
1469 416 1499 458 sa
1522 401 1626 457 asserit
1664 401 1803 468 invenirem

158 499 313 570 pensatorie
327 496 512 562 instituerunt,
528 512 590 568 qtrae
611 511 708 551 eorum
724 498 836 568 posteri,
860 507 952 553 muta-

157 594 230 646 tione
243 590 374 660 temporis
389 589 441 644 hoc
455 590 590 661 exigente,
613 590 812 646 rationabiliter
827 591 953 663 aliquan-

158 684 194 741 do
210 691 318 738 mutare
332 683 374 738 vel
390 683 497 755 penitus
508 682 640 755 abrogare
656 693 869 740 consueverunt.

193 777 326 845 Quartam
338 791 403 831 vero
415 776 551 847 synodum
564 774 600 832 de
615 777 792 833 credentibus
805 793 839 833 ex
849 779 865 832 J
868 777 952 835 udaeis

157 869 192 925 ab
217 869 348 940 apostolis
375 867 477 925 factam
501 869 635 940 legimus,
667 886 731 926 cum
751 886 798 926 sos
820 887 836 927 a
860 870 951 943 legali·

158 964 209 1019 bus
227 962 398 1020 ceremoniis
421 963 611 1033 prohiberent;
627 971 654 1018 et
673 963 725 1019 hoc
748 979 797 1035 pro
818 964 952 1021 abolenda

155 1057 311 1129 suspicione
322 1055 505 1127 prrornmdam
520 1057 567 1127 qiu
580 1071 627 1112 eos
646 1056 743 1128 legales
760 1057 951 1126 caereuronias,
970 1129 971 1132 Ἴ

157 1151 234 1222 quasi
257 1149 451 1211 idololatriam,
482 1164 610 1220 respuere
634 1150 776 1221 putabant.
801 1152 860 1207 Has
882 1168 952 1223 qua-

156 1253 221 1299 tuor
234 1243 352 1316 synodos
371 1242 489 1315 apostoli
504 1243 702 1316 Hierosolymis
722 1244 904 1315 celebrarunt,
921 1252 952 1299 ut

158 1336 227 1392 liber
241 1342 359 1394 Actuum
375 1337 498 1408 ipsorum
510 1336 640 1393 iutimare
653 1337 767 1394 videtur.

192 1431 324 1503 Quintam
337 1436 428 1485 autem
447 1429 634 1500 apostolorum
658 1430 794 1503 synodum
814 1446 846 1485 ex
867 1429 952 1486 tradi·

157 1525 231 1581 tione
248 1525 382 1596 majorum
392 1523 558 1594 accepimns,
572 1539 635 1580 cum
646 1525 745 1595 singuli
757 1524 877 1596 singulas
892 1541 953 1596 pro

157 1616 274 1673 temutes
293 1617 440 1673 sententias
461 1617 618 1688 symbolum
639 1617 790 1673 conderent
803 1617 877 1689 quod
892 1617 952 1672 uni·

158 1711 269 1766 versalia
285 1710 405 1766 Ecclesia
418 1719 502 1775 tenet,
518 1726 580 1765 cnm
598 1711 656 1782 jaru
669 1710 704 1765 ab
718 1711 833 1766 invicem
849 1710 951 1767 disces·

155 1804 212 1861 suri
225 1812 324 1871 essent,
339 1813 369 1858 ut
385 1803 414 1858 in
433 1819 547 1859 omnem
566 1811 669 1859 terram
690 1819 776 1860 sonus
790 1819 885 1860 eorum
904 1820 950 1861 es·

157 1898 209 1953 iret
222 1899 310 1964 (Psct.
324 1903 434 1962 xviri).
450 1897 495 1952 Sic
507 1897 580 1951 euim
590 1898 622 1953 B.
637 1896 764 1954 Clemens
777 1914 855 1969 papa,
871 1898 950 1954 disci·

156 1992 237 2063 pulus
252 2000 279 2046 et
293 2006 433 2047 successor
446 1990 636 2060 apostolorum
656 1990 682 2045 in
704 1990 822 2047 decretis
836 1992 893 2047 suis
907 2001 951 2048 te-

156 2091 254 2141 statur.
271 2088 354 2151 ltem,
364 2085 392 2140 S.
408 2086 465 2138 Leo
476 2099 544 2154 papa
556 2086 568 2138 l
580 2083 725 2140 Pulclreriae
741 2086 872 2146 auuusrae
886 2084 951 2141 scri·

156 2178 224 2233 bens
241 2197 247 2231 :
265 2200 277 2224 a
295 2180 355 2247 lpsa
368 2176 468 2246 iuquit,
482 2175 607 2231 catholici
619 2176 836 2249 symbolibrevis
851 2186 878 2232 et
890 2194 951 2249 per-

155 2269 227 2326 lecta
250 2267 386 2325 confessio
409 2268 554 2324 duodecim
570 2271 756 2340 apostolorum
772 2270 887 2327 totidem
908 2279 951 2327 est

156 2365 260 2433 signata
279 2363 464 2418 sententiis.»
487 2364 570 2423 ltem,
586 2362 761 2419 beatissimus
780 2366 860 2419 Pater
884 2368 950 2420 hm·

155 2456 264 2513 brosius
277 2457 383 2512 clarem
402 2456 476 2527 regui
493 2455 627 2511 coelorum
638 2456 775 2527 deputans
790 2473 850 2513 esse
864 2456 948 2513 fidem

1007 499 1105 570 quibus
1119 515 1170 554 nos
1191 497 1305 555 utimur.
1330 500 1447 554 Sanctus
1467 503 1566 551 autem
1581 494 1736 550 Anacletns
1748 510 1804 566 papa

1006 601 1033 648 et
1047 603 1161 665 martyr,
1177 607 1192 648 a
1208 595 1240 648 B.
1261 592 1343 647 Petro
1355 591 1479 662 quintus,
1492 597 1519 644 et
1534 587 1573 644 ab
1596 588 1661 660 ipso
1677 588 1805 660 presbyter

1006 681 1806 756 ordinatus,nonumcapitulumeorumdemcanonumapo

1006 779 1091 836 stolos
1100 779 1228 835 statuisse
1235 777 1367 840 declarat,
1376 775 1523 832 videlicet«
1533 782 1567 830 ut
1575 773 1709 831 ministri
1717 774 1805 839 altaris,

1005 873 1075 930 tacta
1082 871 1232 940 oblatione,
1241 871 1459 927 communicent.
1471 893 1484 916 ·
1496 870 1623 925 Sanctus
1633 882 1751 940 quoque
1759 867 1805 923 Cal

1006 966 1084 1022 listus
1094 981 1163 1038 papa
1170 973 1197 1022 et
1203 972 1308 1036 martyr
1314 962 1348 1019 de
1357 963 1502 1019 undecimo
1511 961 1583 1017 item
1595 959 1715 1027 latetur,
1724 961 1806 1032 quippe

1008 1085 1020 1109 ι
1041 1070 1071 1116 ut
1082 1060 1304 1116 communicator
1317 1056 1550 1115 excommunicati
1572 1054 1665 1112 simili
1683 1055 1806 1127 subjaceat

1005 1152 1326 1211 excommunicationi.»
1351 1152 1395 1207 Sic
1417 1158 1445 1206 et
1476 1150 1524 1206 alii
1551 1148 1647 1206 sancti
1672 1147 1805 1204 Patresde

1006 1248 1064 1304 aliis
1085 1246 1246 1303 eorumdem
1269 1261 1409 1302 canonum
1424 1243 1556 1315 capitulis
1570 1242 1722 1299 testificari
1744 1257 1805 1314 repc-

1005 1342 1124 1409 riuntur,
1139 1340 1185 1412 qui
1203 1339 1291 1412 magis
1306 1355 1356 1411 pro
1372 1339 1485 1394 veritate
1496 1336 1587 1405 mori,
1607 1351 1702 1409 quam
1720 1335 1756 1390 rel
1766 1351 1804 1406 pro

1006 1434 1060 1490 rita
1076 1433 1187 1490 mentiri
1197 1432 1367 1506 delegerunt.
1384 1435 1491 1488 Horum
1508 1430 1598 1503 igitur
1611 1428 1803 1485 testimoniiset

1006 1543 1057 1584 nos
1084 1526 1237 1583 necessario
1262 1525 1412 1593 credimus,
1447 1540 1482 1579 ne
1503 1523 1559 1595 ipsi
1585 1531 1691 1579 sancto
1713 1521 1802 1594 Spiritu

1006 1622 1100 1677 minus
1111 1621 1223 1677 credere
1234 1619 1401 1692 judicemur,
1416 1616 1497 1690 cujus
1512 1616 1657 1672 instinctu
1671 1615 1741 1688 ipsos
1752 1614 1800 1670 tais

1005 1714 1164 1770 testitimtos
1183 1712 1265 1769 luisse
1279 1715 1344 1780 [ms.
1361 1709 1434 1780 lore]
1450 1726 1508 1766 non
1522 1708 1707 1765 dubitamus.

1040 1808 1188 1865 Sciendum
1211 1815 1305 1863 antem
1328 1804 1403 1877 qrrod
1423 1807 1455 1860 B.
1472 1803 1612 1860 Gelasius
1635 1819 1706 1875 papa
1721 1803 1799 1858 libmn

1006 1903 1054 1975 qui
1067 1906 1110 1958 De
1122 1899 1273 1957 canonibus
1285 1898 1472 1970 apostolorum
1495 1897 1573 1970 apud
1590 1897 1715 1954 Graecos
1727 1897 1800 1952 insci

1005 1995 1079 2052 bitur
1101 2011 1150 2067 pro
1173 1993 1329 2066 apocrypho
1343 1990 1500 2065 deputavit,
1524 1992 1573 2047 cui
1600 1999 1632 2046 et
1647 2007 1700 2046 nos
1713 1999 1800 2046 conut-

1005 2088 1096 2145 dicere
1111 2104 1167 2144 non
1181 2087 1324 2154 dehemus,
1346 2085 1409 2157 qnia
1429 2084 1482 2140 hoc
1497 2100 1567 2140 eum
1595 2085 1660 2140 sine
1681 2081 1799 2140 causale·

1004 2182 1073 2238 cisse
1087 2197 1142 2237 non
1157 2180 1308 2237 credimus.
1330 2181 1456 2235 Fortasse
1480 2178 1553 2233 liber
1568 2177 1620 2233 ille
1636 2176 1673 2233 de
1694 2176 1800 2250 capitulis

1004 2291 1065 2348 qriae
1078 2285 1105 2333 et
1123 2277 1217 2332 Patres
1231 2281 1391 2346 receperrmt
1410 2271 1481 2328 nibil
1496 2271 1585 2336 dicit,
1612 2281 1685 2340 aut,
1705 2270 1799 2335 sididt,

1003 2369 1125 2424 nonnihil
1146 2366 1315 2424 mendosum
1336 2365 1465 2422 annectit.
1483 2363 1574 2433 Quod
1591 2373 1693 2420 tamen
1707 2362 1800 2420 solertis

1002 2463 1127 2519 catholici
1143 2461 1297 2533 interpretis
1313 2459 1459 2532 prudenter
1474 2457 1560 2513 nobis
1578 2458 1611 2513 iu
1634 2456 1800 2513 [311110111-

154 2549 362 2622 apostolorum:
380 2549 527 2613 «Clavem,
543 2549 642 2620 inquit,
655 2549 736 2605 istam
751 2550 871 2606 arbitror
885 2551 950 2607 duo
1002 2557 1096 2619 traxit,
1118 2557 1189 2610 sicut
1213 2555 1308 2609 beatus
1331 2552 1534 2623 Hieronymus,
1561 2547 1633 2607 edm
1657 2548 1799 2607 transfusa

152 2643 243 2700 decim
269 2642 403 2698 artificum
424 2644 585 2714 operatione
611 2643 769 2698 conllatam.
793 2645 949 2700 Duodecim
1002 2651 1160 2720 origenem,
1176 2663 1249 2719 saepe
1261 2646 1357 2702 iecisse
1373 2651 1561 2700 monstratur.
1592 2643 1664 2714 Sed,
1685 2640 1800 2717 undull

151 2736 226 2793 euim
240 2736 428 2807 apostolorum
441 2735 566 2807 symbolo
576 2735 642 2793 fides
650 2746 781 2807 concepta
793 2745 844 2805 est,
855 2753 947 2809 quam,
1001 2743 1035 2798 de
1048 2741 1095 2798 illo
1104 2741 1173 2797 libro
1184 2740 1355 2813 conjiciatur,
1369 2745 1525 2793 nostamen
1538 2736 1589 2792 illa
1602 2737 1795 2810 quinquaginta

151 2831 226 2886 velut
240 2829 316 2900 periti
337 2829 466 2898 artifices,
482 2829 511 2883 in
532 2845 618 2884 unum
633 2831 828 2886 couvenientes
842 2832 948 2887 clavam
1001 2835 1129 2907 capitula,
1150 2849 1212 2906 quae
1236 2848 1284 2905 per
1302 2840 1429 2887 sanctum
1449 2831 1631 2886 Clementem
1655 2833 1798 2886 Romanum

151 2937 200 2978 suo
211 2922 326 2979 concilio
340 2920 538 2977 conflaverunt.
558 2944 570 2971 s
585 2923 646 2978 Hoc
660 2931 702 2978 est
715 2938 780 2995 ergo
791 2923 947 2996 symbolum
1002 2927 1160 2999 pontificem
1171 2943 1202 2983 ex
1212 2929 1310 2984 Graeco
1322 2923 1454 2980 translata
1470 2921 1607 2995 legimus,
1623 2923 1728 2995 absque
1738 2937 1799 2978 scru-

98 3036 105 3047 ’
150 3016 318 3072 catholicum
340 3017 396 3071 sire
418 3014 485 3072 lldes
499 3017 697 3086 apostolorum,
714 3016 865 3090 sinacuy'us
886 3034 948 3088 pro-
1005 3021 1069 3093 pulo
1092 3021 1211 3091 recipere
1230 3033 1393 3091 possumus,
1426 3031 1488 3087 quae
1511 3024 1542 3071 et
1565 3026 1668 3073 sancta
1689 3019 1798 3073 lionam

150 3108 265 3165 lessione
288 3125 341 3165 nec
356 3108 529 3180 baptizamur
552 3125 603 3165 nec
616 3109 650 3166 ad
666 3111 855 3182 paenitentiam
870 3126 986 3198 canuc
1004 3115 1125 3170 Ecclesia
1140 3111 1271 3180 custodit,
1287 3111 1421 3182 nobisque
1434 3109 1624 3167 custodienda
1645 3126 1695 3182 per
1706 3110 1798 3165 beatiam

151 3203 211 3260 nice
232 3204 396 3274 recipimnr;
411 3219 494 3273 quam
508 3213 535 3259 et
555 3204 687 3275 quotidie,
711 3221 775 3260 cnm
797 3206 948 3279 surgimus,
1003 3207 1156 3264 adrianum
1181 3221 1279 3278 papam
1300 3203 1449 3260 mandarit.
1473 3203 1522 3258 Sic
1547 3203 1648 3275 itaque
1669 3202 1750 3258 multa
1770 3215 1796 3256 er

145 3296 222 3369 justa
238 3296 414 3353 traditionem
429 3304 588 3353 sanctorum
603 3300 726 3368 Parrum,
747 3314 886 3354 recensere
898 3299 949 3355 de·
1001 3300 1164 3373 apocryphis
1194 3298 1358 3371 deprompta
1384 3295 1472 3352 sancti
1504 3298 1610 3352 Patres
1634 3301 1796 3366 receperunt,

149 3391 256 3446 bemus.
268 3391 380 3446 ilincB.
391 3390 560 3462 Augustinus
570 3390 702 3447 inhomil.
715 3398 749 3447 43
765 3410 795 3447 τι
808 3393 948 3463 quuid,
1000 3395 1073 3451 sicut
1093 3392 1180 3449 Judas
1202 3391 1343 3464 apostolus
1362 3390 1389 3445 in
1415 3388 1538 3460 Epistola
1554 3405 1606 3445 sua
1622 3387 1794 3445 testimonium

151 3483 248 3555 inquit,
262 3484 372 3557 quaudo
387 3486 486 3556 surgis,
499 3501 554 3540 uon
568 3493 594 3540 te
609 3487 711 3541 vestis?
723 3486 767 3542 Sic
781 3495 809 3541 et
821 3502 946 3542 comme·
1000 3487 1034 3544 de
1049 3486 1191 3558 prophetia
1214 3484 1307 3541 Enoch
1329 3491 1503 3553 assumptum
1520 3482 1644 3554 recepit;
1666 3497 1745 3555 quam
1761 3488 1792 3534 ta

151 3578 285 3633 morando
297 3577 454 3650 symbolum
474 3587 573 3646 tuum,
592 3580 658 3634 vesti
675 3579 796 3634 animam
811 3588 896 3650 tuam,
912 3596 947 3636 na
1000 3597 1065 3636 men
1082 3578 1257 3652 prophetiam
1269 3585 1363 3634 sancta
1378 3575 1500 3631 Ecclesia
1517 3576 1603 3648 quasi
1624 3572 1793 3648 apocryphas

149 3669 222 3724 forte
236 3685 297 3724 eam
325 3669 410 3725 nudet
424 3669 533 3737 oblivio,
550 3677 577 3725 et
588 3685 732 3727 remaneas
746 3671 846 3740 nudus,
861 3682 889 3728 et
901 3673 947 3729 hat
1000 3673 1160 3746 repudiavit.
1188 3671 1350 3744 apocrypha
1375 3678 1470 3726 antem
1484 3669 1542 3724 dici
1563 3669 1743 3726 ecclesiastici
1754 3664 1792 3721 dr·

46 3764 56 3783 ·”
148 3761 223 3832 quod
238 3762 276 3816 ait
291 3762 441 3832 Apostolus
458 3761 724 3833 (qnodabsitateil
741 3766 889 3821 :Sitcmcn
905 3782 947 3823 ae-
999 3775 1091 3823 ctores
1111 3765 1234 3832 tradunt,
1255 3781 1311 3821 uon
1330 3763 1392 3836 quia
1422 3761 1516 3819 omnia
1550 3764 1738 3831 mentiantur,
1756 3754 1791 3816 sed

148 3855 216 3916 stili,
231 3870 283 3907 nou
298 3855 367 3908 audi
380 3853 419 3908 vel
432 3855 570 3926 exspoliati
582 3857 750 3911 inueniuntur
762 3860 806 3926 (ll
818 3860 877 3914 Cor.
890 3862 944 3927 vl.»
999 3861 1062 3932 quia
1077 3858 1166 3917 dubim
1184 3868 1212 3916 et
1225 3866 1359 3930 suspectas
1379 3855 1555 3912 auctoritatis
1576 3872 1644 3914 esse
1660 3855 1790 3912 viduum.

148 3946 245 4000 Vestiti
261 3962 326 4018 ergo
339 3946 443 4001 erimus
456 3946 509 4002 lide
527 3956 635 4003 anostra.
652 3951 687 4004 Et
704 3949 762 4020 ipsa
777 3948 843 4006 tides
858 3959 886 4006 et
900 3959 946 4007 tu·
1001 3957 1073 4010 Nam
1091 3953 1243 4025 saepissime
1265 3951 1352 4007 multa
1367 3949 1498 4006 canonica
1515 3950 1575 4005 suis
1600 3950 1707 4008 naeniis
1726 3951 1790 4004 intrr-

148 4039 208 4095 nica
224 4048 265 4095 est
278 4048 305 4096 et
327 4040 420 4096 lorica.
437 4041 552 4109 Tunica,
567 4049 664 4098 contra
679 4041 884 4112 contusionem,
908 4045 946 4102 lo-
999 4055 1105 4112 serunt,
1123 4062 1185 4119 quae
1198 4060 1371 4118 nequaquam
1390 4042 1529 4099 Catholici
1544 4059 1617 4100 curn
1633 4045 1738 4100 eisdem
1749 4054 1788 4096 na

148 4133 215 4200 rica,
233 4142 328 4190 contra
343 4132 547 4190 adversitatem.
999 4140 1051 4196 niis
1065 4138 1185 4197 refutare
1197 4139 1346 4197 debebunt.
1359 4135 1444 4194 Unde
1460 4151 1548 4207 supra
1563 4136 1664 4195 dictus
1678 4153 1742 4210 pape
1752 4134 1788 4189 lit·

183 4229 288 4283 Praeter
305 4227 364 4283 baec
385 4236 487 4296 autern,
514 4227 709 4301 qulnquaginta
728 4229 845 4301 capitula
869 4232 944 4288 inse·
1000 4234 1102 4290 lasins:
1120 4256 1133 4281 ι
1147 4232 1284 4305 Nunquid,
1307 4231 1405 4303 inquit,
1420 4229 1448 4284 in
1464 4229 1598 4300 ipsorum
1613 4230 1787 4289 haereticam

147 4320 274 4386 niuntur,
298 4336 361 4392 quae
383 4336 502 4377 canones
525 4322 715 4392 apostolorum
740 4323 941 4394 inscribuntur,
998 4327 1076 4383 libris
1089 4343 1145 4383 uon
1159 4326 1248 4381 multa
1271 4341 1333 4397 quae
1358 4323 1393 4381 ad
1407 4322 1556 4379 veritatem
1581 4326 1741 4397 pertineant
1756 4333 1789 4392 pr

145 4414 244 4486 qrribus
258 4423 351 4469 tamen
368 4412 479 4470 dilsrcile
491 4414 608 4471 creduut
621 4415 669 4486 qui
684 4416 712 4472 in
725 4417 861 4487 predictis
874 4433 940 4490 apo·
996 4421 1048 4477 sita
1063 4421 1240 4493 releguntur?
1250 4417 1445 4491 Nunquidnam
1458 4415 1523 4472 ideo
1540 4419 1653 4475 veritas
1668 4412 1789 4475 return&

145 4508 281 4563 stolorum
295 4507 408 4580 synodis
420 4506 490 4563 nihil
503 4508 538 4565 de
552 4507 595 4563 his
608 4512 941 4568 commemoratuminve·
959 4536 982 4599 υ
995 4520 1046 4580 est,
1062 4513 1124 4585 quia
1144 4514 1254 4569 illorum
1275 4512 1348 4576 libri,
1371 4510 1418 4565 ubi
1443 4510 1572 4580 pravitas
1588 4512 1719 4577 intereat,
1731 4505 1789 4566 retr

145 4601 231 4655 niunt.
248 4600 301 4656 Sed
314 4609 341 4656 et
356 4601 472 4672 plurima
486 4609 550 4657 suut
563 4617 625 4674 quae
644 4617 676 4658 ex
697 4603 844 4674 apostolica
861 4605 940 4661 iusti·
993 4609 1178 4675 tanturihut,
1191 4605 1253 4661 ideo
1266 4604 1342 4677 pravi
1356 4603 1416 4658 libri
1427 4602 1608 4674 suscipiendi
1619 4614 1688 4663 sunt
1700 4613 1788 4661 eorm·

145 4695 251 4750 tutione
269 4695 433 4767 accepimus,
459 4711 521 4767 qum
541 4704 633 4752 tarum
654 4697 750 4753 inillis
766 4714 941 4771 nequaquam

144 4787 307 4842 invenimus.
323 4790 379 4843 Nec
394 4788 487 4859 utique
510 4805 620 4846 necesse
643 4788 697 4846 init
711 4798 741 4846 ut
751 4791 865 4863 apostoli
880 4809 940 4849 om·

143 4881 186 4936 nia
203 4880 389 4935 communiter
400 4880 585 4950 instituerent,
600 4899 665 4939 cum
682 4892 710 4939 et
730 4884 887 4958 singillatim
901 4896 940 4941 ta·

143 4973 177 5029 lia
189 4973 329 5028 instituere
343 4982 464 5045 possent,
479 4975 549 5032 sicut
567 4976 650 5033 etiam
666 4978 784 5033 Romani
800 4980 940 5049 pontifices

142 5082 174 5123 ex
189 5080 285 5123 eorum
296 5068 455 5124 auctoritate
467 5068 560 5125 adhuc
571 5066 663 5127 iacere
676 5071 775 5127 solent.

177 5164 251 5234 Ergo
276 5160 424 5234 postposita
445 5163 629 5234 quommdam
653 5163 856 5220 inconsiderata
877 5164 938 5237 opi·

141 5256 236 5319 nione,
274 5270 325 5311 nos
349 5255 438 5328 magis
473 5256 686 5328 apostolicorum
715 5258 847 5325 virorum,
878 5261 937 5314 lto·

139 5364 289 5404 manorum
321 5349 415 5421 utique
445 5349 606 5421 pontificum
637 5351 806 5407 attestationi
841 5351 937 5408 creda·

140 5456 212 5506 mus,
245 5442 291 5511 qsri
311 5424 418 5511 singula
453 5458 521 5515 pene
553 5444 671 5516 capitula
694 5445 859 5503 eorumdem
888 5463 936 5503 ca-

138 5547 245 5587 nonum
260 5534 400 5604 apostolos
414 5535 563 5591 instituisse
575 5539 690 5609 sparsim
711 5539 739 5594 in
750 5539 868 5596 decretis
880 5540 937 5596 suis

136 5624 933 5705 testificantur.Nempezephyrinnspapa,aB.PetroXVl,

137 5719 275 5789 apostolos
289 5721 460 5792 septuaginta
482 5739 602 5780 canones
624 5724 779 5782 condidisse
801 5735 932 5796 testatum

134 5822 255 5881 pirorum
275 5810 470 5888 quinquaginta
496 5823 604 5873 mutum
625 5816 721 5875 beatus
745 5818 879 5893 isidorus,
905 5819 935 5877 in

995 4701 1058 4772 qnia
1082 4700 1193 4769 veritas,
1222 4713 1284 4770 quea
1311 4698 1364 4753 illic
1374 4697 1485 4751 inserta
1508 4704 1564 4765 est,
1589 4714 1652 4755 non
1674 4693 1789 4771 nepam?

996 4794 1042 4849 att
1060 4793 1209 4866 Apostolus
1226 4810 1232 4846 ε
1258 4793 1354 4849 Omnia
1364 4789 1495 4861 probate3
1522 4792 1604 4861 quod
1633 4794 1727 4849 boum
1747 4790 1786 4843 ut.

996 4891 1079 4943 tenete
1103 4888 1209 4956 (Thess.
1240 4885 1292 4957 u).
1323 4886 1408 4956 Ergo,
1424 4883 1506 4955 juxta
1534 4883 1677 4943 eumdem
1695 4889 1785 4957 apuatr

993 4980 1089 5048 licum,
1104 4988 1252 5050 utrumque
1266 4978 1399 5034 debemus
1416 4996 1422 5031 :
1438 4983 1465 5032 et
1477 4976 1589 5034 librum
1604 4978 1644 5036 dc
1658 4974 1785 5036 sananim

993 5074 1183 5146 apostolorum
1198 5089 1247 5145 pro
1269 5069 1423 5144 apocrypho
1442 5069 1615 5142 repudiare;
1633 5081 1662 5129 et
1673 5066 1783 5143 murm.

992 5166 1016 5223 si
1031 5184 1083 5240 qua
1103 5167 1130 5224 in
1144 5167 1189 5222 illo
1204 5166 1238 5223 ad
1260 5165 1403 5221 veritatem
1419 5162 1594 5236 pertinentia
1611 5164 1781 5222 inventurus.

992 5277 1048 5316 nou
1069 5259 1215 5331 reprobare
1233 5275 1239 5313 :
1255 5258 1311 5325 illa,
1334 5257 1457 5329 inquam,
1479 5256 1617 5325 minime,
1639 5246 1780 5332 quaesanfl'

992 5356 1087 5411 Patres
1117 5368 1165 5425 pro
1197 5351 1362 5408 authenticis
1388 5358 1569 5420 recepemnt,
1594 5351 1657 5409 imo
1683 5354 1777 5424 quur·

991 5446 1151 5503 auctoritate
1170 5462 1233 5503 suas
1253 5443 1409 5503 sanctiones
1433 5442 1597 5514 saepissime
1613 5440 1775 5502 armaverat

990 5540 1077 5596 Multa
1094 5538 1206 5611 quidem
1217 5547 1245 5595 et
1259 5538 1309 5594 alia
1325 5536 1465 5610 apostolos
1477 5536 1642 5597 instituisse
1653 5554 1708 5597 non
1718 5524 1773 5591 Η

989 5642 1092 5702 tamum
1108 5649 1169 5706 quae
1184 5642 1276 5690 tamen
1290 5631 1363 5688 nullo
1378 5645 1475 5686 eorum
1494 5632 1615 5704 speciali
1630 5632 1771 5705 mptol'

988 5728 1109 5800 mulgata
1132 5727 1292 5799 reperimus.
1324 5724 1404 5782 Unde
1435 5722 1536 5781 beatus
1562 5712 1770 5801 angustans·

989 5820 1058 5880 libro
1076 5830 1196 5880 sconua
1211 5819 1386 5890 Donatistae,
1402 5840 1415 5867 s
1438 5815 1474 5875 de
1488 5816 1640 5892 baptismo
1653 5808 1768 5893 ouda*
