3870 6164
174 266 227 320 ser
329 222 332 226 ⁵

700 268 799 325 LlBER
819 268 1002 333 SECUNDUS.
1020 296 1056 310 ·-
1075 268 1179 324 sulse.
1201 268 1297 323 xtvn.

1688 322 1692 345 ζ
1770 276 1821 330 ess

173 388 347 461 ministrandi
362 388 453 447 locum
478 388 607 460 babeant,
622 407 673 448 nec
691 391 740 461 illi,
754 393 801 465 qui
825 391 854 448 in
879 392 970 448 crimi·
984 396 1011 459 Α
1024 392 1132 461 Sahbee,
1147 392 1176 448 in
1190 391 1322 465 legatione
1336 391 1468 450 biarchiae
1478 393 1644 459 constitutis,
1659 368 1774 452 salutem
1796 405 1825 479 eq
1926 468 1933 475 .

171 496 206 538 ne
218 480 413 540 fornicatiouis
419 482 524 555 Jacent‚
540 484 639 541 missas
649 484 799 555 celebrere,
813 494 862 543 aut
875 501 971 543 secun

169 572 243 631 dum
261 575 405 633 interiores
428 577 540 635 ordines
561 577 719 635 ministrare
741 579 827 635 altari
843 578 970 635 debeant.

168 669 241 739 Quae
263 685 328 726 cum
341 685 389 727 eos
402 679 496 728 saneta
520 679 548 727 et
565 672 715 744 apostolica
738 680 828 729 mater
849 672 971 729 Ecclesia

162 760 228 833 jem
244 778 260 819 a
281 771 405 836 tempore
415 762 488 821 beati
506 764 608 822 Leonis
622 781 699 839 papae
713 782 787 839 saepe
802 765 832 821 iu
844 765 971 822 conciliis

166 863 232 913 tum
247 872 296 928 per
307 856 423 930 legatos,
438 865 497 914 tum
509 874 557 931 per
571 858 701 929 epistolas
715 859 744 915 in
758 875 787 915 se
801 867 830 915 et
840 860 971 916 commis·

164 964 213 1006 ses
230 949 284 1006 sibi
294 942 397 1022 plebes,
414 958 510 1024 utpote
533 951 568 1008 ab
582 952 781 1025 antiquioribus
794 952 915 1026 neglecte
928 969 970 1009 re·

164 1059 276 1101 novare
290 1052 319 1100 et
332 1043 478 1102 observare
494 1046 709 1115 commonuerit,
726 1046 873 1119 rogaverit,
887 1055 914 1102 et
928 1063 972 1103 ac-

162 1145 250 1211 cepta
273 1152 322 1211 per
343 1140 458 1195 Petrum
482 1138 645 1195 auctoritate
662 1139 791 1213 jusserit3
817 1138 907 1196 adhuc
932 1147 973 1195 ta·

165 1247 238 1288 men
248 1229 436 1290 inobedientes
450 1231 581 1304 (exceptis
594 1233 746 1304 perpaucis)
756 1240 813 1288 tarn
825 1248 970 1290 exsecran-

162 1325 239 1382 dam
259 1323 492 1382 consuetudiuem
512 1326 587 1383 nulla
601 1324 766 1383 studuerunt
787 1326 972 1398 prohibitione

1026 486 1205 558 apostolicam
1217 483 1446 553 benedictionem,

1061 577 1227 635 Mandemus
1244 577 1320 634 vobis
1339 575 1533 658 utldiligenter
1550 580 1717 637 conveniatis
1731 580 1822 637 homi·

1025 687 1075 728 ees
1087 672 1160 742 illos,
1177 673 1276 746 qulbus
1292 674 1409 732 Michael
1428 673 1596 731 pisaurensis
1613 675 1756 747 episcopus
1769 678 1822 732 Ec·

1025 764 1115 822 elesiae
1134 781 1193 823 suae
1207 764 1279 823 bona
1293 767 1401 825 incaute
1421 767 1526 836 tribuit,
1546 768 1640 840 eisque
1661 767 1823 825 auctoritate

1025 857 1174 931 apostolica
1198 859 1291 915 omnia
1316 861 1445 918 Ecclesiae
1468 869 1495 917 et
1521 861 1649 933 episcopo
1678 861 1823 918 restituere

1026 950 1197 1023 precipiatis,
1211 960 1291 1024 atque
1303 962 1383 1024 prout
1398 953 1550 1026 oportuerit
1566 953 1668 1025 cogatis
1682 973 1688 1009 :
1709 962 1737 1009 et
1750 953 1823 1010 insu-

1027 1059 1077 1116 per
1096 1045 1265 1118 episcopum,
1290 1047 1313 1102 ei
1338 1046 1530 1104 inobedienter
1549 1044 1662 1116 inerint,
1690 1062 1723 1104 ex
1746 1056 1822 1119 parte

1025 1137 1117 1195 Sancti
1137 1139 1212 1194 Petri
1233 1147 1261 1194 et
1279 1148 1373 1196 nostra
1398 1139 1578 1212 corporaliter
1597 1139 1648 1196 sub
1668 1140 1759 1196 banno
1780 1141 1822 1196 in·
1915 1130 1922 1142 ”

1025 1231 1125 1288 vestire
1139 1231 1227 1303 palam
1250 1233 1391 1301 studeatis,
1414 1248 1516 1305 eosque
1537 1232 1650 1306 gratiam
1666 1232 1757 1289 Sancti
1772 1234 1823 1289 Pe·
1890 1252 1893 1275 ι

1025 1324 1060 1380 tri
1086 1333 1115 1382 et
1139 1334 1263 1405 nostram
1292 1326 1442 1383 amissuros
1467 1325 1489 1382 si
1514 1325 1629 1382 rebelles
1658 1325 1823 1398 exstiterint,

161 1417 311 1485 decidere,
323 1417 397 1474 nulla
410 1415 581 1474 districtione
602 1418 710 1492 punire,
725 1435 781 1475 non
796 1420 970 1477 attendentes

158 1510 245 1586 qnod
264 1511 399 1584 scriptum
419 1519 471 1580 est,
484 1515 552 1583 quio
570 1513 708 1568 orbioudi
719 1517 905 1583 peccatumest
929 1531 971 1571 ee·

1026 1427 1117 1490 aperte
1140 1419 1294 1475 insinuetis.
1322 1421 1473 1492 Episcopos
1501 1435 1621 1491 quoque,
1649 1427 1679 1475 et
1697 1419 1821 1488 comites,

1027 1518 1194 1585 cunctosque
1216 1511 1307 1568 Sancti
1321 1513 1395 1569 Petri
1414 1512 1507 1569 lideles
1527 1512 1641 1569 tirmiter
1661 1512 1822 1586 praecipien-

156 1622 315 1677 pupnere,
324 1610 349 1661 et
364 1608 445 1677 quusi
453 1609 553 1661 cumen
561 1607 800 1662 moiolotrieeuolle
811 1611 975 1678 acquiescere
1027 1612 1069 1661 tes
1083 1611 1186 1680 rogate,
1203 1613 1338 1678 quatenus
1356 1605 1483 1679 episcopo
1498 1605 1650 1662 Pisaurensi
1665 1606 1701 1662 ad
1714 1621 1761 1662 eos
1775 1621 1823 1661 er·
1903 1624 1906 1631 ¹

158 1702 188 1765 (1
199 1702 272 1769 step.
293 1703 355 1764 xv).
375 1699 446 1755 Cum
464 1697 545 1770 igitur
558 1698 611 1755 illis
625 1699 786 1772 apostolica,
807 1701 864 1756 imo
888 1701 974 1757 sancti
1029 1699 1189 1771 pugnandos
1208 1699 1341 1771 spirituaii
1354 1709 1381 1755 et
1401 1698 1526 1755 saeculari
1547 1699 1657 1768 auxilio,
1678 1707 1761 1770 prout
1775 1714 1824 1755 ne·

157 1792 292 1866 Spiritus
312 1790 444 1849 mandata
466 1791 673 1865 spernentibus,
693 1802 721 1849 et
732 1793 835 1851 scelera
854 1793 975 1851 subdito
988 1778 1012 1840 Β
1027 1807 1102 1848 cesse
1126 1790 1221 1861 luerit,
1235 1791 1353 1848 ndetiter
1371 1791 1533 1849 subveniant
1548 1812 1556 1848 :
1571 1792 1692 1848 maxime
1707 1808 1754 1849 eos
1776 1792 1823 1866 qni

157 1902 235 1943 rum
255 1885 405 1943 criminosa
420 1883 575 1943 foventibus
584 1885 724 1958 patientie,
739 1885 830 1943 divina
847 1887 971 1944 ministe-
1026 1884 1112 1958 pretio
1126 1894 1233 1958 recepto
1247 1893 1350 1941 terram
1365 1884 1457 1941 adhuc
1468 1885 1600 1942 violenter
1611 1893 1638 1941 et
1649 1885 1766 1958 superbe
1779 1900 1823 1941 re-

153 1981 207 2036 ria
230 1978 344 2053 indigue
367 1979 488 2046 tractari,
513 1981 644 2052 populum
668 1979 762 2037 seduci
785 1980 971 2053 intelligimus,
1026 1978 1114 2034 tinere
1129 1994 1187 2034 non
1201 1986 1337 2048 verentur,
1357 1995 1415 2050 pree
1435 1979 1684 2035 caeterisacerrlme
1702 1977 1822 2050 corriga-

152 2073 220 2130 alio
231 2073 357 2146 quolibet
370 2071 456 2129 modo
469 2080 567 2129 contre
577 2072 636 2130 haec
649 2072 760 2146 vigilare
771 2089 823 2130 nos
834 2074 972 2142 convenit,
1027 2070 1060 2127 tis
1074 2080 1102 2128 et
1121 2070 1192 2129 bona
1204 2072 1334 2128 Ecclesiae
1358 2072 1488 2144 episcopo
1509 2071 1724 2129 intromittentes
1742 2071 1821 2128 resti·

145 2168 271 2240 quibus
290 2182 355 2223 cura
379 2166 517 2223 Dominlcl
532 2167 620 2240 gregis
636 2181 692 2239 prtu
706 2168 814 2224 eunctis
828 2167 972 2224 incumbit.
1026 2163 1117 2223 tuatis.
1133 2166 1237 2221 Omnes
1249 2165 1333 2220 etiem
1347 2164 1408 2222 lites
1426 2164 1500 2220 inter
1510 2164 1672 2238 episcopum
1687 2172 1714 2220 et
1728 2164 1821 2222 edver-

148 2261 263 2318 Multo
285 2260 358 2316 enlm
372 2259 472 2316 mellus
492 2260 571 2316 nobis
589 2259 697 2315 videtur
712 2260 847 2332 justitiam
861 2244 911 2317 liei
930 2261 973 2317 vel
1027 2258 1114 2314 serios
1131 2257 1190 2330 ejus
1203 2258 1238 2314 ad
1252 2258 1398 2314 utilitatem
1421 2261 1528 2315 Sanctae
1544 2258 1639 2316 Marlae
1659 2257 1824 2315 pisaurensis

142 2354 251 2412 moris
269 2352 436 2410 reaedilleare
448 2353 581 2421 consiliis,
601 2370 684 2427 quem
708 2354 812 2422 animas
830 2354 974 2411 hominum
1029 2351 1157 2408 Ecclesiae
1171 2350 1287 2408 delinire
1302 2353 1462 2424 procuretis,
1477 2351 1578 2409 nullius
1591 2351 1764 2424 negligentiae
1780 2352 1822 2407 in-

145 2464 223 2506 ιιιιιι
239 2463 307 2503 cum
321 2445 426 2520 legibus
443 2447 569 2520 deperire
582 2446 722 2520 neglectis.
746 2448 919 2521 Quapropter
939 2447 973 2505 ad
1026 2445 1316 2502 terrenienteincuria.

139 2548 190 2599 te
206 2541 295 2610 etad
308 2556 404 2597 omnes
417 2539 451 2597 de
472 2556 593 2611 quorum
606 2541 659 2601 llde
680 2549 710 2599 et
721 2541 868 2599 devotione
888 2541 974 2597 conli-
1049 2537 1822 2607 Dataltomae,idibusJanuarii,indictionedecimatertia.

134 2636 265 2694 dimus
281 2650 358 2691 nunc
377 2635 574 2701 convertimur,
591 2643 720 2707 rogantes
738 2651 798 2701 vos,
820 2644 850 2692 et
862 2643 972 2707 aposto·
1012 2694 1014 2699 ,
1265 2677 1441 2733 EPISTOLA
1460 2679 1563 2734 XLV„

134 2726 219 2786 lica
245 2728 411 2784 auctoritate
435 2727 615 2784 admonentes
641 2737 671 2784 ut
697 2714 828 2801 quidquid
854 2727 972 2800 episcopi
1565 2779 1574 2824 ¹

135 2822 270 2880 debinc
285 2822 435 2894 loquantur
447 2829 495 2878 aut
515 2829 633 2891 taceam,
657 2836 706 2878 voe
726 2820 849 2878 officium
877 2835 974 2876 eorum
1233 2784 1280 2824 *D
1300 2784 1527 2839 mmmm
1549 2785 1600 2825 Μ’

133 2930 241 2990 qnos
257 2921 307 2971 aut
319 2913 474 2975 Simoniece
488 2923 630 2986 promotos
645 2922 673 2970 et
695 2914 849 2984 ordinatos,
871 2922 920 2982 aut
943 2913 971 2969 in
1333 2886 1424 2955 (ᾸῦΗο
1445 2889 1538 2949 ¹⁰⁷⁵·)

134 3009 289 3068 marine
309 3007 499 3065 lornicetionis
523 3007 646 3080 iacentes
668 3006 863 3081 cognoveritis,
886 3006 973 3064 nulla·
1027 3003 1143 3056 Neritiut
1165 3017 1192 3056 se
1212 3003 1371 3071 precepisse
1386 3001 1493 3057 Clusino
1506 3002 1638 3071 episcopo,
1655 3000 1820 3070 quidinde·
1913 3030 1917 3037 ·

137 3108 253 3161 tenus
271 3100 411 3174 recipiatis
436 3120 443 3157 :
463 3109 491 3156 e,
505 3101 566 3158 ΜΒ
584 3100 679 3157 eadem
694 3100 818 3158 adstricti
843 3116 892 3173 pe,
911 3099 971 3156 ow
1062 3088 1121 3127 uun
1133 3073 1232 3155 'multis
1244 3074 1400 3127 criminibus
1416 3074 1560 3137 irretitum,
1575 3076 1600 3125 et
1618 3072 1652 3125 ab
1664 3066 1822 3155 Aiecuudro

140 3195 304 3254 dientiem
315 3203 372 3251 tam
391 3195 418 3250 in
432 3194 508 3251 curia
523 3194 606 3268 regis,
625 3211 706 3268 quam
721 3211 777 3268 per
795 3194 848 3250 alia
862 3194 922 3250 loca
942 3203 970 3249 et
988 3162 1010 3225 C
1058 3145 1491 3284 ffiffiffflssifffifiiffli
1505 3144 1823 3284 iurisiimciiiiirpiiitiiig

143 3297 329 3348 <conventus
342 3287 418 3362 regni
434 3288 606 3345 notificantes
619 3304 651 3344 ac
664 3287 868 3361 persuadentes,
881 3303 971 3360 quau·
1060 3287 1145 3340 lecum
1161 3287 1344 3341 substitueret.
1357 3287 1435 3341 iubet
1448 3302 1482 3340 ue
1504 3286 1575 3340 dvcto
1589 3285 1708 3342 (luidoni
1725 3286 1763 3340 od
1783 3302 1824 3339 re·
1890 3328 1893 3333 .

148 3389 232 3441 tum
247 3381 373 3456 potestis,
389 3382 459 3438 tales
475 3380 655 3437 sacrosanctis
666 3380 802 3437 deservire
818 3381 970 3454 mysteriis,
1060 3357 1200 3412 amdam
1209 3359 1420 3427 mimulam
1436 3358 1542 3412 “mim
1555 3359 1620 3411 sini·

150 3477 258 3535 cuam
278 3474 354 3543 vi,si
375 3473 541 3548 oportuerit,
565 3473 744 3546 prohibeatis.
760 3474 789 3531 Si
804 3474 852 3546 qui
877 3481 971 3530 autem
1060 3474 1236 3529 Gereonrus
1247 3471 1401 3543 episcopus,
1414 3487 1510 3528 servus
1524 3486 1666 3528 servorum
1677 3472 1740 3535 Dei,
1752 3475 1825 3530 lint·

154 3578 270 3628 mentm
291 3584 340 3625 vos
362 3567 441 3642 qnasi
461 3568 535 3624 istud
554 3566 640 3624 cilicii
664 3567 745 3624 vestri
769 3583 826 3623 non
840 3582 900 3624 esse
922 3566 970 3623 ali·
1024 3581 1118 3623 nsnro
1131 3566 1186 3621 lelio
1200 3565 1561 3638 Uglzonis(Uguccionis,et
1575 3568 1613 3620 sic
1627 3567 1718 3634 olibi),
1740 3574 1824 3638 etque
1881 3634 1885 3641 Ι

156 3662 240 3737 quid
251 3661 357 3734 garrire
369 3658 510 3733 incipient,
529 3659 582 3716 hoc
597 3659 651 3717 illis
664 3659 827 3734 respondete
848 3681 855 3716 ι
869 3663 910 3718 Ut
922 3675 971 3716 ve-
1025 3662 1180 3716 ltnnvenro
1189 3658 1248 3715 lllio
1256 3658 1399 3731 bulgarelli
1411 3659 1487 3715 uxori
1499 3674 1609 3731 quoque
1624 3657 1823 3731 Pepouisdon·

162 3765 262 3813 stram
272 3761 302 3812 et
313 3754 407 3827 populi
422 3753 541 3810 salutem
563 3769 619 3810 non
633 3753 820 3827 impedientes,
830 3752 865 3810 de
883 3752 970 3826 injun·
1024 3768 1067 3809 nae
1078 3753 1186 3817 Guillae,
1201 3751 1264 3808 etin
1277 3752 1360 3808 etiam
1374 3752 1481 3808 comitis
1496 3751 1621 3825 Ardingi,
1639 3751 1824 3825 omnibusque

163 3858 215 3906 eta
231 3846 321 3905 'vobis
339 3846 495 3905 obedientia
521 3847 556 3905 ad
575 3863 627 3904 nos
642 3847 788 3905 nobiscum
807 3846 971 3920 disputaturi
1023 3846 1051 3903 in
1065 3846 1177 3904 Clusino
1190 3845 1323 3903 comitatu
1336 3845 1584 3915 commorantibus,
1596 3853 1656 3902 tam
1670 3845 1824 3918 majoribus

164 3942 292 3999 venient.
302 3941 372 4013 Quia
383 3956 458 4010 vero,
475 3940 680 4014 te,1lodulpbe,
696 3940 758 3997 dico
768 3939 867 3997 ducem
877 3940 972 3997 etoha-
1024 3956 1106 4014 qnam
1129 3939 1283 3998 minoribus
1304 3939 1404 3997 Christi
1419 3939 1565 4013 sanctique
1587 3939 1662 3996 Petri
1678 3938 1820 4008 fidelibus,
1868 3949 1871 3954 ’

165 4034 315 4093 tissimum
328 4034 415 4092 sancti
427 4032 500 4091 Petri
521 4033 620 4098 tilium,
638 4032 673 4090 ad
689 4033 831 4107 religionis
844 4033 971 4106 spiritum
1024 4035 1139 4092 salntem
1154 4042 1181 4090 et
1196 4033 1375 4106 apostolicam
1390 4033 1622 4091 benedictionem.

168 4127 362 4187 desideranter
374 4126 504 4185 anhelare
521 4126 700 4195 confidimus,
716 4125 788 4184 uude
808 4142 860 4184 nos
874 4142 971 4183 consu·
1061 4129 1176 4185 Constat
1199 4127 1277 4184 vobis
1292 4126 1352 4183 fieri
1367 4127 1542 4184 notissimum
1560 4124 1716 4184 Gnidonem
1730 4126 1822 4182 Eccle-

171 4221 260 4291 luisti‚
275 4217 410 4295 quidquid
421 4220 501 4278 nobis
519 4218 666 4293 perfectius
687 4220 776 4277 visum
791 4228 843 4289 est,
857 4219 893 4277 ad
910 4235 970 4277 cor·
1024 4221 1073 4278 sim
1085 4220 1187 4278 Christi
1200 4223 1330 4294 martyris
1346 4228 1375 4278 et
1387 4221 1502 4293 virginis
1515 4221 1652 4276 Mustiolae
1666 4219 1822 4293 perjurium

171 4313 325 4372 Mortem
339 4321 415 4371 tuam
437 4313 669 4383 tibiintimamus‚
686 4322 716 4370 ut
730 4322 971 4386 quantumcunque
1025 4314 1209 4383 multipliciter
1231 4313 1390 4380 incurrisse,
1415 4330 1465 4370 nec
1488 4330 1545 4370 non
1566 4322 1595 4369 et
1614 4312 1822 4370 iomlcationem

172 4406 254 4481 pretii
267 4416 298 4464 te
316 4423 365 4481 pro
387 4405 566 4480 disponendis
580 4406 610 4463 in
631 4407 754 4466 Ecclesia
774 4406 877 4463 clericis
895 4421 972 4463 acce·
1026 4407 1143 4480 publice,
1159 4407 1286 4465 adulterii
1307 4422 1416 4480 quoque
1430 4406 1535 4463 crimen
1550 4405 1725 4474 sustinuisse,
1743 4405 1823 4461 satis·

174 4501 249 4572 pisse
261 4499 426 4569 recorderis,
441 4507 488 4556 aut
501 4500 530 4556 in
548 4498 679 4557 utilitates
691 4499 814 4573 ejusdem
830 4499 1175 4571 Eccleeiae,1)factionem
1199 4500 1317 4574 denique
1339 4498 1468 4557 exhihere
1491 4498 1651 4556 omnimodo
1676 4498 1821 4556 devitasse.

174 4593 197 4649 si
209 4593 330 4651 attinere
347 4591 372 4650 ei
384 4593 501 4662 videtur,
519 4601 569 4650 aut
582 4593 610 4649 in
626 4608 693 4650 usus
707 4608 859 4667 pauperum
872 4608 971 4666 erpen-
1024 4594 1084 4664 Qua
1097 4594 1133 4652 de
1147 4610 1177 4652 re
1190 4593 1302 4651 afelicis
1315 4594 1457 4651 memoriae
1467 4592 1572 4649 domno
1587 4591 1742 4648 Alexandro
1755 4606 1821 4648 nos·

176 4685 233 4754 dus,
252 4686 373 4744 utnulla
389 4686 458 4745 inte
476 4686 745 4761 reprehensibilitatis
762 4687 871 4743 macule
884 4703 970 4744 reme·
1024 4697 1067 4744 tro
1092 4687 1303 4760 predecessore,
1324 4696 1352 4742 et
1369 4686 1557 4759 apraelatione
1580 4685 1705 4759 ejusdem
1729 4685 1821 4742 scele-

177 4788 257 4838 uente
275 4779 349 4838 inter
362 4779 464 4838 electos
483 4781 562 4854 regni
574 4780 694 4838 coelestis
707 4767 789 4837 'cives
800 4780 897 4837 ascribi
910 4796 970 4838 me·
1024 4782 1073 4838 siae
1087 4780 1302 4838 irrevocabiliter
1318 4796 1378 4838 esse
1391 4780 1545 4852 expulsum,
1567 4796 1599 4837 ac
1613 4796 1662 4852 pro
1674 4788 1821 4837 contuma-

179 4873 258 4932 rude
1025 4875 1066 4931 cia
1090 4873 1293 4943 inobedientiae,
1311 4873 1335 4930 si
1356 4888 1479 4946 unquam
1502 4873 1615 4930 ulterius
1637 4873 1672 4931 ad
1695 4870 1822 4930 eamdem

1027 4968 1243 5042 presumpsisset
1261 4967 1393 5040 ¹aspirare
1431 4969 1655 5040 praeposituram,
1692 4974 1823 5038 perpetuo

1026 5062 1192 5119 anathemati
1212 5061 1364 5119 subditum.
1389 5061 1458 5132 Quia
1479 5077 1543 5119 vero
1566 5060 1706 5117 confrater
1729 5067 1824 5116 noster

1027 5155 1197 5213 Lauicancns
1211 5156 1339 5212 Clusinus
1354 5155 1498 5228 episcopus
1509 5154 1694 5228 quorumdam
1711 5166 1825 5210 suorum

1028 5249 1148 5307 ildelium
1161 5265 1223 5323 quae
1236 5249 1324 5306 carnis
1342 5257 1406 5306 sunt
1416 5249 1584 5322 sapientium
1598 5247 1713 5305 consilio
1728 5244 1824 5314 lretus,

1029 5341 1158 5412 eumdem
1170 5342 1327 5400 Gnidouem
1346 5342 1461 5399 tentavit
1474 5341 1564 5398 eidem
1578 5341 1707 5397 canonice
1725 5340 1825 5396 iterum

1028 5452 1186 5509 praeponere
1208 5445 1302 5501 contra
1329 5439 1464 5493 Itomauae
1479 5435 1607 5492 Ecclesiae
1622 5433 1824 5499 auctoritatem,

212 5547 329 5602 rm„
341 5550 635 5619 mmmmm,
648 5548 780 5618 alienata,
800 5551 825 5601 ep
838 5547 911 5600 prtem
929 5547 974 5599 in·
1028 5538 1179 5602 contraque
1213 5530 1342 5587 omnium
1365 5529 1543 5587 familiarium
1572 5540 1631 5584 tam
1663 5527 1827 5584 clericorum

211 5620 252 5672 ier
265 5619 420 5692 episcopum
435 5624 462 5675 et
474 5619 542 5675 ulios
555 5620 698 5688 detumet.
926 5695 931 5706 1
1030 5639 1116 5696 quam
1135 5619 1278 5693 laicorum,
1301 5624 1460 5681 unanimem
1485 5620 1726 5693 conspirationem,
1750 5631 1826 5675 eum·

210 5719 810 5794 Gueontusepiseopus,servusserrorum
820 5718 881 5784 Dei,
892 5715 976 5777 Gerr·
1029 5715 1094 5773 dem
1109 5715 1270 5790 subjicimus
1288 5717 1448 5790 episcopum
1463 5712 1642 5773 satisfactioni
1662 5712 1753 5786 dignae
1771 5722 1828 5781 poe-

178 5826 230 5872 rso
247 5812 344 5872 abbati
360 5814 449 5875 aucti
463 5813 608 5887 bonifacii,
622 5823 650 5874 et
663 5817 761 5873 Meuro
778 5812 867 5869 abbati
883 5814 976 5872 Sancti
1030 5810 1162 5883 utente,
1178 5827 1210 5867 eo
1225 5811 1329 5867 scilicet
1341 5818 1448 5878 tenore,
1462 5825 1517 5880 quo
1531 5802 1705 5864 nominatum
1717 5799 1827 5864 surde-

211 4917 280 5026 Data
289 4970 400 5038 Romae,
413 4968 494 5027 tertio
506 4970 587 5040 [1111]
599 4968 664 5026 ldus
677 4967 809 5039 Jennerii,
822 4967 973 5025 indictione

182 5055 281 5121 ledum
293 5062 385 5120 tertia.

435 5164 612 5222 EPlSTOLA
630 5165 732 5223 XLVI.

287 5283 330 5325 sn
347 5281 498 5327 sereretur
516 5281 553 5324 er
570 5282 700 5326 ιιιιιιιιιιιι
719 5282 866 5325 asseres.

479 5370 569 5442 (Anno
590 5370 682 5441 tots.)

181 5468 292 5530 tuear
309 5477 344 5530 et
361 5476 530 5532 restituendo
550 5481 644 5531 curent
656 5475 724 5530 boue
740 5475 865 5531 Ecclesiae
878 5474 974 5530 Pisou-
