3870 6164
134 239 187 295 595
477 232 506 289 S.
525 230 686 289 Gueaouh
704 232 749 289 vll
770 233 868 289 PAPAE
885 231 1024 289 creauit
1043 230 1129 287 PARS
1147 230 1167 285 l.
1187 254 1224 271 ·-
1241 226 1443 287 ussulstntllt.
1490 272 1493 277 -
1577 218 1584 231 ¹

135 362 215 419 donc
223 357 327 432 ligandi
335 364 418 430 atque
427 356 716 429 solvendiapotestate
725 355 834 413 Petrise
844 357 934 415 saclu-
948 361 976 427 Α
989 353 1136 429 quemdam
1149 354 1307 409 senatorem
1327 350 1452 406 abbatem
1468 351 1509 407 hia
1523 349 1611 406 verbis
1628 367 1636 405 :
1652 349 1691 407 «l

136 469 200 513 aum
211 468 271 510 esse
286 452 432 519 existimat,
448 449 500 511 nisi
510 449 582 507 forte
597 448 689 506 infelix
703 450 747 506 ille
761 452 820 523 qui,
831 451 930 524 jugum
985 463 1167 521 veroregnm,
1178 444 1497 516 sacerdotunr,judieum
1507 451 1591 517 atque
1606 444 1691 501 saecul

134 546 248 605 Domini
257 554 367 619 portare
376 546 483 613 nolens,
494 543 595 600 diaboli
605 544 752 617 sosubjicit
760 544 849 611 oneri,
865 554 893 601 et
903 545 932 601 iu
984 548 1180 617 personatum,
1202 540 1273 596 hanc
1293 537 1496 595 constitutionis
1520 545 1624 594 nostrae
1655 552 1690 609 pa

135 656 253 698 numero
268 640 362 697 otium
375 638 476 695 Christi
497 652 556 695 esse
569 640 694 695 recusati
708 639 756 694 cui
770 646 865 695 tamen
880 637 932 695 hoc
985 651 1151 710 agnoscens,
1170 642 1266 690 contra
1281 648 1341 689 eam
1355 633 1447 687 venire
1462 630 1623 699 tentaverit,
1643 638 1691 702 pot

137 732 172 790 ad
193 734 320 793 miseram
334 732 490 789 libertatem
503 731 618 788 minime
633 730 741 803 prolicit
763 731 838 804 quod
854 740 931 803 pote·
985 730 1153 801 honorisque
1170 728 1212 784 sui
1227 727 1358 800 dignitato
1371 733 1476 791 careat,
1492 740 1625 796 reumque
1641 739 1672 781 se

137 836 237 883 statem
264 826 347 894 Petri,
367 825 500 881 divinitus
521 824 573 881 sibi
594 839 765 892 concessam,
784 826 933 897 asaperba
982 824 1087 898 judicio
1104 822 1221 878 existere
1235 820 1269 877 dc
1287 827 1439 891 perpetrata
1454 819 1599 890 iniquitate
1618 832 1691 890 cogn

138 922 243 977 cervice
255 919 368 985 excutit,
390 919 520 991 quoniam
534 926 638 990 quanto
659 934 719 974 eam
739 919 867 991 quisque,
886 934 934 991 per
986 925 1022 986 et,
1034 918 1086 973 nisi
1100 932 1133 972 ea
1152 930 1215 988 quar
1234 915 1267 970 ab
1286 914 1331 970 illo
1345 921 1410 969 sunt
1430 912 1501 968 male
1515 911 1603 968 ablata
1619 910 1691 969 resti

137 1015 294 1079 elationem,
310 1010 381 1069 lcrro
401 1012 529 1085 abnegat,
541 1019 620 1067 tanto
642 1010 738 1068 durius
761 1010 797 1068 ad
816 1012 934 1069 damna·
987 1011 1029 1068 vel
1047 1009 1128 1083 digna
1142 1008 1298 1081 paenitentia
1318 1007 1411 1062 illicite
1422 1015 1481 1061 acta
1494 1005 1646 1074 dellevcrit,
1666 1021 1684 1061 a

137 1108 240 1163 tionem
254 1122 331 1162 suam
343 1105 372 1160 iu
388 1104 494 1177 iudicio
508 1112 608 1176 portat.
629 1106 708 1161 Hanc
728 1104 821 1177 itaque
834 1105 934 1162 divinae
986 1104 1092 1161 tissimo
1112 1118 1274 1175 corporeae
1294 1101 1425 1172 sanguino
1454 1101 1566 1155 Domini
1589 1098 1691 1155 Rcdon

137 1198 512 1265 voluntatisinstitutionem‚
534 1198 588 1254 hoc
601 1197 808 1254 firmamentum
822 1198 935 1271 dispen-
986 1198 1071 1254 nostri
1089 1199 1153 1252 lesu
1173 1196 1274 1251 Christi
1296 1195 1401 1250 alienus
1421 1193 1477 1260 liat,
1501 1202 1583 1264 atque
1598 1193 1625 1247 in
1648 1198 1691 1249 aet

138 1292 250 1350 sationis
264 1290 402 1360 Ecclesiae,
417 1291 470 1347 hoc
482 1291 653 1364 privilegium
668 1292 747 1348 beato
766 1296 848 1349 Petro
865 1308 932 1364 apo·
988 1290 1111 1348 examini
1135 1289 1264 1345 districtae
1289 1286 1400 1343 ultiouis
1423 1286 1573 1358 subjaceat.
1609 1309 1622 1335 ι
1651 1288 1691 1358 Qu

138 1386 274 1441 stolorum
293 1384 409 1456 principi
429 1384 532 1440 coelesti
547 1384 655 1441 decreto
672 1385 857 1457 principaliter
875 1394 934 1449 tra.-
987 1387 1018 1440 B.
1040 1383 1199 1456 Gregorius,
1221 1381 1317 1436 doctor
1331 1381 1426 1453 utique
1443 1379 1615 1448 mitissimus,
1634 1394 1691 1452 rega

138 1477 227 1533 ditum
253 1486 334 1549 atque
359 1476 501 1533 firmatum
521 1478 610 1533 sancti
635 1479 728 1533 Patres
747 1492 812 1535 cum
836 1494 934 1550 magna
988 1485 1091 1534 statuta
1117 1492 1167 1533 sua
1197 1490 1279 1547 super
1304 1490 1391 1529 unum
1417 1472 1625 1530 xenodochium
1650 1472 1691 1529 vit

137 1570 311 1627 veneratione
331 1571 507 1642 suscipientes
532 1577 614 1644 atque
634 1580 790 1639 servantes,
810 1581 934 1629 sanctam
986 1587 1044 1627 noa
1064 1570 1148 1627 modo
1167 1569 1279 1642 deponi,
1302 1567 1450 1624 sedetiam
1473 1565 1691 1623 excommunicat

138 1667 293 1721 itomanam
314 1663 468 1720 Ecclesiam
487 1664 590 1720 tamin
616 1665 791 1737 generalibus
812 1666 935 1721 conciliis
988 1681 1042 1737 que
1065 1665 1094 1720 iu
1119 1670 1222 1719 aeterno
1248 1660 1372 1716 examine
1406 1659 1530 1714 damnari
1567 1657 1691 1715 decrerit

138 1773 222 1830 quam
236 1757 317 1814 etiam
330 1758 361 1813 in
376 1757 483 1815 caeteris
495 1757 603 1828 scriptis
620 1766 648 1814 et
658 1758 741 1830 gestis
759 1758 816 1814 suis
829 1760 935 1815 univer·
952 1728 1041 1814 Buos
1051 1757 1203 1814 Hauricum
1218 1771 1274 1810 non
1288 1755 1380 1810 solum
1396 1754 1609 1825 apostolicorum
1617 1752 1691 1825 judit

138 1852 223 1909 salem
246 1858 364 1907 matrem
389 1851 606 1923 appellarenmt3
629 1860 656 1907 et
680 1853 751 1907 sicut
770 1851 830 1925 ejus
847 1852 935 1909 docu-
988 1858 1215 1923 contemptorem,
1228 1865 1322 1904 rerum
1344 1848 1425 1903 etiam
1440 1847 1524 1919 ipsius
1538 1847 1634 1902 matris
1649 1848 1691 1902 Ee

137 1953 230 2002 menta
239 1944 268 2000 in
281 1944 492 2001 confirmatione
507 1944 568 2001 lidei
587 1952 616 2000 et
626 1944 782 2002 eruditione
795 1961 881 2003 aacrae
895 1962 935 2001 re·
988 1944 1163 2019 quantumin
1176 1943 1296 2015 ipsoest,
1309 1941 1545 2008 conculcatorem,
1559 1940 1691 2013 totiusque

137 2038 259 2111 ligiouis,
280 2038 317 2093 ita
331 2037 529 2111 etiamjudicia
543 2046 731 2111 susceperunt,
747 2040 777 2095 in
796 2040 849 2095 hoc
871 2056 936 2094 con·
989 2046 1017 2096 et
1036 2038 1219 2094 Ecclesiarum
1239 2035 1474 2107 improbissimum
1489 2033 1652 2106 praedonem
1675 2049 1690 2089 e

138 2132 297 2194 sentientes,
317 2138 344 2187 et
355 2130 434 2203 quasi
447 2147 505 2187 uno
520 2131 616 2204 spiritu
631 2141 658 2188 et
674 2149 728 2188 una
744 2149 808 2189 roce
821 2149 934 2189 concor·
988 2133 1133 2189 cissimum
1154 2131 1352 2186 destructorem
1375 2128 1531 2200 deposuisse
1551 2137 1579 2183 et
1596 2143 1691 2183 excou

138 2224 245 2290 dantes,
266 2238 364 2280 omnes
389 2226 507 2295 majores
535 2240 579 2280 res
605 2234 631 2280 et
655 2225 790 2298 praecipua
814 2227 933 2298 negotia,
990 2241 1066 2281 casse
1089 2224 1284 2296 reprehendat,
1301 2223 1351 2278 uisi
1375 2222 1443 2277 lorte
1458 2222 1554 2276 similis
1565 2221 1644 2293 ejus?
1667 2222 1690 2277 si

137 2333 256 2375 necnon
271 2318 395 2373 omnium
411 2318 593 2375 Ecclesiarum
606 2318 934 2391 judicia,adeamquasi
989 2322 1011 2375 P
1014 2357 1068 2374 .....
1086 2320 1207 2389 (ltoccst,
1226 2320 1308 2373 Beato
1324 2320 1413 2372 Petro.
1430 2317 1541 2386 iluna.)
1557 2314 1691 2371 docentc=

137 2410 173 2467 ad
185 2419 304 2467 matrem
325 2418 353 2466 et
367 2419 450 2483 caput
460 2410 561 2467 debere
576 2409 683 2478 relerri,
695 2413 729 2467 ab
753 2426 784 2468 ea
798 2428 935 2484 nusquam
989 2413 1079 2467 rirnus
1100 2412 1127 2466 in
1147 2412 1258 2484 epistola
1280 2410 1314 2466 de
1328 2408 1501 2465 ordinatione
1515 2408 1677 2477 Clementis,

27 2538 32 2551 ·
137 2504 277 2575 appellari,
293 2503 396 2575 Judicia
409 2504 467 2576 ejus
486 2520 501 2560 a
524 2505 635 2560 nemine
657 2507 800 2562 retractari
822 2516 871 2561 aut
894 2523 935 2561 re·
989 2506 1028 2562 sic
1042 2505 1092 2561 ait:
1115 2528 1128 2553 ι
1140 2505 1167 2560 Si
1181 2504 1241 2575 quis
1256 2504 1361 2559 amicus
1373 2500 1457 2557 luerit
1470 2502 1502 2556 iis
1518 2526 1530 2549 a
1545 2500 1599 2574 [de]
1614 2502 1691 2573 quibt

139 2597 193 2652 lelli
205 2595 305 2653 dehere
315 2598 355 2653 vel
367 2614 456 2669 posse.
467 2596 551 2654 Unde
564 2598 660 2654 beatus
670 2599 795 2655 Celusius
807 2601 855 2655 Vll
868 2616 936 2671 papa
989 2600 1023 2655 de
1035 2597 1133 2654 eodem
1143 2598 1284 2654 Clemente
1298 2597 1392 2652 diceus
1405 2611 1460 2650 nou
1481 2595 1612 2667 loquitur,
1630 2617 1644 2643 ι
1662 2611 1691 2651 ιιι

139 2690 281 2747 harastnsio
306 2690 466 2762 imperatori
487 2691 609 2748 scribens
633 2695 745 2763 (quisti,
775 2692 867 2749 divina
883 2692 934 2748 lul·
990 2694 1086 2763 etipse
1106 2708 1139 2747 er
1161 2691 1276 2762 illisqui
1296 2691 1478 2745 exterminare
1500 2690 1551 2743 Dei
1568 2688 1691 2745 Ecclesia

139 2792 184 2839 tus
197 2783 370 2850 auctoritato,
392 2783 457 2854 quid
476 2792 504 2840 et
518 2785 634 2855 qualiter
646 2785 681 2841 de
698 2786 851 2858 principatu
871 2802 935 2842 san·
990 2786 1065 2851 lunt;
1089 2794 1118 2841 et
1136 2785 1160 2840 si
1179 2800 1243 2840 cum
1266 2799 1381 2855 corporo
1405 2783 1554 2838 nobiscum
1579 2797 1640 2837 esse
1661 2783 1691 2838 ri

139 2886 190 2933 clae
207 2885 236 2933 et
252 2877 408 2950 apostolicae
426 2877 501 2933 sedis
522 2878 624 2934 sentire
646 2879 760 2935 deberet
776 2879 828 2937 hoc
852 2880 936 2937 tnodo
990 2888 1081 2935 urente
1101 2888 1128 2935 et
1146 2879 1237 2933 animo
1254 2885 1350 2933 contra
1364 2893 1413 2932 nos
1427 2885 1480 2943 est,
1489 2885 1516 2931 et
1529 2884 1571 2931 est
1578 2877 1691 2932 urultor

139 2986 203 3026 eum
224 2970 374 3027 instruxit:
399 2992 413 3021 ι
434 2972 503 3041 Etsi,
526 2971 626 3043 inquit,
649 2973 756 3029 cunctis
774 2974 936 3045 generaliter
990 2972 1075 3028 hostis
1101 2971 1144 3026 hic
1164 2987 1249 3044 quam
1275 2972 1310 3026 illi
1333 2970 1379 3042 qui
1406 2970 1472 3025 loris
1498 2979 1562 3025 sunt
1597 2976 1626 3025 et
1655 2985 1688 3025 cr

139 3063 325 3119 sacerdotibus
337 3071 410 3121 recte
425 3062 517 3120 divina
535 3064 716 3121 tractantibus
729 3064 851 3121 fidelium
871 3083 935 3123 con·
955 3066 1104 3168 Cinimici.
1131 3066 1183 3120 Hic
1214 3065 1290 3120 enim
1313 3081 1362 3135 per
1387 3064 1569 3119 amicitiarum
1589 3064 1691 3135 specior

139 3156 295 3213 venltcolla
309 3157 443 3227 submitti,
457 3166 562 3229 quanto
577 3157 668 3228 potius
688 3157 760 3221 sedis
775 3158 845 3215 illius
864 3175 936 3231 prae·
997 3160 1107 3215 inimica
1132 3168 1196 3215 suut
1217 3159 1295 3230 gerit,
1322 3166 1349 3213 et
1364 3158 1515 3214 Ecclesiam
1542 3157 1675 3230 dispergit

139 3250 192 3307 suli
213 3265 364 3307 consensus
379 3257 422 3306 cst
434 3247 619 3319 adhibendus,
634 3265 717 3321 quem
737 3252 842 3308 cunctis
854 3268 943 3308 sacer·
996 3260 1060 3309 stat.
1082 3275 1096 3301 »

143 3342 254 3399 dotibus
270 3353 297 3399 et
315 3342 445 3399 divinitas
461 3355 570 3399 summa
594 3343 681 3400 voluit
699 3344 892 3415 praeeminere,
916 3356 944 3402 ct
1032 3350 1102 3403 Nola
1122 3362 1198 3418 ergo,
1215 3346 1384 3409 charissime,
1408 3347 1430 3401 si
1454 3363 1518 3402 eum
1534 3361 1614 3419 quem
1629 3348 1691 3415 [sor.

141 3437 312 3510 subsequens
334 3435 460 3493 Fcclesiae
483 3437 618 3507 generalis
639 3438 741 3510 jugiter
769 3438 854 3510 pietas
874 3440 943 3496 celc·
997 3441 1056 3512 qui,
1078 3440 1191 3509 litun]
1210 3439 1324 3494 amicitia
1344 3441 1385 3495 vel
1405 3440 1541 3511 colloquio
1557 3439 1589 3495 iis
1610 3438 1691 3510 quibu

140 3528 241 3586 bravitl
260 3550 274 3579 a
291 3529 348 3587 Ubi
363 3528 506 3600 prudentia
522 3537 568 3585 tua
588 3530 729 3587 evidenter
741 3530 859 3589 advertit
872 3549 942 3589 nun·
998 3550 1046 3605 pro
1066 3534 1169 3589 actibus
1182 3533 1238 3588 suis
1253 3533 1385 3589 adversus
1401 3542 1442 3588 est
1455 3534 1588 3599 sociatur,
1601 3541 1662 3589 tam
1676 3548 1691 3605 g

141 3638 234 3693 quam,
248 3622 373 3693 quolibet
392 3622 498 3693 penitus
512 3621 634 3679 humano
652 3625 778 3693 consilio,
792 3641 901 3697 aequare
915 3642 944 3682 se
995 3628 1110 3699 iudicat,
1137 3636 1239 3699 quauta
1259 3627 1335 3682 illum
1363 3628 1462 3697 ipsum,
1478 3626 1522 3681 cui
1544 3642 1593 3698 pro
1610 3626 1691 3683 actibt

142 3729 310 3789 quemquam
339 3729 418 3784 posse
450 3714 523 3770 illius
537 3716 675 3789 privilegio
707 3718 750 3774 vel
777 3718 943 3777 confessioni
998 3722 1127 3778 aduersus
1150 3731 1202 3789 cst,
1230 3721 1466 3777 animadversione
1486 3720 1618 3776 damnat?
1641 3719 1691 3777 Sed

142 3824 227 3880 quem
241 3807 340 3864 Christi
355 3822 408 3863 vox
428 3807 550 3880 praetulit
568 3809 714 3878 universis
728 3827 811 3882 quem
825 3814 944 3869 Ecclesia
998 3832 1056 3871 rem
1071 3815 1225 3879 redeamus,
1249 3815 1322 3869 itaue
1341 3814 1457 3884 dignitas
1481 3832 1496 3869 a
1517 3813 1691 3871 sacularibus

143 3898 298 3956 veneranda
313 3898 437 3957 confessa
450 3916 558 3973 semper
570 3910 612 3958 est
632 3910 659 3957 et
679 3903 761 3974 habet
774 3902 873 3961 devota
886 3907 945 3977 pri·
1000 3912 1090 3965 Deum
1104 3906 1290 3981 ignorantibus
1313 3908 1423 3963 iuventa
1443 3924 1500 3962 non
1520 3907 1684 3979 subjicietur

58 3992 61 3997 '
144 4000 260 4050 matam.
999 4002 1094 4074 gnitati
1128 4017 1212 4075 quam
1247 4000 1444 4073 omnipotentis
1470 4001 1520 4056 Dei
1555 4001 1691 4072 providen

179 4088 252 4144 ltem
269 4086 359 4143 Julius
372 4102 450 4159 papa,
465 4087 648 4145 Orientalibus
668 4089 801 4163 episcopis
812 4093 943 4159 scribens,
999 4096 1134 4153 honorem
1154 4110 1234 4151 suum
1258 4093 1376 4159 invenit,
1400 4093 1560 4166 mundoque
1584 4094 1691 4153 miseric

143 4180 179 4236 de
194 4187 327 4253 potestate
339 4179 464 4251 ejusdem
477 4189 580 4238 sanctae
591 4191 619 4239 et
628 4186 789 4256 apostolicae
799 4186 871 4246 sedis
883 4189 921 4245 ait
936 4211 942 4245 ι
998 4190 1105 4253 tribuit,
1121 4188 1386 4260 cousuluerunt
1404 4191 1480 4243 Deus
1495 4196 1522 4243 et
1534 4188 1619 4243 homo
1637 4188 1691 4245 indt

147 4294 161 4324 a
171 4276 310 4331 Decuerat
321 4288 380 4341 tos,
390 4271 500 4341 iratres,
512 4274 645 4333 aduersus
654 4288 778 4336 sanctam
790 4283 944 4340 Romanam
998 4291 1039 4339 ter
1057 4281 1187 4347 creditur,
1215 4281 1251 4336 ita
1265 4297 1393 4336 summus
1414 4280 1556 4346 Sacerdos,
1570 4290 1656 4353 caput
1670 4297 1688 4338 o

146 4366 360 4439 ctapostolicam
371 4367 520 4423 Ecclesiam
532 4368 624 4426 limate
631 4379 660 4426 et
669 4388 724 4428 non
735 4373 837 4431 ironice
851 4377 942 4449 loqui;
998 4374 1185 4440 sacerdotum,
1199 4373 1234 4430 ad
1245 4373 1388 4431 dexteram
1403 4374 1488 4429 Patris
1500 4373 1599 4430 sedens
1612 4383 1641 4431 et
1653 4391 1691 4447 pn

146 4460 277 4532 quoniam
297 4469 326 4517 et
348 4460 405 4534 ipse
428 4460 564 4520 Dominus
586 4473 682 4521 noster
708 4468 786 4524 lesus
808 4469 943 4539 Christus,
958 4505 984 4567 D
998 4484 1106 4540 semper
1117 4468 1290 4540 interpellans
1304 4467 1421 4524 habetur
1436 4472 1523 4534 (ltoru.
1537 4469 1638 4538 vur.);
1652 4484 1691 4542 qa

147 4569 205 4609 cam
227 4554 354 4611 decenter
368 4554 512 4624 allocutus,
531 4557 568 4613 ait
584 4576 590 4614 :
609 4562 687 4615 Tuer
704 4564 808 4627 Petrus,
824 4570 850 4618 ct
867 4582 946 4636 suaper
999 4564 1057 4619 lare
1079 4577 1206 4633 regnum,
1228 4561 1300 4617 unde
1318 4562 1410 4617 sarculi
1436 4561 1482 4616 lilii
1512 4569 1636 4630 tument,
1665 4562 1691 4619 dt

146 4648 213 4703 ltonc
224 4652 331 4718 petrum
348 4649 486 4719 <edificabo
498 4653 642 4708 Ecclesium
657 4671 755 4719 mecm,
768 4661 793 4711 et
803 4661 945 4727 portuot-
999 4664 1028 4713 et
1051 4655 1086 4713 ad
1113 4655 1297 4712 sacerdotium
1322 4654 1411 4711 crucis
1431 4664 1599 4726 spontaneus
1619 4656 1691 4711 uenit

146 4742 203 4808 {aa
224 4757 278 4797 nou
302 4745 491 4814 prevalebunt
513 4746 641 4803 morasus
669 4764 737 4814 eom,
759 4754 785 4805 et
807 4754 860 4808 tibi
877 4755 945 4809 dubo
998 4750 1101 4807 nesciat
1123 4765 1199 4822 reges
1220 4758 1247 4805 et
1267 4749 1349 4804 duces
1369 4749 1404 4803 ab
1424 4749 1456 4804 iis
1475 4749 1600 4805 habuisse
1621 4750 1691 4821 print

119 4896 125 4907 ⁴
147 4834 232 4891 olooee
245 4838 322 4905 requi
339 4838 461 4893 celorum
480 4839 589 4909 (blunt.
610 4842 687 4910 rtur).
703 4843 794 4901 llabet
806 4846 880 4903 enim
896 4864 945 4920 po-
1000 4844 1058 4916 qui,
1085 4847 1174 4899 Deum
1201 4843 1368 4915 ignorantes,
1389 4843 1525 4914 superbia,
1547 4841 1663 4914 rapinis,
1685 4860 1691 4914 ι

146 4935 276 4986 testatem
296 4929 426 5002 singulari
455 4931 594 5006 priuilegio
612 4950 771 4993 concessam
792 4941 900 5010 aperire
920 4950 947 4998 et
1001 4937 1168 5004 homicidiis,
1196 4945 1333 5008 postremo
1361 4936 1496 4992 universis
1530 4952 1597 5008 pene
1632 4937 1688 4992 secl

147 5021 272 5078 claudere
292 5022 389 5094 januas
412 5025 488 5096 regni
502 5026 619 5083 coelestis
634 5029 735 5101 quibus
754 5032 877 5089 voluerit.
897 5036 945 5091 Cui
1002 5030 1097 5087 mundi
1124 5029 1242 5103 principa
1268 5029 1379 5085 diabolo
1407 5030 1531 5086 videlieet
1555 5030 1691 5102 agitante,

148 5130 215 5186 ergo
226 5115 365 5187 aperiendi
379 5117 577 5191 claudendique
592 5123 653 5178 coeli
673 5123 736 5179 data
751 5135 871 5195 potestas
890 5137 943 5195 est,
1005 5141 1091 5196 pares,
1112 5123 1216 5180 scilicet
1237 5123 1374 5191 homines,
1399 5122 1533 5179 dominari
1558 5138 1631 5179 caeca
1651 5140 1691 5195 cuj

148 5208 183 5265 de
208 5216 279 5265 tarra
294 5208 418 5281 judicare
432 5227 489 5267 non
514 5212 594 5270 licet?
614 5216 704 5272 absit!
730 5220 802 5274 Num
827 5221 947 5277 retinetis
1005 5227 1032 5273 et
1068 5217 1231 5274 intolerabili
1259 5218 1473 5289 praesumptione
1499 5216 1691 5275 allectaverunt

148 5299 225 5373 quod
251 5302 289 5357 ait
312 5302 486 5361 bmbssimus
509 5311 609 5363 Paulus
641 5311 781 5380 apostolus
804 5329 811 5368 ε
832 5315 946 5370 Nescitis
1004 5311 1138 5378 videlicet,
1166 5310 1235 5367 dum
1256 5310 1413 5367 sacerdotes
1431 5312 1544 5369 Domini
1568 5309 1607 5367 ad
1620 5312 1690 5373 resti

148 5396 213 5464 qratia
227 5397 662 5472 ouqelosy’udicobimuslquuuto
678 5407 767 5474 mugla
783 5409 946 5463 sanctorio?
1003 5404 1134 5460 inclinare
1167 5404 1348 5473 contendunt,
1391 5405 1434 5461 cui
1469 5405 1569 5461 rectius
1602 5421 1691 5479 comp

149 5488 174 5560 ll
184 5488 247 5545 Cor.
259 5490 314 5561 vr.)
328 5492 428 5547 Beatus
438 5507 547 5566 quoque
559 5495 709 5568 Gregorius
723 5515 791 5570 papa
805 5503 945 5571 (Epistola-
1003 5513 1084 5569 quam
1098 5498 1121 5553 ei
1135 5499 1182 5570 qui
1205 5507 1247 5554 est
1270 5507 1351 5571 eaput
1376 5515 1458 5571 super
1481 5514 1580 5556 omnes
1604 5498 1678 5557 illios

147 5597 209 5637 rum
219 5581 289 5638 libro
300 5599 334 5651 u,
347 5584 526 5656 inpriuileqio
535 5592 691 5646 monasterii
704 5593 794 5649 Sancti
808 5594 943 5666 lllcdardi)
1001 5592 1054 5649 biae
1080 5593 1138 5659 (lob
1162 5593 1237 5663 rtur),
1270 5595 1316 5666 qui
1344 5594 1435 5665 ipsum
1471 5609 1612 5650 summum
1640 5610 1691 5667 pon

147 5690 256 5747 regesta
274 5692 323 5733 sua
340 5676 475 5751 dignitate
496 5680 594 5738 cadere
615 5686 710 5740 statutit
728 5686 773 5758 qui
789 5690 945 5759 apostolicae
1000 5684 1171 5741 sacerdotum
1187 5695 1269 5758 caput
1281 5687 1415 5743 artissimi
1430 5688 1530 5744 Filium
1547 5696 1678 5755 tentam,

146 5767 220 5825 aedis
246 5767 356 5829 decreta
378 5774 479 5831 uiolare
504 5779 740 5848 presumpserint,
767 5781 888 5838 scribens
909 5782 945 5839 ad
1000 5782 1044 5838 nia
1063 5782 1102 5839 illi
1124 5782 1218 5838 mundi
1239 5799 1322 5856 regua
1343 5785 1526 5856 promittens,
1541 5786 1604 5841 ait:
1626 5790 1691 5843 Huc
