3870 6164
162 250 213 306 tls
636 240 665 297 S.
684 237 845 297 GREGORii
863 239 909 296 vti
926 239 1024 297 PAPAE
1042 238 1180 297 OPERUM
1198 238 1286 297 PARS
1304 240 1337 297 ii.
1421 314 1432 325 ἱ
1759 240 1808 297 tls

161 368 302 445 pudendas
323 364 550 441 reprehensiones
571 371 600 421 et
625 365 790 434 vocationes,
818 364 888 422 mihi
911 364 958 439 qui
972 368 999 433 Α
1013 365 1066 422 hoc
1090 380 1194 439 ergoa
1221 364 1299 422 vobis
1322 363 1445 421 ueniente
1456 361 1607 421 ‘missadco
1631 362 1808 421 remansita

161 464 248 523 totius
259 461 355 523 Galliae
370 461 513 534 episcopos
522 457 610 516 debeo
621 473 783 528 conuocare,
800 458 879 516 liceat
890 474 958 517 oon-
1011 465 1107 516 nostra
1134 466 1211 531 parte
1243 456 1381 531 praediotu
1408 454 1593 531 expeditionis
1623 456 1806 515 umentem.

160 558 248 616 fidere
265 556 301 615 de
316 555 395 613 uobis
405 555 465 612 sins
480 553 636 628 legatorum
651 553 804 623 vocatione,
817 553 908 611 douae
921 552 957 611 ad
1011 553 1107 611 Valeat
1119 553 1249 611 sanctitas
1261 559 1361 623 uestra,
1372 560 1452 625 pater
1462 549 1707 609 reverendissime.

162 651 267 711 Pascha
284 651 392 710 uoniam
405 648 515 719 advos,
529 651 591 705 Deo
604 647 723 705 uolente.
745 648 881 705 Praeterea
895 647 957 705 tolo
1371 646 1447 703 vni.
1472 674 1475 681 ·

161 745 259 807 obnisu
272 743 430 819 supplicare
446 751 474 800 et
484 742 669 816 praenuntisre
683 740 762 798 uobis
772 750 811 812 ut,
827 741 957 813 quonum
1064 742 1191 815 Epistola
1205 742 1327 815 liupoois
1341 742 1448 798 boemis
1461 740 1577 813 mesonpa·
1592 738 1632 797 nd
1642 754 1757 814 popm.

160 840 190 898 iu
198 838 320 898 absentis
332 838 396 907 mei,
410 853 497 911 nuper
508 835 580 909 apud
590 851 640 893 uos
649 834 858 904 commorantis,
868 834 958 892 muita
1187 838 1319 907 [uisasq
1329 835 1444 903 coos..
1454 841 1525 891 tom.
1533 835 1615 904 XL]

160 949 244 1009 praue
257 942 287 992 et
299 932 455 990 inordinate
466 938 526 987 acta
540 936 604 987 sunt
623 929 651 987 in
664 928 789 1001 partibus
802 943 873 986 meae
884 929 957 987 dica·
1046 929 1288 988 Reuerendissimo
1302 928 1373 1003 patri
1386 935 1415 986 et
1425 928 1540 987 domino
1553 943 1633 1002 papae
1650 928 1808 988 Gnnsosso

160 1027 242 1099 ττεὶε,
259 1043 311 1103 ego
323 1040 389 1084 uero
402 1040 460 1082 non
471 1033 569 1098 potero
582 1023 712 1080 omittere
729 1023 795 1095 quin
806 1022 957 1081 ministerio
1010 1039 1068 1082 sote
1080 1025 1219 1083 uncuuu
1234 1023 1424 1082 inutilissimus
1444 1039 1556 1092 seruus,
1575 1024 1680 1095 lineo,
1695 1022 1807 1081 burniiis

159 1130 250 1181 vestm
264 1118 368 1179 utarin
381 1119 426 1177 his
439 1116 625 1176 ecclesiastico
643 1116 821 1190 corrigendis.
842 1117 870 1173 Si
892 1114 957 1190 quid
1011 1118 1152 1193 presbyter
1162 1119 1285 1188 Disnsis,
1295 1117 1423 1176 saluum.

45 1202 56 1219 “
159 1232 211 1289 pro
225 1215 280 1273 hoe
299 1215 335 1273 de
356 1229 403 1272 me
416 1213 596 1270 assumtionis
614 1212 751 1284 perlatum
765 1209 848 1268 fuerit
866 1210 955 1279 uobis,
1046 1212 1185 1283 Quoniam
1199 1211 1347 1269 didicimus
1368 1214 1405 1269 il.
1420 1218 1543 1270 uestrum
1559 1208 1750 1270 Parisisnsem
1761 1226 1805 1269 rs·

158 1326 195 1368 ns
212 1309 266 1369 boc
288 1308 329 1366 rei
343 1307 400 1365 uto
413 1306 530 1365 medatis
544 1305 586 1363 uel
603 1305 718 1363 moleste
740 1321 803 1378 erga
816 1319 860 1361 ma
883 1304 957 1362 aeci-
1010 1306 1103 1377 diisse,
1118 1305 1161 1363 cui
1175 1306 1382 1380 injunxeramus
1398 1313 1430 1363 ut
1442 1304 1571 1376 fideliter,
1585 1305 1660 1363 sicuu
1676 1305 1752 1363 filim
1763 1320 1807 1362 us·

159 1403 255 1475 piatis,
278 1400 328 1459 sed
342 1400 409 1458 iliud
432 1402 461 1457 in
477 1399 620 1473 praeseutia
643 1407 737 1456 nostra
761 1407 888 1456 anteros
911 1396 956 1455 di·
1011 1408 1078 1469 ster,
1092 1399 1170 1456 uobis
1187 1399 1302 1457 referret
1316 1407 1394 1473 gesta
1407 1398 1671 1474 Augustodunsnsis
1683 1397 1807 1467 concilii,

158 1497 286 1564 mittatis,
307 1494 370 1569 quin
390 1510 443 1568 ago
465 1494 623 1550 nuliatenus
644 1493 706 1550 uoio
722 1491 851 1551 excedere
869 1499 958 1549 metas
1010 1494 1055 1551 oui
1072 1492 1207 1563 interfuit,
1222 1494 1367 1567 quinoque
1380 1508 1494 1567 pernos
1511 1492 1604 1562 rediit,
1623 1508 1718 1567 nequa
1731 1492 1808 1567 quid·

157 1590 337 1648 auctoritatis.
364 1586 593 1661 Quandoquidem
615 1587 689 1644 enim
712 1585 827 1660 illisqui
848 1586 955 1658 legatos
1006 1602 1091 1660 quam
1103 1585 1139 1645 de
1152 1594 1228 1644 statu
1242 1595 1331 1644 vestm
1344 1587 1423 1644 nobis
1435 1585 1555 1659 scripulu
1569 1601 1704 1661 rogasrms
1720 1595 1808 1660 pater·

158 1692 263 1742 essuos
276 1698 306 1741 se
320 1681 426 1739 faciunt
439 1682 527 1739 multo
544 1680 647 1754 justius
669 1696 720 1754 ego
734 1679 821 1737 debeo
843 1695 892 1752 per
904 1693 955 1737 uos
1008 1682 1126 1739 nitatem
1141 1690 1261 1739 uesuam
1274 1687 1305 1738 ut
1316 1681 1481 1738 sententiam
1491 1696 1574 1738 suam
1587 1679 1671 1739 nobis
1682 1678 1810 1755 dignetm

156 1793 188 1836 ea
207 1792 270 1851 quas
293 1785 358 1835 sunt
370 1774 550 1850 providentie
572 1784 676 1834 nostras
697 1775 847 1847 corrigere,
871 1790 954 1847 quam
971 1748 1127 1833 Bscribere
1146 1790 1228 1848 super
1252 1774 1426 1832 ordinatione
1449 1774 1605 1844 Remensis,
1631 1774 1810 1832 Bituricensis

117 1942 122 1949 Ι
155 1872 301 1946 quisquam
322 1872 551 1928 alienatrsctare
577 1871 619 1926 De
640 1869 743 1927 comite
761 1868 880 1939 0Ebalo,
908 1869 955 1942 qui
1009 1878 1038 1927 et
1049 1869 1224 1927 carnotensis
1236 1868 1433 1926 Ecclesiamm.
1446 1869 1521 1927 Sciat
1534 1883 1647 1941 quoquo
1659 1868 1814 1941 petasius

154 1980 201 2022 me
223 1965 416 2039 inpraesentia
442 1971 532 2021 uestra
556 1977 686 2021 accusare
710 1962 847 2030 tenubat,
875 1970 956 2020 etse
1008 1971 1099 2022 uestra
1116 1963 1181 2037 quia
1202 1963 1247 2019 iiia
1269 1962 1462 2021 Nouiomensis
1476 1961 1566 2020 dictus
1580 1962 1741 2036 episcopus,
1757 1962 1814 2019 surb

152 2072 289 2131 suamque
304 2057 465 2115 fidelitatem
476 2055 555 2114 uobis
565 2054 656 2113 uerbis
667 2055 864 2113 simulantibus
875 2070 955 2112 τοντ·
1008 2057 1222 2116 comminatione
1235 2056 1354 2129 publicas
1372 2056 1583 2115 examinationis
1595 2072 1613 2113 a
1631 2056 1716 2113 nobis
1728 2054 1820 2114 uni-

154 2150 311 2218 mundubat,
342 2150 409 2207 satis
440 2150 468 2206 in
491 2156 621 2223 promptu
650 2147 756 2206 bebetis
786 2163 955 2223 cognoscere
1007 2152 1113 2208 liariter
1121 2159 1244 2219 exactus,
1255 2149 1401 2209 confessus
1414 2158 1456 2208 est
1468 2150 1719 2209 nobissimoniam
1733 2165 1819 2209 ετετι

153 2243 235 2316 cujus
248 2244 339 2317 potius
362 2243 505 2300 sinceritas
518 2242 659 2300 fidelitatis
682 2257 747 2315 erga
770 2240 955 2300 vosuidsatur
1007 2245 1188 2320 presentibus
1211 2242 1386 2302 Laudunensi
1409 2253 1437 2301 et
1457 2245 1632 2318 lingonensi
1656 2243 1822 2319 episcopis,

153 2338 274 2395 subtere
289 2345 405 2394 :uuum
422 2352 493 2406 msa,
510 2335 557 2408 qui
571 2339 629 2394 Deo
642 2344 668 2391 et
678 2335 757 2393 uobis
767 2345 879 2408 paratus
890 2352 955 2394 sum
1007 2356 1071 2398 cum
1085 2340 1144 2399 aliis
1161 2340 1334 2414 quibusdam.
1348 2338 1528 2398 Undcetiam
1541 2346 1718 2397 sacrsmento
1728 2355 1828 2413 supra

151 2445 202 2504 por
215 2432 307 2489 omnia
320 2430 444 2499 obedire,
470 2445 506 2486 an
521 2429 604 2497 iliius,
630 2430 676 2502 qui
699 2437 727 2487 et
751 2429 826 2503 apud
842 2447 890 2488 uos
904 2446 954 2503 per
1006 2448 1084 2491 sacra
1104 2421 1252 2507 Evangelia
1269 2433 1351 2490 nobis
1370 2431 1490 2489 firmauit
1509 2430 1594 2505 quod,
1617 2431 1684 2489 uisis
1710 2432 1835 2490 litteris

151 2525 333 2598 semetipsum
344 2525 488 2597 impugnat
498 2522 570 2581 beati
582 2524 653 2580 Petri
667 2522 831 2594 Ecclesiam,
843 2523 953 2597 etapud
1005 2527 1105 2585 uestris
1125 2527 1167 2584 uei
1184 2526 1317 2601 legatione
1340 2535 1449 2591 uestra,
1470 2525 1625 2583 Ecclesiam
1638 2540 1723 2600 quam
1737 2525 1835 2583 maioe

151 2633 204 2675 nos
223 2634 274 2692 per
286 2620 444 2675 Manassem
466 2625 495 2674 et
511 2632 578 2674 suos
591 2632 725 2690 sequaces
743 2618 772 2673 in
785 2633 836 2675 suo
859 2626 950 2675 castro
1006 2629 1185 2693 occupauerat
1207 2621 1280 2678 bene
1293 2619 1464 2689 dimitteret,
1479 2628 1508 2676 et
1522 2635 1572 2693 pro
1583 2634 1668 2691 posse
1681 2627 1712 2676 et
1735 2621 1853 2677 scir,

55 2766 58 2773 .
152 2721 278 2785 receptos
306 2712 479 2787 persequitur
511 2711 622 2769 beatam
649 2712 777 2769 Mariam.
811 2714 953 2771 Manassen
1006 2731 1057 2772 suo
1071 2712 1192 2787 ut'juuta
1206 2717 1298 2771 Deum
1313 2714 1497 2782 ordinaretur,
1514 2713 1667 2787 adiuuaret.
1685 2712 1860 2772 Siluano-

149 2807 223 2864 enim
234 2806 269 2863 da
280 2822 336 2880 quo
353 2806 484 2875 diximus,
504 2806 548 2862 cui
560 2821 612 2863 nos
628 2804 710 2879 jussu
725 2808 818 2863 uestro
830 2804 906 2878 quod
923 2806 952 2863 in
1005 2808 1104 2865 utensis
1119 2823 1183 2864 uero
1195 2806 1350 2880 episcopm,
1363 2814 1475 2879 accepta
1493 2805 1657 2864 investitura
1670 2805 1711 2865 de
1723 2819 1860 2865 manu!

147 2916 200 2957 nos
211 2899 371 2970 admiserat,
377 2899 597 2959 sisdEcclesiam
604 2908 726 2958 matrem
738 2915 820 2958 suam
834 2899 950 2971 rediret,
1003 2901 1085 2975 regis,
1109 2899 1252 2958 ordimtus
1266 2908 1308 2959 est
1329 2900 1363 2957 ab
1387 2900 1435 2957 iilo
1459 2900 1590 2957 ilamensi
1605 2898 1797 2959 haeresinraira
1806 2938 1860 2953 ..-

148 2993 323 3064 indulsimus,
345 2993 513 3051 conscientia
536 2993 647 3052 sceleris
669 2994 712 3051 sui
735 2994 883 3068 depressus
900 3009 951 3051 neo
1004 2995 1046 3051 cui
1060 2994 1263 3053 litterisuestris
1277 2992 1458 3051 interdixistis
1472 3009 1508 3050 ne
1522 2992 1694 3067 hujusmodi
1710 2996 1742 3053 in
1755 2995 1860 3069 epi-

148 3085 184 3144 ad
200 3102 253 3145 nos
270 3088 329 3145 ruit
344 3089 443 3157 redire,
469 3103 521 3146 nec
546 3088 608 3160 paci
623 3087 751 3145 Ecclesiae
765 3086 933 3145 concordare
938 3106 948 3159 ς
1003 3104 1103 3161 scopos
1120 3089 1265 3161 acciperet.
1282 3087 1535 3146 Autissiodorensis
1548 3086 1621 3144 infra
1644 3103 1743 3147 annos
1764 3104 1860 3147 or—

149 3181 217 3256 quin
234 3182 326 3256 potius
345 3198 410 3240 oum
432 3183 487 3240 iilis
507 3181 565 3241 suis
590 3182 767 3255 seqeuucibus,
782 3181 846 3256 quia
871 3181 949 3241 iactis
1000 3184 1130 3253 dinatus,
1150 3181 1341 3239 investituram
1360 3182 1473 3254 quidem
1495 3182 1530 3240 de
1546 3196 1632 3239 manu
1651 3183 1734 3257 regis
1754 3198 1860 3242 no-

148 3291 205 3332 non
222 3284 324 3348 potest,
338 3276 428 3333 verbu
450 3284 479 3333 et
496 3275 653 3333 maledictis
676 3275 827 3333 Ecclesiam
849 3291 949 3351 meque
1002 3276 1121 3349 accepit,
1147 3291 1306 3350 quenquam
1332 3291 1382 3350 per
1410 3273 1559 3333 familiares
1582 3275 1659 3349 regis
1689 3277 1860 3350 gratia-

147 3368 628 3440 iucsrurenondesinit.linde,utde
642 3369 702 3442 ipso
714 3369 945 3436 0Ebaiotaceam,
1001 3370 1061 3444 ejus
1074 3378 1238 3428 consecutus
1257 3370 1305 3427 sit.
1319 3372 1362 3426 De
1382 3367 1534 3427 senonensi
1549 3376 1645 3425 sutem
1671 3368 1860 3445 arcirispfl

147 3460 177 3518 in
195 3478 339 3536 quemuos
352 3463 434 3521 credo
445 3463 552 3536 iustam
571 3471 598 3519 at
621 3463 799 3537 apostolicam
821 3479 947 3522 exercere
1001 3479 1095 3538 scopo,
1119 3473 1250 3537 quantam
1267 3464 1466 3521 conmmeiiam
1480 3469 1646 3535 quantmm
1671 3462 1860 3538 iniuriam

145 3556 322 3624 senmntiam,
339 3573 422 3631 super
436 3559 560 3615 Manasse
580 3557 713 3615 instanter
732 3556 868 3630 deprecor
883 3573 946 3615 san·
1000 3558 1153 3615 auctoritati
1171 3561 1270 3616 uestros
1294 3556 1322 3613 in
1347 3565 1442 3615 nostra
1465 3556 1602 3631 logatione
1624 3555 1768 3630 intulerit,
1816 3573 1851 3615 a

146 3649 270 3707 ctitatem
289 3658 421 3718 uestram,
446 3659 478 3706 ut
500 3658 550 3708 aut
561 3650 679 3723 jubeatis
703 3667 768 3709 eum
790 3652 825 3710 ad
839 3669 889 3711 sua
902 3670 946 3711 rs-
1001 3651 1132 3722 praedicto
1145 3654 1194 3720 lu,
1211 3658 1244 3709 ut
1263 3666 1356 3725 spero,
1374 3649 1544 3708 sufficienter
1556 3648 1688 3709 audistis.
1710 3655 1841 3729 risque

146 3744 222 3818 gredi
236 3753 265 3802 et
281 3746 399 3804 ulterius
417 3760 475 3803 non
496 3746 657 3818 impugnare
671 3747 830 3818 Ecclesiam,
856 3758 904 3805 aut
917 3748 945 3805 in
1000 3742 1053 3802 hoc
1067 3743 1171 3813 dicens,
1185 3748 1261 3802 Deus
1273 3744 1352 3803 testis
1367 3753 1419 3812 est,
1442 3744 1557 3819 gloriam
1577 3760 1676 3802 meam
1696 3762 1824 3820 quaro.

145 3853 211 3894 eum
222 3838 339 3911 ejusque
350 3838 473 3895 fautores
486 3846 513 3895 et
532 3847 727 3911 cooperatores
738 3840 882 3912 apostolici
904 3842 943 3898 ui·
998 3837 1207 3911 Burdegaiensis
1227 3852 1347 3912 quoque,
1372 3837 1504 3911 quoniam
1529 3845 1643 3896 uocatus
1660 3841 1815 3913 preterito

144 3930 220 4003 goris
242 3930 366 4005 dirigatis
388 3931 662 3991 animaduersionem.
685 3932 843 4006 Dignsmini
861 3933 944 3993 τϋττν
998 3945 1072 3987 anno
1092 3929 1127 3988 ad
1141 3934 1314 3989 Arusmsnse
1335 3932 1483 3990 concilium
1503 3948 1593 4006 nequa
1612 3933 1692 3991 uenit
1715 3946 1804 4007 mqsus

144 4023 179 4081 ad
197 4038 294 4081 eorum
313 4032 469 4097 receptores
488 4022 607 4082 scribere
625 4033 716 4098 aptam
736 4024 897 4098 epistolam,
912 4038 944 4087 ut
997 4025 1126 4083 canonice
1139 4040 1168 4083 se
1182 4026 1333 4095 excusauit,
1351 4024 1381 4083 in
1394 4026 1493 4084 eodem
1511 4026 1631 4086 coneilio
1644 4027 1682 4087 ab
1698 4029 1797 4103 spisso

143 4123 193 4174 aut
206 4133 254 4175 eos
264 4125 360 4175 eontra
372 4117 503 4176 Eodesias
512 4117 576 4192 jura
588 4133 645 4176 non
663 4118 808 4186 retineant,
823 4129 871 4178 aut
883 4122 941 4195 pari
996 4120 1051 4193 pali
1065 4118 1157 4177 officio
1172 4135 1320 4192 suspensus
1333 4128 1383 4177 est.
1401 4119 1483 4193 Quod
1500 4120 1546 4177 ilie
1558 4120 1743 4196 vilipendam,
1755 4122 1791 4179 in·

142 4210 321 4269 sententiose
345 4212 478 4269 multatos
501 4219 661 4285 agnoscant.
682 4215 779 4271 Restat
792 4213 863 4271 mihi
889 4214 942 4273 iroc
995 4213 1141 4271 terdictum
1151 4212 1202 4270 sibi
1214 4212 1359 4287 usurpauit
1370 4211 1503 4271 officium.
1515 4216 1628 4274 Rursus
1640 4212 1791 4275 uocaunsd

142 4305 220 4363 uobis
234 4306 326 4364 diuers
344 4306 409 4378 quis
423 4303 555 4363 dominus
568 4307 650 4381 Hugo
669 4308 782 4365 Dionsis
795 4308 940 4383 episcopus
994 4304 1245 4380 Augustoduneuse
1263 4307 1424 4377 concilium,
1438 4307 1572 4381 quoniam
1586 4308 1699 4367 nuliam
1711 4324 1791 4369 αντε

141 4397 285 4457 interdixit
302 4400 462 4473 episcopum
470 4408 598 4457 nostrum
611 4403 773 4474 Drogousm
784 4401 859 4461 sedis
872 4405 941 4461 Tar·
994 4398 1100 4457 tionem
1114 4399 1196 4457 nobis
1207 4400 1295 4467 misit,
1308 4400 1392 4458 etiam
1405 4417 1421 4459 a
1434 4398 1591 4460 sacerdotio
1602 4402 1790 4477 suspendimus

142 4494 274 4561 senuioae,
286 4493 335 4566 qui
352 4500 437 4551 tantas
448 4501 491 4551 est
501 4494 663 4562 senectutis,
678 4501 710 4551 ut
728 4511 794 4552 cum
805 4504 869 4553 ante
881 4497 939 4570 spi-
955 4509 982 4577 1)
995 4509 1070 4551 eum.
1085 4496 1126 4550 De
1140 4492 1183 4551 his
1196 4510 1262 4568 argo
1283 4496 1413 4553 omnibus
1435 4494 1502 4569 quid
1526 4496 1695 4570 magnitudo
1709 4506 1790 4559 resin

140 4594 285 4659 scopatum
309 4585 358 4644 diu
386 4587 570 4659 permanserit
593 4587 623 4643 in
646 4586 742 4644 ordre
768 4588 941 4662 presbyterii,
992 4585 1169 4661 judicaverit,
1184 4586 1327 4662 quidinde
1345 4604 1427 4663 agere
1439 4589 1583 4662 placuerit,
1602 4592 1790 4664 paruitatino

136 4678 196 4751 jam
206 4695 279 4735 nunc
292 4680 364 4737 ultra
374 4687 483 4752 tempus
497 4697 538 4737 nx
548 4696 687 4738 annorum
697 4680 814 4754 gradmu
822 4684 943 4740 tenuerit
994 4689 1071 4753 strae,
1085 4697 1226 4757 rogamus,
1239 4683 1393 4741 rescribite.
1404 4686 1538 4741 Praeterea
1553 4701 1739 4763 summopere
1750 4703 1790 4761 po

140 4772 277 4844 episcopi,
297 4779 326 4829 et
338 4788 410 4845 pene
424 4789 475 4845 per
490 4774 597 4847 singula
611 4784 753 4832 momenta
772 4776 940 4849 propinquat
993 4777 1097 4834 scimus
1111 4785 1141 4834 ut
1155 4793 1204 4849 per
1215 4776 1362 4836 dominum
1374 4778 1551 4836 Valentinum
1561 4780 1729 4855 episcopum
1737 4780 1788 4857 pd-

140 4864 233 4923 eritui.
259 4864 434 4938 Quapropter
452 4865 580 4923 uolumus
603 4884 652 4926 uos
673 4868 802 4925 obnixius
826 4885 940 4927 exorare
993 4869 1062 4926 lium
1079 4870 1160 4928 nobis
1172 4871 1292 4928 mittatis
1305 4870 1340 4928 ad
1353 4870 1577 4929 confirmandam
1589 4872 1789 4935 ordinatinem

139 4966 171 5016 ut
187 4973 251 5014 cum
263 4957 343 5031 jussu
357 4967 448 5016 vestm
460 4957 613 5032 dignemini
627 4961 772 5019 restituere
784 4963 939 5021 ministerio
993 4964 1189 5038 religiosissimi
1210 4966 1402 5039 Lugdunensis
1424 4966 1557 5038 Ecclesiae
1579 4966 1788 5043 archiepiscopi,

60 5098 65 5107 .
138 5067 201 5141 suo,
214 5066 260 5121 ns,
278 5051 354 5124 quod
368 5067 535 5125 magnopere
549 5051 744 5125 formidamus,
764 5057 792 5112 in
810 5055 861 5113 huc
874 5072 937 5115 mo·
992 5067 1087 5117 oontm
1111 5060 1278 5118 oblatrantes
1302 5060 1457 5130 hereticos,
1472 5068 1500 5118 ut
1518 5058 1553 5118 dc
1567 5062 1641 5135 regis
1664 5061 1788 5138 indigns·

138 5144 225 5201 riatur
237 5143 439 5203 interdictione.
458 5149 500 5203 De
514 5145 566 5203 irae
578 5163 642 5205 uero
655 5148 730 5222 quod
748 5165 794 5206 me
806 5150 937 5221 interpei·
991 5152 1066 5209 tione
1088 5152 1219 5210 adversm
1251 5153 1454 5210 ordinationem
1483 5153 1536 5211 Dei
1561 5155 1711 5214 carnaliter
1735 5155 1788 5229 gio

137 5236 216 5295 lastis
235 5246 267 5295 ut
284 5239 313 5294 in
333 5238 471 5297 conductu
499 5241 620 5314 episcopi
637 5241 813 5311 Parisiensis,
832 5243 937 5317 aliquos
990 5245 1104 5303 riantss.
1119 5248 1179 5318 ipse
1192 5247 1275 5318 enim,
1288 5246 1449 5320 postpositis
1461 5247 1592 5305 omuibus
1602 5248 1788 5319 incommodis

138 5331 216 5388 uobis
228 5333 331 5391 milites
342 5334 496 5404 mitterem,
507 5344 606 5393 notum
618 5335 697 5393 uobis
710 5333 782 5393 facio
794 5336 870 5411 quod
883 5354 934 5412 ego
990 5347 1019 5396 et
1039 5339 1167 5412 periculis
1191 5339 1315 5412 penuriae
1340 5349 1423 5415 atque
1441 5340 1555 5412 itineris,
1569 5341 1723 5402 unctitatis
1742 5358 1788 5400 νε-

137 5423 262 5483 uoiebam
275 5424 408 5500 dirigere;
427 5428 475 5487 sod
490 5445 585 5487 comcs
605 5429 640 5487 de
659 5429 771 5487 Arionis
788 5431 871 5489 Fulco
889 5448 944 5496 res
988 5439 1054 5489 stra
1067 5433 1225 5505 oonspoetui
1238 5431 1417 5492 devotissime
1437 5449 1468 5492 sa
1481 5442 1676 5508 praesentaret,
1701 5438 1785 5496 silis·

136 5518 217 5576 diens
230 5519 265 5577 ab
279 5520 347 5579 urbe
358 5525 449 5581 Roma
467 5522 521 5580 hoc
544 5525 613 5581 mihi
634 5523 770 5583 intimavit
786 5542 820 5583 ετ
844 5535 934 5585 vestm
989 5526 1071 5583 sissia
1084 5526 1124 5584 iiii
1135 5527 1293 5598 commissa,
1314 5527 1410 5586 tandiu
1425 5528 1553 5603 languida
1570 5537 1602 5587 et
1613 5532 1733 5605 pastor'u
1744 5546 1785 5591 tu

136 5621 224 5686 parte,
244 5616 309 5687 quia
322 5615 437 5675 libenter
450 5634 496 5675 mo
510 5617 545 5676 de
559 5620 618 5692 ipsa
629 5621 841 5678 transmissione
859 5621 935 5678 miii·
988 5620 1054 5679 latio
1077 5620 1226 5690 destituta,
1249 5623 1447 5697 quoquomodo
1469 5624 1623 5683 absentiam
1645 5626 1710 5700 ejus
1730 5625 1786 5683 sins

135 5715 198 5764 tum
208 5709 411 5782 importabatis,
424 5710 487 5770 ideo
501 5720 533 5770 ut
545 5713 577 5767 in
592 5712 703 5785 regione
716 5721 809 5771 nostra
822 5722 934 5773 suenus
988 5729 1090 5788 magno
1100 5714 1269 5774 detrimento
1278 5718 1335 5790 pati
1343 5720 1489 5791 potuisset.
1498 5718 1648 5777 valentino
1659 5720 1785 5795 episeopo

133 5806 163 5854 st
179 5801 316 5863 inunum
336 5820 500 5879 exsequerer
517 5804 640 5865 dominu
659 5805 804 5866 muschus
820 5808 861 5865 tf.
877 5811 932 5867 Pro
988 5810 1140 5883 praecipite,
1154 5819 1183 5869 et
1201 5812 1379 5872 εττττίτενετν
1398 5813 1426 5872 in
1448 5828 1536 5873 mauu
1548 5820 1639 5875 susm
1661 5811 1783 5889 muita.
