3870 6164
1535 174 1544 207 Ι
1690 113 1693 118 “
1711 125 1732 165 Α

165 232 234 287 tout
331 286 335 295 ,
663 226 710 282 ΑΙ)
727 225 841 283 OPERA
858 224 887 282 S.
908 222 1071 281 sansonis
1086 224 1306 283 tremuistis.
1746 226 1809 282 ibid

162 371 227 425 rum
244 352 460 414 inconsideratas
482 350 672 424 usurpationes
688 348 790 409 referre
808 349 962 408 consueuit.
978 354 1148 422 Aperenon
1159 358 1277 408 veretur.
1289 353 1397 423 Nempe
1410 336 1764 424 tnsmbtlius'peoearetsi
1779 348 1811 408 de

162 450 314 508 Undenon
333 447 499 519 omniaque
515 445 590 503 ineo
618 445 720 519 scripta
734 445 873 518 leguntur,
904 459 955 516 pro
1010 444 1088 500 altari
1102 459 1202 517 corpus
1215 460 1298 502 suum
1312 443 1453 502 communi
1476 459 1546 517 pane
1568 442 1709 511 reflueret,
1732 458 1810 517 qnam

162 543 349 601 ecelesiasticis
362 539 547 598 sanctionibus
570 539 691 613 recipere
710 538 846 596 debemus
863 557 870 595 :
886 552 958 612 prse-
1009 537 1130 595 ammam
1143 553 1226 596 suam
1236 537 1406 596 damnatoria
1424 537 1626 596 cummunione
1639 536 1809 595 interficeret

161 637 257 694 sertim
278 636 323 693 llla
349 633 547 707 minimeque
574 649 590 691 a
610 631 867 691 consideratissimis
882 632 957 689 anti-
1010 631 1173 703 llam,juxta
1181 631 1809 705 Apostolum:Quilliucbaristiamlinde'pness·

161 745 279 804 qnorum
311 732 425 787 Patrum
448 728 593 785 sententiis
621 726 733 786 deviare
755 726 895 795 ridemus3
922 742 957 784 ex
1009 724 1809 800 mit‚p'udi¹.·iumsibimuodooctetbibit(lGor.11).lndigre

159 823 257 896 quibus
268 838 318 880 vos
331 823 387 881 duo
407 822 534 895 exempla
548 820 689 895 posuistis,
702 836 764 895 quae
783 827 956 879 sacramenta
1010 827 1103 877 autem
1118 821 1205 876 sumit
1218 820 1266 893 qui
1281 819 1408 877 nondum
1419 818 1580 876 criminibus
1604 818 1766 893 poenitendc
1783 835 1806 878 ss

158 917 361 991 neophytonum
385 916 454 974 adeo
477 915 636 989 profanent,
651 923 682 972 ut
703 914 847 972 ordinatus
868 915 903 972 ab
923 913 956 970 iis
1009 914 1142 985 purgavit,
1168 929 1251 987 quem
1274 928 1326 970 nec
1338 913 1467 971 canonica
1482 913 1615 970 severitas
1628 912 1666 970 ad
1681 912 1807 986 poeniten-

158 1009 356 1068 reordinandos
370 1017 511 1078 coemant,
535 1007 609 1082 quod
624 1008 733 1081 stipsis
754 1007 886 1080 apostolis
908 1022 955 1064 eo·
1009 1005 1077 1063 dum
1091 1008 1211 1064 excitare
1229 1008 1329 1080 potuit.
1345 1011 1377 1064 ln
1389 1006 1618 1064 ordinationibus
1629 1006 1805 1081 quoqnequi·

33 1144 38 1163 .
157 1119 273 1177 rumque
299 1103 503 1162 errecessoribus
527 1102 662 1160 Romanis
683 1101 866 1175 pontificibus,
880 1101 954 1158 aliis·
1009 1100 1076 1157 libet
1089 1100 1235 1159 damnatus
1260 1101 1353 1158 minus
1378 1099 1549 1174 delinqueret
1570 1099 1597 1157 si
1623 1099 1698 1156 nibil
1726 1099 1804 1171 dare,

49 1214 56 1247 .’
158 1214 212 1271 que
227 1201 327 1255 sanctis
340 1198 466 1254 Patribus
493 1196 630 1254 adversari
649 1211 706 1253 non
729 1195 881 1253 dubitatur.
901 1194 955 1267 lpsi
1008 1209 1091 1267 quem
1112 1211 1161 1267 per
1173 1204 1377 1253 sacramentum
1393 1193 1578 1252 ordinationis
1591 1194 1805 1252 ordinatosran

160 1291 234 1349 enim
257 1292 373 1365 apostoli
388 1291 417 1349 in
434 1290 492 1348 suis
503 1290 657 1348 canonibus
679 1305 727 1347 eos
750 1288 896 1346 damnasse
914 1289 955 1346 le·
1007 1288 1212 1347 damnationem
1225 1290 1368 1363 irrogaret.
1384 1291 1422 1346 Et
1436 1288 1540 1346 mirum
1552 1288 1583 1345 in
1598 1288 1733 1357 modum,
1746 1287 1804 1346 d·

159 1393 272 1460 guntur,
284 1386 441 1459 quicunque
454 1385 605 1447 secundam
626 1399 724 1441 manus
749 1384 954 1456 impositionem
1008 1399 1070 1440 eam
1090 1384 1134 1440 alii
1153 1384 1266 1457 irrogat,
1280 1384 1391 1457 penitus
1413 1383 1467 1443 sibi
1481 1384 1571 1456 ipsam
1586 1398 1646 1440 non
1671 1381 1803 1452 diminuit,

159 1479 297 1553 accepisse
307 1480 510 1553 detegerentur.
532 1480 602 1537 item
623 1479 651 1536 s.
678 1478 828 1553 Gregorius
853 1493 919 1550 papa
942 1481 954 1534 l
1008 1477 1055 1534 sed
1069 1477 1242 1550 multiplicet.
1264 1480 1443 1551 Nequaquam
1455 1477 1542 1550 iginus
1558 1474 1690 1535 damnati
1704 1476 1803 1551 deper-

158 1573 214 1641 (b'b.
234 1588 270 1638 n,
285 1575 364 1645 epist.
381 1574 438 1646 st),
450 1573 573 1630 scribens
589 1572 688 1630 Joanui
703 1572 829 1644 episcope
844 1575 955 1628 iteren-
1006 1570 1111 1628 niciosa
1123 1571 1302 1645 usurpatione
1316 1580 1553 1629 sacramentorum
1566 1569 1743 1643 applaudant
1752 1570 1801 1640 n‘ri,

159 1665 235 1731 natis
250 1667 318 1724 item
328 1667 543 1740 predecessores
560 1666 619 1739 ejus
628 1666 759 1724 zozimus
773 1681 851 1738 papa,
872 1673 954 1738 atque
1007 1680 1071 1722 cum
1082 1673 1162 1722 taum
1176 1665 1381 1740 irreparabilius
1388 1664 1492 1738 seipsos
1499 1664 1802 1737 condemnantem

41 1763 46 1777 ¹
159 1759 316 1818 bonifacius
338 1778 403 1819 eum
426 1775 535 1818 eexurr
551 1761 656 1818 sanctis
673 1760 801 1817 Patribus
813 1759 956 1833 carthagi·
971 1736 1147 1817 Bsancuora
1160 1767 1227 1817 sunt
1247 1775 1309 1834 quae
1331 1760 1398 1816 dare
1411 1758 1453 1817 rel
1473 1758 1599 1832 accipere
1617 1766 1723 1816 eontm
1736 1757 1801 1817 inst

159 1855 249 1911 nensis
269 1855 389 1926 concilii,
405 1854 640 1912 reordinationem
654 1869 732 1927 aeque
751 1862 783 1910 ut
800 1854 955 1926 rebsptiza·
1004 1855 1053 1928 ius
1073 1853 1205 1925 saenlego
1234 1861 1416 1927 praesumunt.

158 1948 262 2004 tionem
278 1948 452 2005 damnavere.
1044 1948 1117 2005 ilinc
1136 1956 1246 2005 sanctus
1259 1948 1411 2021 Gregorius
1424 1961 1492 2019 papa
1512 1948 1524 2001 l
1548 1945 1627 2019 (961)
1649 1945 1682 2003 in
1695 1948 1800 2021 ltegasto

191 2041 272 2111 Quod
279 2040 593 2114 autemilliquiordineti
599 2032 956 2114 suntneophytieacramen-
1008 2058 1058 2100 suo
1072 2046 1139 2114 (cup.
1153 2044 1195 2099 rel
1208 2057 1268 2098 cun.
1282 2047 1345 2109 249)
1368 2042 1452 2114 partis
1474 2039 1617 2108 mcundae,
1643 2040 1798 2098 damnabunt

157 2144 218 2190 tum
227 2134 408 2191 ordinationis
420 2150 477 2191 non
488 2135 579 2191 minus
588 2135 710 2191 habeant
726 2150 811 2207 quam
820 2133 953 2202 baeretici,
1006 2136 1176 2194 sacerdotem
1193 2137 1301 2209 pristini
1311 2135 1394 2192 oflicii
1408 2143 1602 2206 usurpatorem
1615 2144 1752 2208 perpetua
1762 2150 1799 2192 st·

156 2227 283 2300 superius
295 2227 461 2284 sanctissimi
476 2230 572 2284 Patres
587 2231 766 2300 Leopapaet
780 2228 954 2297 ambrosius,
1007 2230 1257 2287 communicatione
1268 2227 1392 2298 damnat,
1406 2238 1437 2286 nt
1455 2229 1501 2285 rix
1515 2228 1541 2285 ei
1553 2228 1693 2286 naticnm
1715 2227 1799 2286 ntae

159 2320 228 2377 alter
241 2318 363 2391 decreto,
379 2320 648 2392 alterexemplonos
662 2320 832 2393 apertissime
853 2319 956 2378 docue-
1007 2324 1071 2381 vitae
1093 2324 1236 2383 concedat.
1258 2322 1331 2379 Hine
1357 2323 1445 2379 saneti
1468 2325 1559 2379 Patres
1581 2321 1613 2377 in
1639 2320 1798 2379 Anboebtso

92 2402 124 2491 ,⁸
157 2423 232 2471 mnt.
246 2415 409 2488 Quicunque
424 2415 509 2489 igitur
526 2415 665 2472 ordinatos
681 2414 835 2489 neophytos
852 2415 954 2473 iterum
1007 2417 1122 2474 concilio
1134 2417 1203 2490 (cop.
1214 2417 1255 2472 vel
1269 2432 1328 2472 oen.
1344 2417 1372 2488 4)
1391 2415 1500 2473 cuilibet
1509 2415 1660 2484 damnato,
1673 2417 1697 2473 si
1708 2415 1798 2489 align'd

156 2498 324 2566 ordinandos
336 2507 479 2573 censuerit,
495 2509 588 2581 procul
610 2509 697 2565 dubio
720 2516 816 2566 euntm
842 2518 954 2567 sanctos
1008 2510 1042 2567 de
1066 2527 1144 2568 sacro
1164 2510 1319 2568 ministerio
1333 2510 1488 2583 attingeret,
1502 2523 1626 2567 omnem
1641 2508 1799 2583 sperum

155 2604 250 2660 Patres
259 2601 332 2660 iacit.
344 2604 447 2661 Eodem
456 2603 541 2660 modo
551 2611 580 2660 et
589 2603 635 2660 illa
643 2603 812 2661 reordinatio
823 2605 954 2677 reproba·
1008 2605 1132 2673 tutionis,
1155 2605 1197 2661 rel
1225 2604 1318 2661 loetum
1332 2602 1523 2661 satisfactionis
1536 2604 1652 2675 penitam
1663 2603 1799 2676 denegare·

154 2705 212 2766 tur,
224 2712 308 2769 quam
323 2697 466 2755 alefredus
478 2697 724 2754 Hildesbeimensis
732 2697 876 2772 epiecopus
891 2696 955 2754 iecit
1007 2708 1087 2766 runt;
1100 2713 1252 2771 omnesque
1279 2698 1304 2755 ei
1317 2696 1388 2754 inira
1415 2696 1630 2755 damnationem
1653 2696 1798 2755 communi·

40 2850 46 2861 Ι
153 2789 237 2847 iubis
259 2807 328 2864 quos
345 2792 406 2848 Ebo
418 2792 564 2848 tiernensis
589 2792 743 2865 episeopus,
771 2791 822 2848 sed
835 2790 952 2848 damna·
1006 2800 1101 2849 centes
1115 2793 1167 2849 sub
1176 2791 1462 2849 excommunicatione
1473 2790 1693 2849 damnaverunt.
1706 2791 1799 2864 Sitrgu

41 2906 55 2913 ¹·
154 2892 212 2952 tus,
228 2883 542 2959 ordinavitliamjusta
557 2886 743 2959 augustinum
757 2887 804 2954 (De
819 2887 953 2942 bonacon-
1005 2902 1056 2958 pro
1070 2886 1248 2959 usurpatione
1258 2886 1330 2943 sacri
1351 2883 1495 2942 ministerii
1520 2892 1578 2941 tam
1602 2886 1707 2943 acriter
1727 2885 1798 2943 dan·

148 2978 251 3057 jugali,
266 2996 326 3051 ocp.
339 2980 395 3048 24),
411 2982 437 3035 si
454 2981 515 3050 puis
531 2981 668 3051 epirum
686 2982 724 3048 [ei
743 2968 889 3050 pusspuum
910 2995 954 3035 or·
1007 2987 1107 3036 nentur
1119 2979 1165 3051 qui
1181 2979 1240 3036 solo
1259 2978 1351 3037 officio
1362 2979 1515 3052 privantur,
1536 2986 1647 3050 quanto
1665 2978 1752 3053 magis
1763 2976 1797 3035 illi

39 3098 42 3105 ·
153 3073 274 3143 dinone]
284 3089 336 3145 pro
356 3075 451 3145 clipuu
464 3075 542 3145 calpa
561 3074 596 3129 ab
615 3075 954 3144 officioremooeatur,su·
971 3071 1168 3181 cqui,ot‘iicio
1178 3081 1207 3130 et
1218 3073 1414 3141 communione
1427 3071 1617 3145 privati,[talia
1626 3087 1798 3146 presumpsi*

152 3173 284 3225 cremento
296 3169 376 3224 semel
394 3170 520 3239 imposito
535 3183 588 3224 non
601 3166 797 3239 moabitarum
819 3169 953 3238 [quemuis
1007 3173 1073 3223 runt
1085 3165 1201 3239 indigni.

152 3262 189 3317 od
201 3262 339 3332 judicum
356 3263 540 3334 permanente]
557 3260 750 3318 demncbtis'ter
771 3261 951 3318 addocemus
1038 3261 1157 3317 caveant
1168 3273 1278 3333 quoque
1299 3268 1327 3317 et
1338 3259 1390 3332 ipsi
1400 3258 1534 3316 Catholici
1547 3274 1586 3316 ne
1600 3258 1749 3333 aliquando
1760 3274 1799 3317 sa·

150 3354 217 3410 dere
234 3371 316 3425 quom
331 3355 427 3410 bebere
437 3357 547 3426 poterit.
563 3355 607 3412 Sic
622 3363 650 3411 et
670 3353 788 3410 Aeacius
798 3352 950 3427 depositus,
1004 3360 1143 3411 ammenta
1157 3369 1173 3411 a
1186 3354 1325 3411 damnatis
1335 3354 1504 3427 percipiant,
1519 3368 1554 3410 ne
1567 3369 1601 3410 se
1621 3354 1673 3411 surb
1694 3368 1798 3411 exeom-

152 3447 187 3504 da
201 3465 255 3520 quo
269 3465 352 3522 supra
365 3448 520 3519 retulimus,
533 3450 639 3506 multos
653 3448 799 3517 ordinavit,
822 3463 894 3521 quos
906 3457 950 3506 ta·
1004 3447 1220 3505 munientionem
1235 3456 1393 3504 senmurum
1408 3450 1520 3505 Petrum
1531 3456 1651 3522 ponant.
1664 3449 1797 3521 pruine

150 3556 214 3598 men
232 3543 331 3599 beatus
351 3543 510 3600 Anastasius
534 3559 601 3615 papa
625 3544 748 3613 (meson
770 3544 858 3614 numu)
878 3542 950 3600 inte-
1003 3550 1097 3598 autem
1110 3540 1332 3599 desacramantis
1345 3541 1655 3600 excommunicatorum
1683 3548 1794 3607 camut,

83 3646 86 3651 ·
148 3648 228 3707 grum
249 3635 430 3691 ordinationis
453 3644 655 3692 sacramentum
672 3635 707 3690 ab
727 3650 760 3691 eo
783 3636 948 3708 percepisse,
1003 3635 1318 3709 quodperbaeo,1'uxta
1342 3636 1548 3693 attestationem
1576 3639 1796 3695 sanctorumPa·

148 3734 176 3782 et
187 3725 223 3781 ob
236 3726 289 3782 boc
302 3742 359 3782 non
376 3728 575 3785 reordinandos
601 3743 659 3784 esse
674 3727 817 3800 judicavit.
848 3729 947 3786 Nullus
1002 3737 1089 3799 trum,
1101 3746 1159 3786 non
1178 3730 1304 3798 salutem,
1319 3728 1368 3787 sed
1381 3728 1600 3788 damnationem
1607 3730 1795 3789 mamutio-

149 3829 241 3876 autem
255 3818 405 3877 damnatus
424 3823 464 3877 rel
486 3820 744 3878 excommunicatus
758 3822 809 3878 sibi
825 3822 860 3880 de
879 3838 947 3879 con·
1002 3840 1066 3881 nem
1085 3823 1200 3898 qrrilibet
1215 3807 1408 3896 participantes
1431 3823 1582 3896 accipiunt,
1617 3826 1722 3898 quibus
1747 3838 1795 3907 not

48 3978 52 3983 ⁴
101 3964 104 3969 .
149 3910 269 3970 lectione
286 3922 526 3970 sacramentorum
548 3914 712 3985 applaudat:
729 3916 785 3971 imo
795 3916 823 3970 iu
836 3915 889 3972 boc
898 3933 948 3973 cu·
1001 3916 1061 3975 dico
1081 3917 1109 3974 in
1134 3918 1323 3986 sacramentis,
1339 3917 1386 3975 sed
1400 3917 1424 3975 si
1445 3917 1473 3975 in
1494 3919 1592 3976 osculo
1613 3918 1790 3977 marmores

147 4007 252 4063 mulum
262 4022 320 4064 suae
334 4005 518 4064 damnationis
532 4016 671 4079 agnoscat,
686 4023 750 4064 enm
767 3998 948 4067 tanto'scele·
1000 4011 1099 4080 verint,
1108 4011 1269 4069 canonicam
1281 4012 1605 4071 excommunicationem
1614 4012 1794 4087 subteriugm

147 4101 233 4157 ratior
254 4109 283 4158 at
299 4102 335 4157 ob
361 4100 415 4157 boc
444 4101 498 4158 sibi
520 4108 599 4157 tanto
624 4101 810 4173 perniciosior
831 4103 944 4170 existat,
999 4113 1205 4179 nonpoterunt.

147 4202 251 4267 quanto
262 4195 383 4252 sancius
396 4204 505 4267 reputat
525 4195 602 4268 quod
614 4196 746 4269 sacrilego
775 4212 844 4254 ausu
863 4214 945 4255 usur·

501 4490 924 4609 EJUSDEM
960 4493 1440 4609 Buttmann!

696 4681 1004 4742 constantluttsls
1024 4686 1251 4743 PRESBYTERl

593 4855 1347 4978 APOLOGETICUS

917 5091 1017 5135 suren

614 5207 1040 5276 EXCOMMUNICATIONEM
1060 5212 1239 5289 unaucurt
1260 5213 1327 5278 vu.

81 5450 90 5463 ’
174 5474 346 5537 summm
369 5477 675 5552 excommunicationis,
698 5498 784 5557 guam
808 5483 939 5544 dominus
950 5486 1134 5577 lgmulgarit,
1158 5487 1285 5546 nonnulli
1309 5487 1441 5561 marilega
1461 5489 1620 5547 amaritate
1643 5484 1785 5567 endiri-

138 5571 392 5644 noeterGregorius
403 5588 472 5646 papa
482 5574 693 5648 Vllapostoliea
704 5579 939 5653 auemritatepro-
991 5586 1052 5637 tam
1070 5579 1196 5653 indicere
1214 5589 1394 5654 praesumunt,
1405 5595 1490 5655 oeque
1501 5580 1532 5638 in
1547 5581 1615 5653 buo,
1631 5583 1783 5658 juxtam

134 5715 249 5843 mm)
271 5712 335 5772 Lib.
356 5729 400 5784 m,
413 5714 492 5788 epist.
506 5731 538 5784 r,
558 5716 595 5775 ad
615 5720 784 5793 Gregorium
803 5722 973 5781 Venautium
984 5723 1142 5798 episcopum
1155 5725 1323 5784 Lunensem.
1337 5721 1505 5782 lidsetiam
1522 5723 1551 5781 d.
1577 5730 1624 5793 50,
1640 5740 1669 5784 e.
1684 5730 1721 5784 tu
1737 5724 1781 5803 dp
