3870 6164
128 184 214 284 aas
633 216 1108 290 PROLRGOlthhi-ACRRS.
1129 229 1305 290 caucana.
1737 222 1794 300 ἰιι

135 347 379 419 Romanuseivis,
405 348 699 425 GregoriumPapam,
717 352 761 412 die
783 353 943 415 Natiuitatis
956 363 984 426 Α
996 358 1129 419 susalmo
1146 359 1274 418 bucensi.
1300 357 1386 417 Unde
1413 364 1442 417 et
1458 362 1541 436 Papa,
1565 361 1656 421 missis
1669 365 1793 438 ,legatie

137 444 255 504 Domini
277 443 427 503 missarum
450 443 572 503 solennia
594 445 790 517 celebrantem,
814 465 945 526 eompre—
996 452 1170 526 Principibus
1189 453 1279 528 Regni
1294 451 1443 513 declaravit
1461 471 1490 512 se
1516 471 1613 529 parurn
1649 456 1795 530 proiecisse

138 540 254 609 hesdin
276 554 360 613 quem
380 539 419 597 ita
433 540 666 612 comprehensum
682 542 797 616 quidam
820 560 854 601 ex
867 545 942 602 mili·
997 547 1025 605 ln
1045 546 1172 620 eojquod
1189 547 1308 605 illumin
1328 549 1551 607 communionem
1566 553 1709 625 receperit,
1731 570 1797 612 cum

138 633 353 709 hbmcjusdcm
367 632 455 692 Cincii
482 633 853 695 occideredestinavitssed
879 654 944 698 curn
997 641 1147 700 simoniaci
1163 650 1191 698 et
1211 642 1440 700 excommunicati
1463 660 1520 701 non
1535 643 1796 705 minustunclove·

141 728 268 802 gladium
289 744 370 802 supra
384 736 469 801 caput
499 729 559 802 ejus
573 729 704 799 vibraret,
727 730 814 789 nimio
835 742 941 791 terrore
997 735 1139 794 renturab
1155 750 1189 794 eo
1202 751 1285 807 quam
1298 736 1430 808 primum.
1445 738 1492 794 llis
1511 754 1576 813 ergo
1590 738 1700 811 auditis,
1714 741 1795 798 Prin-

143 831 288 897 correptas
306 822 426 892 corruit,
442 838 494 880 nce
514 822 653 896 inceptum
670 824 759 882 ictum
775 827 884 900 explere
896 843 944 901 po·
997 828 1071 903 cipes
1085 830 1185 903 Regni,
1200 828 1317 902 generali
1331 829 1475 902 colloquio
1489 831 1561 904 apud
1573 834 1720 891 Forcheim
1740 844 1796 892 ter-

144 918 213 975 tnit.
227 917 333 975 (indus
351 924 445 974 autem
459 918 562 990 Papam
581 917 609 973 in
626 919 725 976 turrim
739 934 818 977 suam
833 929 944 994 captum
998 923 1036 981 tio
1050 923 1216 981 lduslllartii
1230 922 1335 990 habito,
1345 923 1484 998 egregium
1497 926 1676 1000 Rudolphum
1688 931 1796 986 Ducem
1833 914 1838 921 ¹

145 1009 289 1070 deduxit:
315 1025 380 1084 quae
404 1019 497 1084 postea
521 1011 615 1069 statim
636 1029 662 1069 a*
676 1013 811 1071 Romanis
835 1015 944 1088 penitas
998 1017 1048 1076 sibi
1060 1018 1088 1074 ia
1096 1020 1204 1091 Regem
1216 1016 1512 1091 sublimarunt:quem
1522 1019 1638 1092 septimo
1655 1023 1796 1080 Kalendas
1828 1092 1831 1101 Ι
1916 1066 1919 1071 -

144 1103 320 1179 dilapidatur,
336 1113 366 1163 et
379 1108 453 1179 Papa
467 1105 617 1178 prudenter
638 1105 763 1179 eripitur,
778 1106 823 1180 qui
842 1115 870 1165 et
893 1125 943 1166 suo
998 1111 1109 1186 Aprilis,
1132 1111 1180 1168 ubi
1195 1127 1229 1168 eo
1246 1127 1318 1169 anno
1333 1112 1454 1170 medium
1462 1113 1684 1188 Quadragesimm
1697 1132 1795 1174 occur-

143 1199 251 1272 csptori
265 1198 336 1256 vira
350 1199 485 1257 Romanis
495 1200 581 1257 vitam
597 1200 762 1274 impetravit.
772 1202 842 1260 Cum
852 1211 943 1260 autem
997 1205 1043 1273 rit,
1061 1214 1241 1264 coronarunt.
1266 1206 1387 1263 Maxima
1400 1215 1495 1264 autem
1518 1207 1575 1277 nix,
1599 1224 1662 1282 quaa
1677 1225 1710 1266 eo
1723 1226 1794 1268 anno

142 1295 215 1362 Rex,
229 1292 398 1367 jamdudum
413 1309 514 1368 saepen
529 1297 602 1368 Papa
610 1296 804 1368 praemonitus,
819 1312 849 1354 se
861 1297 945 1354 curri·
996 1298 1103 1359 tamdiu
1116 1300 1316 1374 totam1terram
1327 1300 1443 1370 obtexit,
1458 1300 1485 1358 in
1496 1301 1700 1360 electionenovi
1713 1305 1796 1377 Regis

144 1404 209 1463 gere
222 1388 322 1457 nollet,
337 1395 364 1445 et
379 1391 453 1462 Papa
466 1389 494 1445 in
509 1387 685 1445 admonendo
695 1389 765 1446 nihil
781 1389 943 1463 prodesset,
997 1395 1096 1452 resolvi
1114 1393 1225 1451 tandem
1250 1395 1341 1469 coepit.
1370 1398 1402 1452 ln
1422 1395 1465 1452 die
1477 1406 1571 1454 autem
1584 1397 1796 1455 consecrationis

144 1483 180 1540 ad
193 1482 327 1539 ultimum
340 1482 479 1540 mandavit
496 1482 520 1539 ei
545 1483 622 1557 quad
643 1483 671 1540 ia
685 1484 813 1541 Romana
832 1485 944 1559 Syuedo
998 1488 1068 1562 eius,
1084 1505 1133 1562 per
1146 1489 1351 1563 suggestionem
1375 1488 1596 1548 simoniacorum
1617 1491 1796 1563 Clericorum,

144 1578 272 1652 proxima
293 1592 360 1634 eum
373 1577 659 1635 excommunicaturus
673 1587 755 1648 esset,
773 1578 825 1635 nisi
846 1579 944 1652 resipi-
998 1584 1121 1641 maxima
1147 1582 1246 1641 seditio
1271 1584 1425 1658 Magantia
1444 1593 1504 1641 orta
1532 1593 1573 1641 est
1588 1606 1594 1640 ι
1609 1585 1646 1642 ita
1663 1594 1694 1642 ut
1712 1587 1796 1644 etiam

144 1681 253 1730 sceret:
269 1687 331 1745 quae
345 1671 441 1745 legatio
455 1672 482 1728 in
494 1673 595 1729 Octava
607 1672 766 1730 Natiuitatis
778 1673 895 1730 Domini
909 1672 943 1730 ad
997 1677 1130 1750 palatium
1142 1677 1294 1752 irrumpere
1313 1679 1424 1747 vellent,
1446 1687 1473 1734 et
1494 1678 1710 1751 religiosiss'snos
1740 1681 1799 1738 Cle·

144 1768 253 1840 Regem
278 1766 409 1838 pervenit.
425 1764 509 1824 Unde
523 1769 592 1832 Rex,
607 1766 635 1823 ia
650 1767 857 1839 septuagesima
871 1767 944 1841 apud
959 1737 984 1801 B
999 1772 1072 1828 riam
1086 1780 1114 1828 et
1127 1771 1275 1828 Monachus
1287 1771 1420 1829 occidere.
1437 1771 1491 1828 Sed
1506 1771 1601 1828 deutra
1625 1773 1675 1828 Dci
1696 1773 1797 1831 Milites

144 1861 332 1918 wormatiam
352 1859 492 1934 colloquia
512 1859 595 1926 iacto,
615 1860 705 1917 etalio
734 1860 762 1916 in
780 1857 946 1921 lombardia
999 1865 1063 1921 novi
1091 1864 1234 1939 Principis,
1261 1865 1323 1923 licet
1342 1866 1473 1935 inermes,
1494 1866 1531 1922 ita
1559 1865 1687 1937 proterit,
1707 1875 1738 1922 ut
1763 1883 1797 1924 ae

145 1955 218 2029 apud
239 1955 420 2023 Placentiam,
443 1968 624 2029 omnesquae
647 1953 736 2028 potuit
759 1954 945 2013 obedientiam
1001 1958 1799 2034 unumquidemcxsuisperderent;exadversariisautem

145 2049 279 2124 pmdicto
292 2051 375 2123 Papae
392 2047 574 2106 exhibendam
592 2048 717 2121 abjurare
727 2045 811 2107 lecit:
826 2058 853 2107 et
864 2051 946 2108 missa
1000 2053 1062 2126 plus
1086 2069 1171 2126 quam
1190 2062 1313 2123 centum,
1345 2055 1447 2128 partim
1472 2053 1559 2122 ferro,
1596 2054 1696 2126 partim
1725 2070 1798 2128 aqua

146 2145 284 2219 lemtione
306 2144 342 2202 ad
355 2147 512 2201 Romanam
533 2141 763 2217 synodumque
781 2143 808 2199 ia
821 2145 946 2216 proxima
1000 2157 1174 2206 necarentur.
1197 2150 1303 2220 Quibus
1317 2150 1398 2207 eliam
1413 2165 1462 2222 pro
1477 2147 1629 2206 homicidiis
1642 2148 1801 2222 hujusmodi

147 2238 362 2311 Quadragesima
376 2238 513 2296 celebrata
527 2244 579 2305 est,
601 2238 694 2311 ipsum
705 2238 896 2311 apostolicum
911 2239 945 2295 ab
1000 2243 1139 2317 aLegatis
1161 2244 1329 2317 Apostolicae
1355 2242 1433 2301 Sedis
1446 2242 1508 2299 talis
1521 2241 1682 2317 poenitentia
1706 2242 1797 2317 impo-

147 2332 306 2408 Apostallca
315 2331 387 2390 Sede
401 2332 602 2397 contumaciter
609 2331 690 2405 jussit
701 2331 875 2391 descendere.
891 2331 945 2390 Sed
1001 2338 1054 2394 sita
1068 2345 1126 2407 est;
1144 2347 1174 2396 ut
1187 2338 1286 2413 singuli
1307 2346 1353 2395 aut
1366 2336 1543 2413 quadraginta
1556 2337 1614 2394 dies
1629 2336 1798 2410 ieiunareut,

146 2428 222 2486 missi
249 2428 311 2501 ejus
335 2426 492 2501 turpissime
516 2426 545 2483 ia
567 2425 678 2500 synodo
705 2426 825 2495 tractati,
863 2427 946 2484 vira
1001 2438 1049 2489 aut
1071 2430 1249 2507 quadraginta
1276 2448 1410 2507 pauperes
1436 2431 1521 2489 semel
1560 2439 1714 2503 pascerent,
1748 2446 1801 2488 nec

147 2522 280 2580 Romanis
300 2521 448 2595 adjuvaute
469 2523 542 2594 Papa
561 2529 715 2578 evaserunt.
735 2523 831 2593 ipsum
853 2529 946 2578 autem
1000 2526 1552 2584 tamenEcclesiasticamcommunionem
1561 2525 1640 2598 quasi
1649 2524 1800 2584 homicidae

146 2619 264 2690 Regem,
279 2614 552 2689 Synodajudicante,
564 2613 694 2671 fidelitate
710 2613 865 2684 hominum,
888 2618 946 2672 Re·
1001 2619 1128 2677 vitarent.

146 2719 239 2786 gnoet
252 2709 453 2768 commuuione
465 2709 593 2783 privavit,
604 2718 632 2765 et
642 2709 775 2765 omnesei
789 2706 946 2782 adregnunr
1036 2720 1064 2769 8.
1080 2713 1243 2786 Rudolphus
1263 2717 1335 2780 Rex,
1360 2721 1424 2786 post
1438 2716 1677 2771 consecrationem
1690 2714 1717 2770 in
1731 2717 1800 2772 Sue·

143 2805 252 2879 juratos
260 2804 422 2878 juramento
447 2801 572 2860 absolvit.
586 2805 693 2860 Omnes
719 2802 879 2874 Episcopus,
899 2802 945 2874 qui
1003 2806 1076 2863 viam
1093 2806 1236 2878 secedens,
1268 2810 1396 2880 Regnum
1418 2806 1468 2863 sibi
1484 2806 1662 2882 subjugavit.
1684 2809 1800 2865 luterivn

147 2899 218 2972 Regi
231 2907 333 2973 sponte
341 2905 437 2955 contra
453 2899 555 2969 Papam
566 2895 705 2965 faverant,
719 2893 811 2952 allicio
830 2904 858 2952 et
871 2910 947 2952 eom·
999 2900 1135 2958 Henricus
1148 2899 1348 2974 langobardiae
1360 2885 1522 2957 morabatur
1535 2899 1570 2956 ad
1586 2915 1669 2972 quern
1680 2901 1800 2969 Cincius,

147 2995 282 3051 munione
292 2992 428 3067 privavit:
446 2990 556 3065 reliquis
579 3000 683 3058 autem,
708 2989 754 3064 qui
770 2989 845 3046 inviti
857 2989 945 3046 eidem
1000 2994 1065 3051 civis
1078 2998 1233 3064 Romanus,
1259 3009 1353 3052 secum
1368 2993 1471 3051 ducens
1488 3002 1599 3066 captum
1612 2991 1800 3050 venerabilem

149 3086 347 3162 conspirationi
373 3085 533 3155 intererant,
553 3100 640 3158 usque
662 3083 697 3140 ad
714 3083 890 3141 festivitatem
917 3086 945 3141 S.
966 3090 1153 3156 ceumarum
1167 3086 1674 3163 Episcopum,namineReginaldum,
1691 3087 1802 3163 Papiam

149 3184 222 3241 Petri
249 3179 374 3238 inducias
400 3178 522 3237 dedit...
564 3178 732 3236 Wilhelmus
766 3177 951 3250 trajectensis
1003 3184 1100 3241 venit:
1124 3182 1225 3257 quippe
1247 3183 1417 3242 remunerari
1443 3184 1538 3239 valens
1566 3182 1602 3238 ab
1618 3182 1751 3250 Hearico,
1767 3188 1827 3238 eo·

148 3276 315 3350 Episcopus,
332 3273 419 3330 multa
433 3272 461 3330 in
486 3273 676 3347 apostolicum
688 3270 868 3342 conviciatus,
882 3271 949 3328 sub·
1003 3278 1079 3353 quod
1104 3277 1132 3335 in
1155 3277 1297 3335 servitium
1312 3276 1369 3350 ejus
1382 3276 1469 3334 moda
1493 3275 1569 3333 hunc
1585 3276 1762 3348 Episcopum,
1775 3284 1803 3333 et

148 3372 244 3427 vinnm
257 3375 351 3429 maru
363 3367 466 3440 absquo
474 3367 661 3424 Ecclesiastico
670 3365 877 3434 communione,
886 3372 950 3438 post
1002 3370 1031 3428 in
1044 3371 1429 3445 preteritoannonominum
1443 3369 1802 3443 apostolicumeapuvave-

148 3462 257 3521 Pascha
266 3461 423 3520 mulolalut·
432 3462 496 3518 Jam
506 3476 603 3518 omnes
622 3475 694 3534 pene
709 3459 851 3534 Principes
859 3459 949 3533 Regni
1001 3474 1052 3523 rat.
1074 3465 1128 3523 Sed
1149 3465 1184 3521 ibi
1213 3464 1356 3523 subitanea
1379 3471 1471 3521 morte
1496 3470 1662 3535 praeventus,
1678 3462 1801 3519 debitam

149 3574 166 3616 a
191 3555 390 3615 communione
415 3555 527 3613 Hentlci
553 3571 584 3612 ιθ
610 3561 824 3630 sequestrarant·
854 3557 950 3611 Mense
1001 3559 1254 3618 remunerationem
1280 3557 1393 3631 accepit,
1409 3573 1492 3630 quam
1513 3565 1557 3614 tot
1570 3556 1719 3629 sacrilegiis
1741 3573 1803 3628 pro-

150 3648 364 3726 imturoctobri
375 3649 543 3723 colloquium
568 3647 641 3723 apud
653 3648 824 3723 oppenheim
838 3664 854 3706 a
867 3648 951 3705 Pria·
1002 3654 1101 3711 mereri
1122 3669 1179 3711 non
1202 3653 1304 3711 timuit.
1331 3651 1477 3722 Hearicus,
1508 3650 1601 3708 audita
1628 3650 1803 3724 promotione

151 3746 262 3819 cipibus
287 3744 376 3818 Regni
391 3742 536 3817 colligitur,
551 3744 595 3800 cui
610 3745 724 3817 legatio
737 3743 815 3801 sedis
831 3744 952 3818 Aposto-
1002 3746 1154 3820 Rudolphi,
1181 3747 1314 3808 auxilium
1326 3749 1408 3820 Papa
1426 3752 1522 3802 contm
1541 3743 1616 3801 illum
1637 3744 1802 3816 imploravit,

151 3840 214 3898 licae
241 3837 438 3896 interluit.1bi
463 3837 609 3906 ilenricus,
634 3838 662 3895 ia
690 3837 885 3895 Purificatione
920 3839 950 3895 S.
1002 3842 1064 3899 licet
1077 3841 1266 3914 supradictum
1280 3843 1437 3898 Ostiensem
1451 3840 1618 3912 Episcopum
1639 3838 1804 3911 inceptione

151 3935 253 3992 blance
264 3933 470 4007 tunc4prosima
481 3947 511 3990 se
515 3932 736 4006 praesentandum
743 3932 863 3990 Domino
870 3933 952 4004 Papae
1003 3935 1096 3993 adhuc
1111 3934 1196 3993 teneri
1210 3933 1372 4008 permiserit.
1387 3932 1468 3990 Unde
1483 3940 1509 3990 et
1520 3935 1592 4004 Papa
1603 3933 1639 3988 illi
1653 3933 1803 4005 respondit,

152 4026 232 4103 spud
253 4030 405 4101 Augustam
418 4026 575 4084 lirmissime
590 4027 715 4100 promisit
731 4043 739 4085 c
754 4041 820 4083 uam
837 4033 866 4083 et
886 4026 952 4083 illue
1003 4045 1033 4087 se
1044 4045 1100 4087 non
1113 4044 1192 4102 posse
1216 4029 1274 4102 ejus
1297 4026 1504 4102 interpellationi
1518 4026 1685 4098 satislacere,
1704 4043 1804 4099 quam-

151 4121 309 4182 Dominum
321 4120 513 4196 Apostolicum
526 4121 583 4195 ipso
598 4137 662 4180 cum
682 4119 851 4194 Principibus
863 4119 952 4193 Regni
1005 4123 1052 4182 diu
1085 4123 1159 4196 apud
1172 4123 1248 4181 illum
1271 4124 1299 4179 S.
1326 4125 1426 4180 Petrus
1449 4122 1477 4177 in
1504 4123 1609 4194 Legata
1635 4136 1685 4178 suo
1705 4120 1803 4194 ligatus

151 4217 290 4274 invitarit.
1004 4226 1152 4276 teneretur.
1166 4219 1304 4275 Frustrata
1319 4233 1384 4291 ergo
1398 4215 1598 4289 supplicatione
1606 4231 1665 4285 sua,
1680 4215 1805 4273 animum

189 4319 218 4368 1.
234 4315 317 4368 Anno
336 4316 415 4380 ¹077,
430 4309 566 4369 Hearicus
577 4313 649 4380 Rex,
662 4307 780 4384 propriae
799 4323 888 4366 causae
900 4307 953 4365 dif-
1005 4313 1034 4368 in
1045 4311 1221 4386 tyrannidem
1236 4311 1370 4368 convertit
1390 4310 1530 4381 :aeciam
1542 4311 1672 4383 Regnum
1687 4325 1736 4383 per
1744 4309 1804 4382 jus·

156 4406 257 4476 fidens,
282 4403 425 4462 etidcirco
450 4403 606 4478 generalem
628 4403 820 4461 auctoritatem
844 4403 952 4461 subter·
1007 4405 1106 4475 utiam,
1134 4404 1183 4462 sed
1196 4420 1245 4478 per
1268 4404 1424 4462 violentiam
1447 4403 1571 4460 obtinere
1590 4403 1735 4476 cogitavit.
1745 4406 1804 4459 Rex

155 4500 266 4574 lugiens
279 4498 380 4558 furtive
401 4498 512 4556 ltaliam
533 4506 630 4555 contra
647 4501 728 4568 Papae
744 4506 911 4571 preceptum
927 4506 955 4553 et
967 4473 994 4537 D
1007 4509 1101 4557 autem
1121 4498 1287 4572 liudolphus
1302 4499 1374 4572 apud
1403 4501 1556 4571 Augustam
1577 4496 1806 4570 gloriosissimum

153 4593 271 4652 consilia
286 4593 446 4666 Principum
459 4591 591 4649 intravit:
606 4600 634 4648 ct
651 4592 821 4665 Apostolico,
842 4591 876 4648 ad
891 4607 953 4648 con·
1007 4594 1112 4652 Pascha
1130 4594 1276 4653 celebravit
1286 4609 1349 4650 curn
1356 4593 1465 4665 Legatis
1476 4591 1645 4664 spostolicae
1661 4589 1757 4648 Sedis:
1772 4607 1806 4648 ex

152 4688 262 4747 dictvsm
273 4685 647 4761 diemhugustamtendenti,
661 4686 954 4743 antePurilicationem
1008 4688 1106 4760 quibus
1135 4704 1214 4754 unus,
1245 4686 1467 4761 religiosissimus
1497 4686 1591 4742 anuas
1619 4685 1805 4753 Bernhardus,

155 4785 184 4841 S.
198 4781 301 4840 maria
313 4781 422 4839 Canusii
430 4780 549 4838 obviavit
562 4798 569 4837 :
584 4780 632 4837 ubi
643 4789 671 4837 et
682 4781 716 4836 ab
726 4796 759 4837 eo
768 4795 816 4853 per
824 4779 955 4837 inauditae
1008 4786 1130 4840 Romam
1149 4781 1275 4855 dirigitur
1296 4780 1370 4838 racd
1397 4780 1431 4836 ab
1462 4778 1594 4837 Udalrico
1624 4781 1732 4838 comite
1771 4778 1808 4837 de

157 4875 357 4934 humiliationis
380 4875 594 4945 simulationem,
609 4884 761 4949 utcumque
782 4875 882 4948 potuit,
898 4890 956 4932 non
1009 4876 1176 4948 Lentzburg,
1202 4872 1319 4931 Heurici
1333 4873 1475 4946 complice,
1496 4883 1592 4947 captus
1610 4882 1639 4931 et
1656 4873 1806 4948 praedatue,

156 4972 258 5047 Regni,
272 4970 321 5028 scd
335 4969 538 5027 communionis
552 4979 661 5028 tantum
684 4969 889 5026 concessionem
911 4968 955 5026 vix
1009 4985 1114 5027 aunum
1131 4984 1200 5042 pene
1213 4968 1358 5026 dimidium
1372 4970 1400 5025 in
1412 4968 1568 5042 captivitate
1582 4969 1682 5025 mansit
1703 4983 1807 5043 :quem

158 5065 272 5124 demum
288 5064 425 5123 extorsit:
443 5063 507 5121 dato
522 5072 617 5121 tamen
635 5062 711 5136 prius
724 5071 910 5133 sacramento,
925 5071 957 5120 ut
1009 5063 1196 5123 cluniacensis
1206 5064 1301 5122 hbbas
1315 5064 1349 5122 de
1364 5063 1490 5120 manibus
1510 5064 1624 5122 Hearici
1635 5063 1679 5121 vis
1692 5061 1809 5121 demum

160 5155 671 5233 dcobjectiscriminibusadJadicium
681 5161 763 5231 Papa
772 5155 956 5227 samareum
1011 5159 1113 5231 eripuit
1138 5198 1204 5219 ...
1226 5157 1424 5216 .Vercellensis
1434 5157 1681 5230 Episcopushm,
1691 5155 1807 5230 depositi

162 5268 216 5309 nec
240 5256 319 5328 Papae
336 5262 387 5312 ant
410 5251 492 5310 alicui
511 5252 569 5325 ejus
596 5250 670 5310 fldeli
698 5266 819 5325 usquam
832 5250 908 5307 eunti
931 5258 959 5307 et
1009 5253 1093 5326 Regis
1114 5252 1309 5322 Cancellarius,
1333 5268 1396 5309 cum
1415 5252 1542 5309 omnibus
1561 5253 1620 5309 suis
1648 5251 1809 5324 sequacibus
1895 5259 1904 5281 ·’

161 5344 285 5405 redeunti
297 5348 419 5421 aliquam
431 5344 534 5404 inferre
543 5345 698 5405 molestiam
708 5344 884 5404 consentiret.
897 5347 958 5402 Hoc
1012 5347 1180 5420 colloquium
1194 5346 1401 5420 generalecirca
1426 5344 1565 5402 Kalendas
1589 5344 1654 5402 binii
1680 5345 1710 5400 in
1730 5349 1810 5402 Raa-

162 5449 255 5499 autem
264 5441 456 5517 iuramentum
468 5456 519 5498 nec
543 5440 698 5514 quindecim
714 5439 772 5498 dies
792 5439 957 5511 observavit,
1013 5440 1118 5499 calibus
1125 5440 1256 5510 condixit,
1265 5438 1335 5510 ut,si
1347 5440 1438 5512 aliquo
1447 5438 1812 5511 modoposset,Gregorium

160 5536 247 5611 csptn
270 5535 472 5596 vacabimus
489 5534 633 5609 Episcopis
647 5534 769 5593 Geraldo
794 5533 913 5592 Ostiensi
932 5541 960 5590 et
1013 5537 1117 5607 Papam
1127 5533 1276 5609 deponeret
1291 5549 1296 5586 :
1314 5532 1364 5591 sed
1379 5535 1437 5607 ipse
1451 5533 1486 5590 ad
1499 5531 1632 5591 eumdem
1648 5531 1811 5599 terminum,

196 5681 274 5747 (m)
295 5675 467 5751 Gregorius,
483 5690 558 5734 snno
581 5678 652 5732 1046
670 5672 758 5732 iactus
777 5671 961 5731 Vercellensis
1015 5674 1157 5747 guatinum
1175 5673 1209 5732 ab
1222 5671 1341 5733 Ecclesia
1373 5670 1556 5747 inepiscopis
1585 5671 1813 5733 Pedemontsnae.

197 5748 205 5761 '
275 5764 321 5819 as,
342 5746 427 5807 modo
452 5761 546 5818 sanus,
559 5747 645 5804 modo
660 5746 785 5814 escorni
805 5747 842 5804 sis
857 5745 962 5803 Kalen·
1015 5745 1146 5819 regionis.

302 5819 394 5897 periit
418 5818 536 5879 canale
555 5817 720 5894 Uglvallum,
733 5824 762 5876 et
832 5833 877 5877 nc.
905 5820 962 5874 Aa·

303 5910 421 5971 Parnon
442 5906 571 5971 mim.
1071 5981 1085 5991 .,
1112 5990 1120 5996 .
1637 5905 1660 5967 h

404 6062 449 6136 d

733 6016 749 6073 ἱ

724 6084 749 6113 1.
