3884 6158
154 297 207 354 tlt
626 293 655 349 S.
675 292 838 350 usedomi
856 291 901 350 vlt
920 293 1019 349 PhPAE
1037 290 1175 349 ornabit
1193 288 1280 346 Pras
1298 288 1332 344 lt.

154 430 188 479 ut
202 419 266 479 inde
282 433 331 494 per
347 417 472 491 singulos
486 430 574 474 canos
587 416 668 474 beato
682 421 764 475 Petro
780 425 809 475 ct
821 417 880 491 ejas
891 433 953 492 apo·
966 422 994 485 Α
1008 410 1435 489 nullumquacuuquepraeditum
1444 407 1576 483 dignitete
1586 407 1626 463 rel
1635 419 1717 480 pum

153 513 256 573 nobee
269 511 338 581 sedi,
352 510 381 568 in
396 510 539 584 presence
551 508 669 569 Romani
682 509 821 583 pontilicis
829 518 878 569 sut
891 509 952 583 ejus
1006 510 1102 580 alium,
1111 509 1145 567 de
1156 509 1201 565 his
1210 523 1273 581 quae
1282 505 1372 563 eidem
1383 502 1620 562 ecclesiaeabeato
1629 498 1717 559 Audet

153 605 321 679 archilegeti,
336 606 436 663 liomet
449 611 499 662 aut
507 602 554 662 ubi
570 604 627 676 ipse
635 602 759 677 iusserit,
774 610 838 661 octo
851 601 953 661 diebos
1006 601 1147 662 Adroaldo
1173 611 1201 659 et
1234 600 1341 658 caeteris
1360 598 1463 657 donata
1486 603 1560 665 sunt,
1579 595 1717 653 minnere

152 706 216 758 ente
230 697 269 756 rel
282 703 346 770 post
356 696 422 755 Kal.
437 696 515 769 Meli,
531 696 617 755 idest
637 698 785 765 homene,
799 694 881 754 unda
894 695 952 752 auri
1006 696 1142 767 ierre,scd
1151 703 1249 753 cuncta
1264 709 1325 768 quae
1336 690 1374 750 ibi
1385 692 1474 749 oblata
1494 698 1574 760 sunt,
1595 686 1709 763 perenni

151 790 319 866 impensioni
339 788 481 849 reddatur.
506 793 610 849 Verum
631 789 695 863 quie
710 798 753 861 ta,
772 789 952 848 dilectissime
1006 806 1073 865 pore
1095 789 1194 847 illibata
1218 797 1246 846 et
1266 788 1323 845 sine
1347 782 1537 858 inquietudine
1558 782 1649 856 aliqua
1674 780 1717 840 rol

150 884 235 945 irater
247 891 276 943 et
288 883 375 943 abbas
387 883 553 951 maerendo,
568 883 604 941 ad
619 883 771 957 regendum
793 882 861 942 illud
878 882 951 941 idern
1006 883 1151 958 possideri,
1161 897 1304 940 eorum...
1315 880 1409 937 usibus
1416 895 1467 951 pro
1477 892 1598 951 quorum
1605 881 1717 933 sustent

153 978 354 1039 monasterium
367 978 403 1039 de
422 977 636 1053 congregatione
653 976 840 1035 (luciacensis
853 992 951 1034 mona·
1006 978 1254 1052 gubernationeque
1264 990 1394 1032 concessa
1405 976 1483 1041 sunt,
1495 970 1584 1028 modis
1598 967 1717 1027 omnibu

152 1073 242 1145 sterd,
252 1073 511 1144 cui,1teoauctore,
524 1076 641 1145 preesse
649 1067 952 1143 dignosceris,lretrem
1007 1072 1107 1129 lutura,

152 1166 304 1225 widonem
325 1166 407 1224 nobis
428 1165 552 1237 donasti,
568 1162 658 1222 virum
672 1164 830 1237 religiosum
849 1172 952 1236 etpru·
1043 1168 1124 1234 item,
1137 1162 1330 1221 constituimus
1342 1169 1382 1230 ut,
1397 1156 1717 1233 obeuntepraepositore

153 1258 254 1318 (lenter
261 1259 401 1328 edoctum,
411 1258 458 1334 qui
467 1258 571 1317 ibidem
580 1273 668 1315 sacrae
678 1256 817 1330 religionis
829 1256 952 1314 formam
1006 1274 1075 1316 cano
1096 1258 1217 1331 eiusdem
1236 1257 1370 1324 ecelesiae,
1390 1269 1448 1311 non
1462 1253 1532 1310 alius
1556 1252 1593 1309 ibi
1617 1248 1717 1309 substit

152 1360 235 1428 etgsse
245 1351 402 1411 doctrinam
417 1351 569 1411 secundum
590 1350 714 1424 regulam
733 1349 819 1407 sancti
832 1350 952 1409 Benedi-
1006 1367 1167 1425 quacunque
1180 1350 1346 1423 obreptionis
1358 1347 1468 1416 astutia,
1483 1346 1536 1403 nisi
1551 1360 1636 1420 quen
1648 1358 1717 1401 cons

153 1446 191 1504 cti
211 1452 240 1504 et
263 1454 363 1504 vestre
383 1443 597 1503 conversationis
608 1443 835 1502 consuetudinem
856 1445 952 1502 edoce·
1005 1446 1200 1503 canonicorum
1207 1444 1370 1501 canoniceet
1378 1439 1531 1499 seeundum
1539 1439 1589 1497 Dei
1599 1438 1717 1495 timoren

152 1546 205 1608 ret,
224 1546 262 1608 et,
274 1540 336 1597 Deo
348 1538 504 1608 auxiliante,
524 1538 696 1608 institueret3
710 1554 747 1595 ne
765 1537 849 1612 hujus
864 1536 950 1595 sbti·
1006 1538 1105 1598 viderit
1127 1537 1328 1606 ordinandum,
1348 1536 1390 1592 vel
1418 1534 1530 1608 elegerit
1555 1531 1717 1589 constituen

152 1630 267 1689 cationis
294 1630 410 1705 vetigia
430 1631 460 1689 in
480 1639 623 1704 posterum
643 1630 799 1700 deleantur,
826 1639 875 1688 aut
893 1632 951 1702 tui,
1006 1642 1059 1690 etc.

151 1723 247 1794 irater,
265 1723 413 1797 spiritualis
426 1724 557 1797 germinis
571 1722 687 1793 inimus,
710 1740 760 1799 per
780 1724 952 1797 subrogatio·
1338 1723 1469 1779 Lxxvr.

152 1831 219 1875 nem
231 1816 348 1890 alicujus
360 1824 501 1875 extranere
520 1818 735 1876 conversationis
757 1825 786 1874 et
799 1816 951 1876 inlecundae
966 1790 990 1852 Β
1005 1838 1130 1907 (pem,-
1140 1839 1277 1909 pum
1287 1835 1362 1892 gupa
1373 1852 1428 1907 qu,
1439 1833 1602 1889 ,mmm
1611 1829 1717 1887 cm

151 1908 390 1984 supplantationis,
421 1909 512 1984 aliquo
535 1909 662 1983 deinceps
692 1918 818 1984 tempore
842 1909 952 1968 delicird
1039 1914 1088 1964 cto
1101 1911 1247 1992 lte'sitctb
1260 1908 1346 1964 donet
1364 1912 1391 1963 et
1410 1908 1550 1975 mnttrmot
1562 1900 1717 1974 prodesse

153 2003 195 2060 rel
212 2001 357 2061 occsdone
374 2002 517 2077 depereat;
536 2019 633 2061 curam
652 2003 724 2061 illius
742 2003 794 2060 loci
811 2002 864 2061 tibi
879 2005 951 2060 tuis·
1040 1985 1134 2036 mm·

152 2096 420 2169 guemoeessorlbm
431 2096 458 2153 in
473 2103 637 2172 perpetuum
655 2096 685 2155 in
695 2105 790 2155 nostra
805 2096 864 2156 rice
876 2113 952 2155 com-
1284 2076 1373 2140 (ᾸΜΟ
1394 2069 1533 2139 ¹⁰⁷³'⁸⁵·)

153 2188 302 2259 mittimus,
323 2198 355 2247 ut
374 2191 403 2247 in
427 2191 487 2264 ejus
508 2190 706 2265 gubernatione
726 2197 808 2263 atque
828 2191 952 2251 custodia
1147 2166 1661 2248 [MUMT0112ffl222'l-1³⁰²·›V›⁴⁷⁰·l

152 2290 255 2342 autre
279 2283 471 2342 sollicitudinis
484 2292 516 2340 tu
539 2300 692 2359 omnesque
715 2298 885 2343 succcnores
909 2284 952 2343 tui
1041 2289 1221 2347 Ganeoarus
1235 2285 1389 2359 episcopm,
1404 2278 1717 2342 serrasservorumilei

152 2384 181 2435 et
207 2382 370 2451 potcstetem
392 2376 512 2435 habeant
539 2386 568 2437 et
602 2377 725 2436 modium
752 2378 953 2453 procurationis
1005 2380 1086 2439 adius
1102 2380 1204 2437 Christi
1223 2378 1358 2450 fidelibus,
1378 2377 1485 2436 clericis
1507 2394 1539 2434 ac
1557 2375 1631 2433 laicis
1642 2373 1717 2432 salut

153 2468 315 2543 mpendant.
325 2471 504 2529 Decernimus
513 2471 598 2529 etiam
612 2479 654 2544 ut,
664 2472 830 2529 obeunteibi
839 2471 950 2543 abbate,
1005 2475 1182 2549 apostolicam
1197 2472 1426 2531 benedictionem.

151 2570 240 2621 rerba
259 2579 367 2638 semper
379 2564 522 2637 provideat
540 2563 683 2638 diligentia
697 2574 833 2637 quatenus
852 2565 952 2624 idonea
1040 2572 1144 2626 Notum
1164 2583 1224 2625 esse
1244 2567 1370 2624 volumus
1392 2565 1521 2623 omnibus
1535 2562 1642 2622 clericis
1661 2558 1717 2619 ecl

152 2655 252 2714 etbuic
265 2656 355 2715 cilicio
369 2656 454 2730 digna
469 2657 497 2713 in
510 2656 574 2715 loco
588 2658 729 2731 regiminis
742 2658 896 2717 secundum
911 2675 954 2718 re-
1006 2666 1095 2720 Dcum
1109 2663 1152 2734 pie
1165 2661 1351 2734 catholicaque
1369 2659 1424 2717 lide
1438 2658 1602 2725 colentibus,
1623 2652 1717 2717 nositt

152 2749 244 2823 gulam
257 2752 287 2807 S·
303 2750 444 2807 benedicti
458 2766 576 2823 persona
592 2752 766 2825 subrogetur,
782 2759 811 2808 et
821 2752 953 2826 quidquid
1005 2756 1110 2814 stolicae
1134 2753 1303 2813 defensionis
1319 2754 1432 2810 tutelam
1458 2755 1578 2810 &oense
1599 2754 1717 2807 monaste

98 2861 108 2879 ·
150 2845 181 2900 in
195 2844 363 2901 monasterio
377 2844 413 2901 ed
423 2853 601 2918 angmentum
618 2853 647 2901 et
661 2843 883 2903 observationem
896 2862 955 2902 mo·
1006 2850 1168 2922 suscepisse,
1182 2848 1257 2922 quod
1272 2846 1344 2921 apud
1358 2848 1502 2904 Salernum
1516 2845 1545 2901 in
1561 2852 1662 2902 sancire
1679 2856 1715 2899 ac

150 2936 274 2995 inertie·
288 2935 430 3010 religionis
442 2937 549 2994 institui
569 2937 611 2995 rel
631 2937 771 2996 emendari
784 2940 948 3011 oportuerit,
1006 2943 1096 3001 vidure
1112 2941 1254 2999 Trinitatis
1267 2942 1574 2999 honoreconetruotum
1595 2952 1656 2993 esse
1665 2933 1717 3009 dig

151 3036 240 3088 remo
256 3044 368 3103 semper
382 3030 538 3104 magisterio
559 3038 589 3087 et
612 3030 819 3103 dispensatione
832 3032 949 3090 admini-
1003 3045 1048 3094 tur
1059 3056 1066 3093 ε
1077 3037 1122 3094 cui
1136 3035 1305 3094 monasterio
1316 3050 1368 3092 nos
1387 3033 1514 3107 quedam
1529 3032 1559 3088 in
1575 3028 1717 3089 Cilentior

149 3130 261 3193 suetae,
281 3124 356 3181 salvs
369 3123 480 3196 quidem
498 3124 527 3181 io
546 3123 677 3181 omnibus
693 3125 856 3183 auctoritate
873 3125 947 3183 sedis
963 3130 1087 3205 cposite
1109 3129 1286 3198 monasteria,
1314 3126 1440 3184 videlicet
1470 3122 1669 3182 monasterium
1693 3122 1717 3179 S

150 3216 317 3289 all⁰⁸¹⁰¹⁵⁶⁸h
339 3216 419 3291 ⁰⁰1¹ss
437 3216 511 3290 l'ffl'i!
530 3216 608 3274 ¹⁰0l¹⁸
627 3217 673 3275 1¹¹⁰
686 3232 747 3275 Μ
767 3218 945 3293 dicimini,
1000 3224 1095 3281 mario
1117 3220 1153 3280 (le
1171 3222 1262 3290 Galia,
1285 3220 1468 3279 monsterium
1483 3218 1575 3277 Sancti
1595 3214 1715 3283 Nicolei,

149 3316 178 3365 et
190 3310 298 3368 creteris
311 3324 375 3384 quea
393 3310 429 3369 de
445 3310 652 3369 consecratione
670 3309 777 3370 abbatis
788 3319 815 3369 et
825 3311 945 3371 fratrum
999 3317 1036 3374 eti
1058 3315 1232 3390 Archangeli,
1242 3315 1334 3374 Sancti
1346 3314 1450 3388 Magni,
1464 3312 1558 3370 Sancti
1572 3307 1717 3380 Fabiani,i

149 3402 310 3461 monasterii
328 3420 381 3462 nec
394 3420 450 3462 nen
464 3410 492 3462 et
508 3404 626 3463 eliorum
643 3405 721 3462 adid
734 3405 945 3479 pertinentium,
1001 3410 1122 3483 Georgii,
1132 3409 1225 3468 Sancti
1235 3408 1359 3467 hlettbaei
1369 3407 1404 3465 ad
1415 3407 1471 3465 duo
1481 3406 1605 3472 llumina,
1618 3402 1717 3461 eteccl

149 3510 200 3554 ssu
219 3496 254 3555 de
272 3496 427 3557 redditione
440 3514 551 3569 census,
566 3506 707 3573 postremo
727 3498 852 3557 decenni
871 3506 946 3559 statu
1000 3504 1091 3562 Sancti
1117 3503 1214 3577 Angeli
1236 3502 1271 3561 dc
1292 3509 1388 3559 monte
1410 3503 1527 3570 corase,
1551 3497 1642 3557 Sancti
1663 3496 1717 3555 Sia

147 3587 216 3660 ejus,
231 3588 261 3646 in
279 3590 426 3665 privilegiis
435 3606 486 3665 pro
501 3606 550 3649 sae
563 3592 710 3650 stabilitate
719 3600 747 3649 et
760 3592 870 3666 speciali
883 3610 945 3652 mu·
999 3601 1135 3666 butreno,
1154 3596 1245 3654 Sancti
1259 3598 1377 3654 loannis
1389 3593 1423 3652 de
1437 3594 1584 3662 Turesino,
1596 3589 1689 3649 Sancti
1704 3592 1717 3649 l

148 3678 251 3739 uitione
257 3680 309 3739 sibl
319 3683 470 3753 concessis,
482 3683 590 3742 decreta
604 3701 639 3742 ac
650 3694 751 3743 statim
762 3685 943 3745 lirmevimus.
1000 3690 1208 3761 torisdelluce,
1222 3691 1310 3748 sancti
1322 3688 1463 3746 Zachariae
1474 3687 1509 3745 de
1523 3685 1632 3755 Lauris,
1646 3696 1713 3741 cm

488 3822 605 3877 gxxp·
1001 3800 1108 3851 eorum,
1119 3783 1184 3857 jure
1200 3793 1332 3857 perpetuo
1345 3781 1510 3856 possidenda
1529 3789 1611 3853 atquc
1628 3792 1717 3851 regest

1000 3876 1152 3935 secuudum
1165 3880 1256 3935 Deum
1271 3875 1423 3934 ordinanda
1439 3872 1585 3931 venerabili
1600 3874 1692 3943 Petro,
1705 3886 1717 3929 s

148 3940 371 4069 &amm
426 3942 713 4074 ”ffiffifflffif'
737 3948 892 4005 Amasi
915 3952 945 4005 ὑὶ
1000 3970 1125 4045 ejusdcm
1142 3971 1312 4039 monasterii,
1325 3970 1486 4029 charissimo
1502 3968 1556 4025 lilio
1577 3964 1717 4025 nostroil

182 4054 322 4152 dorot'
701 4019 871 4092 'mmm'
882 4036 945 4078 Μ’
1000 4064 1120 4139 principe
1129 4065 1307 4135 concedente,
1318 4065 1385 4121 olim
1399 4063 1572 4128 donavimus,
1582 4069 1611 4117 et
1622 4071 1717 4119 nunes

423 4203 674 4278 abac
998 4156 1460 4326 {illibabilis
1472 4152 1717 4306 estitit:

183 4313 323 4401 ΜῐΙρΰΙ,
337 4315 406 4446 (ῃ
441 4320 447 4331 ’
464 4319 675 4403 illicem-lv·
692 4325 944 4450 fffliumww
999 4346 1127 4403 ctoritate
1140 4343 1290 4419 apostoliea
1304 4344 1516 4401 confirmanius.
1533 4338 1717 4399 interdicimur

198 4386 272 4461 ΙΨ
284 4402 344 4462 “⁹¹
409 4390 563 4448 mmm
582 4400 678 4449 mm
768 4399 888 4466 mm]
999 4448 1045 4497 tur
1063 4438 1091 4495 in
1104 4436 1216 4495 nomine
1228 4438 1341 4494 Domini
1352 4438 1439 4495 nostri
1452 4439 1516 4493 lesu
1530 4432 1717 4503 Christi,etc

182 4521 401 4581 ducemus...
424 4522 524 4582 dilecto
528 4563 589 4582 .....
613 4524 670 4583 lilio
693 4526 840 4589 bostare
862 4532 943 4591 Flun-
998 4530 1127 4591 ctoritate
1144 4532 1218 4591 beati
1243 4532 1316 4589 Petri
1337 4532 1529 4605 apostoloram
1551 4527 1695 4603 principis,

146 4610 289 4671 bendum
306 4615 402 4673 comiti
405 4658 462 4674 .....
957 4607 1054 4685 Deice
1065 4634 1167 4685 macter
1178 4628 1315 4683 Romanor
1335 4625 1464 4683 Ecclesiae
1478 4622 1670 4697 praesidemus,
1695 4628 1717 4679 el

181 4704 325 4778 licclcsirc,
343 4722 427 4780 quem
436 4709 533 4769 beetm
547 4710 731 4784 hadamarus,
745 4715 841 4775 testim
854 4718 942 4777 lieri·
998 4721 1065 4778 nino
1085 4719 1262 4793 probibemus
1284 4729 1315 4776 ut
1327 4718 1421 4776 nullus
1443 4715 1667 4790 archiepiscopat
1679 4728 1717 4773 aa

146 4811 248 4855 norum
261 4798 419 4871 episeopus,
433 4800 556 4861 laudaut
568 4803 598 4861 in
613 4806 717 4865 honore
731 4807 820 4868 beatre
834 4809 887 4869 Dei
896 4828 942 4885 ge·
996 4830 1106 4888 scopae,
1116 4813 1209 4871 nullus
1221 4826 1329 4886 regum,
1341 4810 1454 4880 dueum,
1468 4811 1636 4884 principum,
1648 4822 1717 4867 0⁰¹³

145 4888 253 4947 nitricis
277 4890 381 4961 lleriae,
404 4900 435 4950 et
457 4910 520 4968 pue
533 4912 621 4971 nsqm
641 4897 669 4957 in
689 4900 857 4961 bodiemum
869 4904 943 4963 diem
999 4904 1091 4966 nullas
1107 4906 1282 4975 elericorum,
1306 4906 1440 4963 laicorum
1459 4912 1507 4962 aut
1531 4901 1662 4978 quaelibet
1679 4916 1717 4959 on

144 4981 269 5054 eiusdem
281 4982 403 5059 episcopi
424 4989 586 5049 sonorabilis
605 4992 725 5051 bebatur
738 5011 866 5069 corpore,
887 4997 940 5055 bu·
998 5017 1096 5074 magna
1112 5000 1155 5058 rel
1170 5015 1251 5074 parva
1262 5014 1391 5073 persona,
1408 4997 1521 5072 prelato
1536 5005 1639 5054 eenole
1651 4994 1717 5053 Tfil

143 5074 267 5147 iusmodi
281 5076 456 5153 privilegis..
472 5083 645 5142 auctoritatis
659 5092 761 5145 nostrae
780 5087 938 5163 decreto...
997 5093 1123 5154 caenobio
1139 5092 1169 5149 in
1182 5093 1320 5167 predictis
1334 5093 1507 5151 monasteriis
1521 5093 1563 5149 rel
1577 5088 1715 5159 mustis,

143 5168 321 5229 concedimur
337 5179 419 5245 atque
434 5172 588 5235 llrmemm.
609 5179 840 5256 lleuovsmusque
856 5184 939 5241 etiam
997 5190 1100 5261 cdsqae
1118 5186 1154 5244 ad
1168 5202 1200 5243 ea
1223 5183 1436 5259 pertinentibus,
1459 5198 1624 5260 quocunque
1646 5180 1717 5261 mod

143 5262 264 5337 illaqore
275 5263 374 5322 bertus
384 5263 516 5326 lticolaus
527 5269 634 5330 ebeeto
644 5272 774 5347 Gregorio
787 5276 939 5353 pusdruge·
995 5281 1118 5355 qualibet
1140 5281 1283 5337 occasione
1306 5278 1409 5353 aliquid
1436 5278 1574 5347 minuere,
1596 5276 1641 5335 rel
1660 5274 1717 5335 dot

143 5354 232 5415 sinim
240 5357 378 5416 weundus
390 5358 483 5419 eidem
494 5363 618 5423 ecclesie
631 5364 699 5425 lecit
706 5367 853 5444 privilegis,
868 5387 939 5445 prae·
997 5372 1137 5432 molestias
1156 5381 1208 5431 aut
1225 5373 1345 5446 allquam
1366 5372 1524 5431 violentiam
1545 5369 1656 5439 iulerre,
1678 5384 1717 5429 su

141 5453 219 5506 sente
239 5448 376 5510 balduino
393 5452 534 5527 quonism
548 5466 597 5516 tuo
613 5460 802 5535 progenitore,
822 5464 880 5538 geri,
903 5466 939 5525 sd
995 5481 1086 5525 servos
1108 5466 1262 5540 inquietare
1285 5465 1425 5540 punienda
1450 5464 1607 5525 temeritate
1630 5477 1717 5537 preto

141 5542 331 5615 apostolorum
354 5544 449 5606 limine
472 5547 509 5607 ad
532 5550 662 5611 cumdem
689 5570 787 5628 papam
809 5558 936 5629 veniens,
995 5565 1128 5635 quatenus
1142 5562 1279 5618 Romanae
1292 5560 1342 5617 soli
1353 5558 1483 5619 Ecclesiae
1495 5556 1572 5617 idem
1593 5562 1717 5615 monam

141 5636 296 5708 promeruit
308 5638 445 5711 pecidceri
464 5657 562 5701 eorum
579 5646 744 5707 tomeritate
762 5667 827 5711 cum
840 5668 938 5712 socero
994 5654 1057 5712 c'um
1073 5652 1194 5727 pretatis
1211 5653 1332 5713 ecclesiis
1345 5654 1425 5729 pleno
1440 5653 1505 5727 jure
1519 5652 1644 5711 rideatur
1657 5666 1717 5711 esse

139 5730 299 5789 suocarolo
311 5730 489 5807 imperatore,
501 5737 580 5813 cujus
597 5740 684 5799 liliam
698 5742 749 5801 sibi
762 5746 936 5820 copuleverat
991 5749 1106 5821 jectum.
1121 5751 1210 5807 Tanto
1231 5749 1305 5806 cuim
1319 5740 1439 5821 religiosi
1451 5744 1594 5815 monscbi,
1615 5742 1717 5803 ibidem

140 5820 336 5895 eoignorsate.
354 5826 509 5889 statuentes
523 5832 631 5893 nullum
644 5850 751 5913 regum,
769 5838 935 5911 antistitum,
991 5841 1149 5915 servientes,
1169 5842 1310 5906 daceriert
1332 5851 1424 5902 ments
1445 5840 1569 5901 denum
1589 5854 1661 5917 opus
1679 5854 1716 5899 es
