3870 6164
138 305 207 362 tata
593 304 736 360 APPEND.
756 304 800 360 iii.
820 333 855 346 —
873 305 1081 364 MONUMENTA
1101 309 1329 366 ductortuus.
1717 315 1785 371 tati

134 433 304 490 ldemetiam
317 434 482 507 apostolicus
493 433 647 490 iiodavenaa
661 432 779 491 civitatis
800 433 930 507 episcopi,
945 438 973 501 Α
989 440 1058 494 ilem
1075 439 1150 495 Felix
1166 456 1235 511 papa
1248 439 1379 496 omnibus
1394 439 1529 512 episcopis
1542 443 1681 500 scribens:
1697 464 1710 497 n
1726 445 1784 499 ab-
1850 440 1854 445 ’

135 543 152 583 a
175 526 279 582 clericis
291 528 349 587 suis
372 543 420 599 pro
434 527 568 599 corporali
582 526 698 583 crimine
719 528 840 583 accusati
853 537 934 599 atque
987 541 1075 599 sente,
1106 533 1206 604 inquit,
1220 532 1390 601 adversario,
1411 549 1466 589 non
1483 534 1608 591 audiatur
1633 547 1784 603 accusator,

135 619 468 692 convicti,depositionem
479 621 625 676 intantum
635 619 817 688 confirmavit,
829 629 855 676 ut
868 638 933 678 eum
987 640 1040 680 nec
1053 625 1186 681 sententia
1201 627 1316 681 absente
1338 626 1389 682 aila
1408 634 1487 698 parte
1513 628 1631 697 aindicc
1651 629 1725 686 dicta
1744 631 1786 685 ni-

137 715 221 770 etlam
240 714 436 770 communione
462 714 624 786 privandum
642 713 787 786 judicaret,
811 714 833 768 si
857 714 934 771 dein·
988 717 1042 773 iam
1057 717 1194 774 obtinebit
1207 719 1381 774 firmitatem.
1403 737 1417 771 v
1439 722 1507 775 item
1520 729 1630 778 sanctus
1643 722 1787 778 Cornelius

136 826 200 881 ceps
215 809 319 879 aliquid
333 808 367 865 de
378 808 536 881 episcopatu
543 809 584 866 vel
601 808 675 879 ioqui
690 818 878 879 praesumeret.
987 826 1057 881 papa
1074 830 1081 862 ε
1097 828 1111 864 u
1127 813 1241 881 Omnia,
1265 813 1364 884 inquit,
1379 828 1440 885 quae
1454 813 1583 871 adversus
1608 815 1735 872 absentes
1757 816 1784 870 in

173 902 226 958 Sed
238 901 298 958 baec
308 918 480 975 nequaquam
495 901 658 958 adinvicem
677 903 811 958 centraria
828 903 934 975 judica·
988 904 1065 959 omni
1079 905 1192 975 negotio
1206 914 1254 961 aut
1273 906 1334 961 ioco
1346 915 1476 979 aguntur,
1488 906 1661 979 judicantur,
1673 909 1786 964 omnino

135 995 242 1063 bimus,
253 995 274 1050 si
292 995 464 1067 superiorem
480 996 647 1051 sententiam
658 1003 845 1067 competenter
861 997 934 1052 intei-
988 996 1205 1065 evacuabuntur,
1219 999 1351 1070 quoniam
1364 997 1506 1055 absentem
1518 1000 1609 1057 nulius
1620 1001 1722 1058 addicit
1736 1017 1787 1057 nec

136 1088 220 1162 ligere
242 1088 409 1156 curabimus,
423 1088 548 1145 videlicet
561 1104 595 1144 ne
616 1104 681 1145 ores
696 1105 777 1145 suum
797 1099 934 1161 pastorem
989 1092 1043 1146 ulia
1056 1091 1095 1146 lex
1110 1092 1266 1148 damnat.»
1292 1094 1419 1149 Zosimus
1433 1101 1526 1149 autem
1546 1110 1625 1165 papa,
1641 1095 1667 1150 in
1692 1096 1787 1150 ordine
1807 1094 1819 1105 '

137 1197 171 1239 ex
191 1184 301 1254 propria
330 1183 485 1238 temeritate
514 1182 650 1238 ullatenus
675 1198 804 1239 accusare
835 1199 934 1255 praesu·
988 1185 1786 1258 Xliii,cumccxvrrepiscopisairicaniconcilii,quern·

137 1284 228 1344 mant,
243 1292 295 1331 nec
315 1284 406 1331 tamen
422 1275 556 1347 superiori
571 1276 701 1347 potestati
725 1275 775 1333 hos
796 1277 837 1332 eis
850 1293 935 1333 cano-
988 1277 1055 1334 libet
1068 1287 1258 1334 accusatorem
1278 1279 1334 1335 sive
1349 1286 1518 1347 accusatum,
1534 1280 1616 1335 etiam
1632 1280 1786 1350 absentem,

139 1369 201 1424 nice
221 1370 395 1440 praecipienti
414 1368 530 1440 superbe
543 1369 682 1437 resistant,
697 1369 811 1425 minime
824 1370 936 1442 quidem
989 1371 1187 1428 communione
1214 1372 1340 1444 privavit,
1368 1373 1524 1445 quicunque
1543 1381 1605 1445 post
1626 1372 1787 1429 canonicam
1862 1394 1865 1399 ·

138 1461 177 1517 iili
197 1463 324 1535 potestati
341 1478 403 1534 qnae
415 1463 486 1533 ipsos
498 1462 631 1518 damnare
642 1463 753 1535 poterit,
767 1464 789 1518 si
804 1463 827 1519 ei
839 1473 935 1519 contra
989 1467 1161 1521 vocationem
1185 1467 1278 1521 venire
1298 1467 1518 1537 contempsisset.
1537 1468 1609 1523 item
1631 1465 1789 1522 Bonifacius

137 1556 282 1628 proprium
307 1556 464 1628 episcopum
481 1555 592 1612 obedire
617 1555 766 1613 noluerint.
794 1557 836 1612 Sic
852 1557 936 1630 igitur
989 1574 1068 1631 papa,
1088 1558 1311 1630 successorque,
1332 1559 1366 1615 de
1386 1559 1583 1615 contumaciter
1600 1559 1713 1615 absente
1741 1558 1788 1615 de·

138 1647 322 1722 intelligitur:
341 1673 353 1697 ι
369 1651 427 1706 Nec
438 1649 539 1705 subditi
555 1649 680 1720 praiatos
698 1658 802 1706 temere
822 1666 935 1708 accusa-
988 1653 1073 1708 crevit
1091 1668 1126 1707 ne
1140 1651 1300 1708 dilationem
1327 1653 1470 1708 sententiae
1492 1652 1527 1708 de
1552 1653 1675 1708 absentia
1703 1652 1790 1707 incra·

139 1741 220 1807 bunt,
240 1757 291 1798 nec
314 1741 447 1813 superiori
466 1742 593 1814 potestati
604 1742 803 1798 contumaciter
817 1743 934 1799 resulta·
989 1754 1075 1801 retur.
1107 1748 1206 1801 Beatus
1224 1760 1333 1818 queque
1358 1746 1507 1817 Gregorius
1540 1745 1693 1801 niaximum
1720 1761 1789 1817 prae·

138 1835 220 1892 bunt.
237 1858 249 1882 c
264 1832 430 1906 flnjnsr'nodi
452 1833 656 1907 adapertionem
681 1836 833 1892 intellectus
857 1846 884 1892 et
907 1836 936 1891 in
950 1809 975 1871 B
990 1846 1162 1911 sumptorem
1174 1839 1365 1895 salonitanum
1385 1855 1443 1894 non
1467 1840 1557 1895 seium
1584 1856 1633 1910 pro
1647 1839 1729 1895 illatis
1739 1839 1791 1894 cri-

139 1929 201 2000 ipsa
220 1944 296 1984 secra
305 1930 444 2001 Scriptura
468 1944 667 2000 nonnunquam
682 1931 834 1985 necessario
848 1930 940 2001 requi·
991 1933 1120 1998 minibus,
1136 1933 1184 1988 sed
1211 1932 1291 1988 etiam
1305 1949 1354 2003 pro
1370 1932 1490 1988 absentia
1512 1932 1702 1988 damnantium
1715 1931 1788 2003 judi-

139 2022 239 2090 rimns,
264 2021 302 2078 uti
323 2023 353 2077 ln
378 2023 449 2078 iilo:
478 2025 540 2079 Non
568 2022 675 2079 occides
691 2023 788 2089 (Ecod.
801 2027 865 2090 xxi.
880 2042 893 2075 n
909 2024 938 2079 si

140 2115 215 2172 enim
225 2114 292 2171 iilud
306 2116 387 2172 nianis
397 2116 555 2187 simpliciter
565 2117 738 2185 intellexeris,
752 2117 808 2188 ipsa
825 2117 868 2172 lex
886 2117 937 2172 sibi

140 2210 313 2282 repugnabit,
334 2225 395 2280 quaa
409 2210 560 2281 saepissime
573 2210 637 2265 aiibi
653 2226 714 2265 reos
730 2219 818 2265 ntorte
828 2210 938 2265 multari

141 2300 272 2361 donent.
281 2306 346 2376 ipse
361 2319 471 2376 quoque
481 2308 567 2372 Deus,
577 2305 624 2374 qui
637 2304 725 2376 legem
739 2303 868 2370 instituit,
879 2319 940 2374 per·

142 2411 218 2468 saepe
232 2397 335 2453 multos
350 2397 434 2453 occidi
448 2399 585 2469 praecepit.
596 2400 637 2453 Nc
649 2413 714 2469 ergo
729 2400 821 2452 Deum
835 2397 941 2468 uspiam

143 2491 280 2547 contraria
304 2490 464 2563 praecepisse
489 2489 676 2563 blasphemes,
701 2488 858 2560 praedictam
879 2504 941 2546 sen-

142 2582 261 2639 tentiam
287 2583 489 2640 consideratius
511 2583 663 2640 necessario
681 2583 832 2655 intelligere
859 2581 940 2638 debe·

143 2692 220 2745 mus,
233 2676 333 2733 scilicet
346 2692 377 2733 ea
391 2677 610 2733 consideratione
624 2692 660 2732 ne
675 2676 770 2748 aliquis
784 2692 818 2731 ex
833 2674 942 2747 propria

144 2771 362 2844 praesumptione
378 2770 500 2838 occidatr
526 2774 587 2826 Deo
607 2777 709 2837 autem,
732 2769 754 2825 ei
770 2768 822 2824 boc
843 2783 942 2839 perse,

145 2863 206 2920 sive
228 2878 277 2935 per
289 2863 376 2937 legem
394 2864 445 2920 Dei
458 2865 626 2936 praeceperit,
643 2863 753 2919 obedire
766 2879 823 2918 non
835 2869 942 2918 renuat.

145 2960 190 3013 lta
201 2958 275 3013 enim
290 2960 322 3013 B.
335 2957 503 3029 Augustinus
516 2957 543 3013 in
553 2957 599 3012 iib.
616 2973 627 3013 1
644 2960 684 3012 De
703 2956 774 3012 civit.
793 2956 853 3024 Dei,
863 2971 944 3028 expo-

145 3049 201 3118 nit,
221 3051 300 3122 juxta
320 3065 403 3122 quem
417 3066 474 3106 non
499 3051 557 3121 ipse
572 3049 670 3105 occidit
691 3049 818 3122 quisquis
841 3049 868 3103 in
893 3048 945 3104 boc

992 2027 1075 2090 cavit,
1090 2041 1122 2081 eo
1137 2024 1213 2096 quod
1236 2026 1368 2081 canonice
1390 2033 1504 2082 vocatus
1527 2026 1621 2081 venire
1642 2025 1790 2081 distulerit.

993 2121 1062 2175 item
1093 2118 1254 2174 Theodorus
1274 2134 1354 2188 papa,
1379 2118 1463 2173 Paule
1486 2118 1790 2188 Constantinopolitano

993 2212 1125 2279 scribens,
1150 2212 1281 2283 praecepit
1304 2218 1335 2266 ut
1350 2210 1488 2283 Pyrrhum
1514 2210 1637 2282 ejusdem
1651 2208 1792 2280 qnondam

994 2304 1067 2362 sedis
1080 2304 1237 2377 episcopum
1259 2305 1402 2360 absentem
1421 2303 1565 2359 damnaret
1588 2321 1624 2359 :c
1647 2303 1730 2374 Quia,
1750 2303 1795 2357 in-

994 2400 1065 2472 quit,
1076 2398 1217 2471 praesentia
1232 2397 1291 2470 ejus
1303 2398 1456 2453 necessaria
1473 2413 1529 2453 non
1542 2404 1593 2464 est,
1613 2397 1692 2468 cnjus
1703 2411 1805 2452 exces-

997 2508 1043 2547 sus
1058 2507 1179 2562 praesens
1199 2500 1251 2546 est.
1272 2514 1285 2539 »
1309 2493 1377 2546 item
1396 2491 1470 2545 Felix
1486 2505 1553 2562 papa
1575 2489 1708 2547 Acacium
1720 2490 1793 2544 Con-

997 2583 1267 2655 stantinopolitanum
1291 2583 1432 2639 absentem
1452 2583 1605 2650 damnavit,
1627 2583 1706 2655 cujus
1736 2598 1796 2638 sen-

997 2677 1112 2734 tentiam
1134 2676 1230 2733 beatus
1241 2676 1379 2745 Gelasins,
1408 2691 1550 2731 successor
1564 2676 1633 2747 ejus,
1646 2674 1795 2747 irrefraga-

998 2771 1047 2828 bili
1066 2769 1262 2842 approbatione
1278 2769 1443 2824 canonicam
1462 2768 1634 2823 monstravit.
1649 2771 1706 2824 Nec
1719 2770 1798 2839 piane

997 2863 1179 2920 dubitaverim
1189 2863 1256 2933 quin
1269 2862 1360 2933 plures
1372 2861 1546 2916 inveniantur
1555 2860 1601 2931 qui
1616 2861 1652 2916 ita
1671 2860 1798 2917 absentes

999 2955 1164 3013 sententiam
1178 2954 1369 3011 damnationis
1380 2954 1547 3025 exceperint,
1562 2968 1646 3024 qnam
1666 2954 1711 3024 qui
1726 2969 1798 3024 prae·

999 3059 1090 3107 sentes
1104 3050 1265 3105 canonicam
1290 3048 1520 3104 examinationem
1546 3056 1573 3102 et
1592 3046 1798 3101 damnationem
1883 3038 1891 3051 '

146 3142 333 3200 ministerium
345 3143 455 3216 jubenti
470 3143 572 3200 obedit.
593 3143 639 3199 Sic
653 3158 727 3214 ergo,
748 3150 776 3199 et
788 3142 817 3196 in
836 3157 946 3198 accusa-
1000 3143 1226 3215 exspectaverint.
1243 3145 1349 3198 Harum
1374 3148 1469 3197 autem
1491 3139 1694 3196 sententiarum
1712 3138 1800 3194 diver-

149 3236 240 3303 done,
251 3236 426 3293 subditorum
440 3251 499 3291 non
522 3234 720 3301 obedientiam,
747 3235 794 3291 sed
813 3251 945 3306 praesum·
1000 3237 1113 3293 sitalem
1139 3235 1217 3291 iacile
1231 3234 1473 3302 concordabimus,
1494 3234 1518 3288 si
1541 3233 1710 3304 superiorem
1737 3247 1800 3287 sen·

148 3329 275 3403 ptionem
290 3330 474 3400 proscriptam
486 3337 674 3401 competenter
683 3328 869 3401 intelligimus.
881 3328 949 3383 liui-
999 3330 1119 3387 tentiam
1134 3328 1168 3385 de
1186 3328 1299 3384 absente
1322 3343 1379 3382 non
1393 3326 1540 3399 judicando
1553 3326 1587 3382 ad
1601 3325 1679 3381 ilium
1696 3325 1801 3380 solum·

148 3423 188 3479 tis
202 3438 268 3478 sane
281 3422 470 3478 ecciesiasticis
485 3421 705 3478 correctionibus
725 3422 753 3476 in
774 3421 950 3477 concessione
1002 3423 1087 3479 modo
1100 3420 1258 3488 referamus,
1277 3420 1356 3492 quus
1375 3436 1457 3475 eausa
1471 3418 1562 3475 adbuc
1580 3415 1739 3473 ventilanda
1764 3417 1803 3472 vi-

147 3515 310 3590 bujusmodi
324 3516 505 3572 accusationis
518 3524 694 3587 prospectum
708 3531 764 3570 non
780 3514 948 3570 dubitamus.
1005 3515 1095 3578 detur,
1118 3515 1164 3587 qni
1191 3517 1283 3570 locum
1307 3512 1493 3583 respondendi
1517 3512 1609 3583 potius
1631 3527 1688 3566 non
1707 3510 1802 3566 habuit

150 3610 227 3666 Nam
244 3608 347 3681 praeiati
375 3608 530 3664 necessario
549 3616 577 3664 et
607 3608 659 3663 sibi
682 3616 710 3663 et
733 3607 850 3663 subditis
874 3615 950 3663 tante
1005 3625 1089 3683 quam
1104 3609 1236 3665 canonice
1250 3607 1372 3663 oblatum
1398 3605 1565 3661 refutaverit.
1584 3609 1652 3660 liam
1674 3604 1696 3659 si
1722 3618 1803 3660 cano

151 3700 241 3774 magis
262 3700 441 3773 prospiciunt,
458 3708 560 3772 quanto
583 3700 671 3771 magis
689 3715 719 3757 se
732 3709 759 3756 et
779 3715 951 3771 peraccnsa·
1005 3703 1066 3759 nice
1089 3710 1202 3757 vocatus
1215 3701 1308 3756 venire
1332 3699 1554 3770 contempsisset,
1576 3713 1627 3753 nec
1653 3706 1744 3752 tamen
1760 3710 1804 3751 ca·

149 3794 260 3851 tionem
277 3793 454 3851 subditorum
470 3793 578 3865 percelli
598 3808 678 3864 posse
700 3809 756 3850 nen
777 3792 950 3851 dubitabunt.
1007 3796 1136 3852 nonicam
1151 3794 1358 3850 excusationem
1370 3792 1564 3863 praetenderet,
1585 3799 1641 3845 tam
1660 3787 1734 3861 apud
1755 3804 1805 3843 an-

151 3888 214 3943 Nee
239 3901 339 3961 parum
352 3887 547 3943 ecclesiasticae
562 3887 715 3957 disciplina
730 3886 919 3958 derogaretur,
930 3887 954 3942 si
1007 3890 1099 3961 tiqnos
1109 3903 1192 3960 qnam
1210 3886 1283 3959 apud
1296 3884 1447 3941 modernos
1460 3884 1546 3940 etiam
1562 3884 1660 3939 absens
1674 3880 1805 3938 canonice

152 3994 295 4052 nusquam
307 3979 468 4051 hujusmodi
490 3980 628 4034 accusatio
647 3980 855 4036 concederetur.
885 3982 956 4035 Nam
1009 3982 1133 4039 damnari
1149 3989 1248 4054 posset.
1271 3979 1300 4036 Si
1326 3995 1391 4051 ergo
1406 3979 1444 4034 ita
1473 3978 1637 4049 exponimus
1659 3983 1805 4045 utramque

154 4073 236 4145 pauci
260 4074 364 4145 praelati
390 4073 464 4129 illins
485 4071 658 4144 perlectionis
683 4073 883 4140 invenirentur,
910 4074 956 4145 qui
1009 4076 1173 4133 sententiam
1196 4073 1231 4128 de
1255 4072 1379 4136 absente,
1406 4071 1598 4126 rationabilem
1620 4084 1678 4125 esse
1701 4066 1805 4124 videbi·

153 4183 216 4224 non
229 4174 306 4223 tanto
320 4167 407 4239 magis
418 4174 446 4222 et
457 4182 486 4222 se
501 4174 529 4221 et
550 4165 676 4221 subditos
696 4166 724 4222 in
748 4164 891 4237 disciplina
907 4182 957 4222 ne-
1011 4184 1073 4224 mars
1091 4177 1163 4223 ntnt
1184 4167 1282 4222 absens
1299 4165 1437 4237 judicetur
1468 4164 1514 4236 qui
1535 4163 1697 4218 canonicam
1723 4175 1806 4214 voca-

155 4260 300 4333 giigerent,
320 4268 424 4330 quanto
439 4259 527 4331 magis
540 4275 569 4314 se
582 4275 631 4330 per
644 4259 849 4314 accusationem
862 4274 958 4314 eornm
1012 4263 1116 4317 tionem
1135 4259 1191 4314 sive
1213 4257 1430 4313 admonitionem
1447 4256 1643 4327 contempsisse
1658 4251 1807 4322 detegitur,

154 4352 190 4410 ad
200 4353 312 4426 aliquod
323 4352 460 4425 judicium
471 4352 641 4408 coercendos
650 4351 835 4424 desperarent.
854 4349 960 4408 subditi
1012 4363 1040 4409 ct
1062 4354 1160 4408 absens
1175 4365 1231 4405 nen
1241 4349 1381 4422 judicetur
1394 4342 1428 4404 de
1454 4347 1532 4419 cujus
1559 4345 1734 4403 contumacia
1755 4343 1806 4399 ad-

153 4455 252 4503 tamen
276 4460 450 4518 nequaquam
471 4446 525 4501 hoc
543 4445 646 4516 absque
679 4445 792 4517 majoris
816 4446 961 4517 potestatis
1014 4447 1068 4502 huc
1094 4444 1247 4501 dubitatur.

155 4540 322 4597 auctoritate
336 4546 515 4611 presumant,
527 4555 563 4594 ne
572 4538 685 4611 dignam
695 4555 752 4596 suae
770 4539 956 4600 damnationis
972 4558 998 4621 Β
1046 4540 1090 4596 Sic
1104 4555 1168 4612 crgo
1192 4546 1220 4593 et
1234 4536 1263 4593 in
1282 4536 1341 4592 aliis
1353 4549 1493 4592 canonum
1506 4532 1712 4589 diversitatibus
1730 4546 1807 4587 cem·

157 4632 680 4705 sententiamjuxtastatutasanctorum
687 4635 953 4707 Patrumexcipiant.
1011 4641 1151 4707 petentem
1167 4647 1280 4687 sensnm
1307 4627 1445 4701 inquirere
1459 4626 1602 4690 debemus,
1617 4640 1652 4681 ne
1671 4624 1741 4681 iorte
1756 4625 1809 4680 bu-

194 4726 342 4783 Seiendum
365 4725 545 4798 autemqnod
561 4725 665 4783 subditi
681 4742 729 4797 pro
755 4729 863 4798 propria
884 4730 955 4802 injn-
1007 4726 1130 4801 jusmodi
1155 4725 1271 4791 diversa,
1305 4736 1507 4793 nonnunquam
1527 4719 1604 4791 quasi
1628 4720 1809 4791 repugnantia

157 4821 200 4877 ria
213 4828 240 4875 et
253 4820 350 4876 haeresi
363 4820 507 4892 praelatum
531 4834 611 4874 strum
635 4834 763 4874 accusare
785 4837 841 4875 non
861 4823 953 4893 prohi—
1008 4830 1111 4877 temere
1127 4832 1300 4888 respuamus,
1316 4830 1378 4887 quae
1393 4822 1489 4869 tamen
1503 4829 1536 4869 ex
1551 4813 1702 4885 apostolica
1717 4820 1810 4868 aucto·

158 4914 271 4982 bantur,
293 4912 371 4987 juxta
385 4912 452 4969 iilud
470 4911 630 4985 Symmachi
654 4927 730 4983 papae
755 4911 791 4967 ad
804 4915 956 4972 Caesarium
1009 4914 1089 4970 ritate
1111 4910 1285 4982 promulgata
1300 4909 1358 4966 sive
1379 4906 1546 4963 confirmata
1559 4924 1615 4964 non
1639 4908 1809 4979 ignoramus.

158 5008 318 5079 episcopum
334 5025 368 5061 :c
391 5008 474 5074 Oves,
491 5006 595 5076 inquit,
615 5021 697 5061 suum
720 5013 857 5076 pastorem
877 5024 955 5063 accrr-
1011 5010 1061 5073 lta,
1075 5006 1200 5078 inquam,
1213 5001 1382 5076 intelligendi
1397 5002 1608 5074 congruentiam
1623 5000 1752 5072 indagare
1766 5012 1810 5053 ce-

158 5117 223 5160 sare
241 5118 296 5157 non
313 5110 439 5175 possunt,
450 5100 504 5156 nisi
520 5117 569 5173 pro
589 5100 687 5156 haeresi
701 5109 750 5156 aut
763 5103 872 5173 propria
885 5103 957 5175 inju-
1012 5115 1122 5167 nemur,
1137 5114 1172 5154 ne
1184 5096 1342 5170 huiusmodi
1358 5103 1458 5151 statuta
1473 5097 1582 5168 uspiam
1594 5094 1647 5150 sibi
1674 5091 1810 5148 contraria

159 5197 215 5255 ria.
231 5195 332 5252 aliine
347 5193 470 5254 Africani
494 5210 622 5261 canones,
638 5194 786 5265 apostolica
799 5196 958 5251 auctoritate
1012 5194 1237 5265 interpretemur.
1252 5191 1321 5246 liam
1348 5188 1398 5261 ipsi
1425 5196 1520 5244 sancto
1543 5185 1655 5258 Spiritui
1681 5198 1810 5254 magnam

155 5282 332 5365 'promulgati
344 5298 371 5345 et
383 5288 549 5355 conlirmati,
560 5289 729 5343 enumeratis
754 5289 883 5345 omnibus
897 5289 958 5360 qni·
1013 5287 1145 5360 injuriam
1159 5282 1278 5357 irrogare
1290 5282 1428 5350 videmur,
1446 5283 1470 5338 si
1484 5280 1529 5336 iiia
1544 5292 1606 5351 quae
1616 5277 1675 5347 ipse
1689 5289 1736 5346 per
1745 5290 1812 5329 san-

158 5384 217 5443 bus
230 5381 375 5440 accusandi
405 5382 511 5461 licentia
533 5382 694 5453 denegatur,
720 5382 814 5437 statim
837 5382 959 5438 subinie-
1015 5389 1074 5436 ctos
1097 5380 1194 5435 Patres
1213 5377 1366 5433 instituisse
1392 5376 1497 5447 iegitur,
1532 5369 1610 5441 quasi
1633 5367 1815 5438 contrariam

159 5484 253 5536 runt:
273 5495 287 5529 e
308 5475 358 5532 ilis
371 5484 464 5532 tamen
478 5474 608 5531 omnibus
635 5474 662 5530 in
686 5475 804 5547 propriis
818 5475 962 5533 causisac·
1016 5472 1079 5530 ideo
1103 5470 1303 5527 contemnenda
1324 5464 1497 5540 interpretari
1511 5478 1568 5519 non
1585 5477 1722 5519 veremur.
1831 5472 1834 5477 ·

161 5566 282 5629 mnndi
296 5568 405 5626 licentia
418 5585 475 5626 non
502 5568 662 5640 denegatur.
679 5592 692 5617 s
1051 5569 1114 5623 Non
1131 5565 1219 5620 solnm
1232 5572 1324 5619 antem
1339 5560 1512 5632 exceptiones
1526 5555 1721 5612 canonicarum
1735 5554 1815 5611 insti·
1831 5576 1835 5581 ·

202 5664 274 5719 item
289 5662 379 5720 sancti
397 5663 493 5717 Patres
509 5661 823 5732 saepissimedecernunt
845 5677 881 5718 ne
900 5663 962 5734 quis
1016 5660 1169 5724 tutionum,
1182 5657 1229 5714 sed
1251 5663 1279 5711 et
1292 5656 1413 5726 integras
1424 5665 1519 5707 earum
1530 5649 1731 5721 descriptiones
1749 5646 1816 5702 diii·

134 5762 141 5769 '
162 5755 420 5829 absensjudicetur,
434 5768 466 5811 ut
480 5755 578 5812 beatus
584 5755 754 5827 zephyrinus
763 5771 847 5827 papa:
861 5774 874 5807 c
894 5754 962 5825 Quia
1018 5759 1112 5826 genter
1124 5752 1298 5808 considerare
1313 5743 1387 5804 etad
1402 5745 1519 5802 invicem
1543 5741 1672 5800 conferre
1690 5757 1746 5797 non
1762 5746 1814 5797 tte·

162 5842 232 5918 boe,
246 5840 346 5923 inquit,
359 5858 387 5907 et
399 5846 496 5906 divinae
510 5857 538 5906 et
550 5849 678 5905 humanae
692 5848 764 5920 leges
776 5848 932 5921 probibent.
947 5868 961 5902 v
1018 5846 1094 5916 deat,
1117 5846 1141 5902 ai
1159 5845 1195 5904 ad
1221 5843 1330 5917 plenam
1344 5852 1442 5899 earum
1455 5837 1582 5896 aeduam
1603 5833 1748 5905 pervenire
1766 5848 1820 5893 nes
