3884 6158
150 300 153 307 ,
190 262 241 322 ,27
357 199 366 212 ⁸
667 304 671 309 .
803 252 832 308 s.
853 249 1045 312 concentus
1061 250 1107 308 111
1125 251 1223 335 rnen.
1786 255 1838 313 111

188 395 216 445 et
228 385 264 444 ad
277 383 390 460 vestigia
411 375 785 452 Pontificislacrymabiliter
812 376 985 447 accedentes,
1000 381 1024 447 Α
1040 377 1112 452 cepit
1141 395 1148 433 :
1172 385 1255 453 atque
1276 378 1475 438 beatissimum
1494 382 1606 437 Patrem
1631 381 1659 437 et
1682 376 1840 438 Dominum

187 484 278 558 ipsum
292 496 358 539 cum
375 492 474 551 magns
490 471 619 532 instantia
633 478 828 542 exoraverunt,
842 478 875 529 111
889 473 986 546 patriae
1040 481 1166 531 nostrum
1193 474 1318 546 ¹Papam,
1355 472 1568 548 suffragantibus
1597 471 1648 530 sibi
1679 481 1840 530 sanctorum

185 577 243 651 jam
265 574 321 632 lere
337 571 450 647 perditae
473 568 660 636 miseraretur,
677 572 705 622 et
717 574 828 639 paterna
842 567 987 624 clementia
1040 568 1236 642 Apostolorum
1254 567 1325 625 Petri
1343 577 1372 625 et
1392 568 1468 626 Pauli
1493 568 1608 637 meritis,
1635 567 1670 624 ab
1694 567 1839 625 obsidione

188 669 355 729 condoleret.
381 660 506 722 Pontifex
532 669 635 729 autem,
651 661 698 734 qui
720 676 771 734 pro
785 660 889 734 justitia
903 671 931 719 et
944 678 986 718 ec·
1040 679 1094 738 qua
1118 663 1260 721 tenebatur
1286 662 1473 736 potentissime
1500 661 1634 721 liberavit.
1667 662 1713 721 Sic
1749 661 1839 735 itaque

188 762 337 822 clesiastica
360 759 481 815 libertate
503 755 615 824 tuenda,
645 754 669 811 si
706 754 873 813 rationabilis
905 771 986 814 causa
1042 757 1133 831 ipsam
1159 756 1340 815 venerabilem
1376 757 1513 814 civitatem
1540 755 1669 815 velociter
1704 771 1838 830 expugna-

187 856 317 929 cxigeret,
347 859 469 909 mortem
498 849 591 906 subire
626 848 815 922 paratissimus
843 848 986 920 existebat,
1041 860 1115 920 1111,
1136 851 1352 925 sicutgloriosus
1365 851 1559 923 triumphator,
1574 867 1622 925 per
1636 850 1770 924 plurimos
1782 849 1840 908 dies

187 946 466 1007 constanterinbunc
479 941 746 1016 modumrespondit
763 945 842 1018 :Ego
855 944 988 1002 versutias
1042 946 1174 1020 possedit,
1198 944 1319 1002 vendens
1342 945 1475 1018 plurimos
1495 961 1527 1002 ex
1553 944 1619 1018 ipsis
1643 944 1754 1017 perfidis
1770 943 1840 1001 'civi-

187 1050 214 1101 ct
227 1041 391 1101 calliditates
411 1039 494 1112 Regis
506 1037 668 1111 frequenter
687 1044 816 1109 expertus
830 1053 892 1095 sum
911 1037 985 1110 :sed,
1042 1039 1104 1108 bus,
1130 1039 1177 1113 qui
1204 1040 1357 1098 Dominum
1383 1046 1411 1096 et
1443 1043 1585 1096 Pastorem
1612 1055 1694 1097 suum
1715 1038 1839 1112 perdide·

188 1137 323 1195 sivultin
344 1135 378 1191 iis
394 1134 423 1190 in
445 1131 544 1207 quibus
568 1130 715 1188 manifeste
742 1131 865 1204 peccarit
887 1136 948 1189 Deo
963 1140 988 1188 et
1042 1142 1124 1193 rant:
1150 1133 1284 1207 quosdam
1305 1149 1369 1191 vero
1395 1133 1542 1202 mutilavit,
1579 1140 1607 1191 et
1636 1132 1773 1206 quosdam
1798 1147 1840 1189 se-

188 1231 320 1288 Ecclesiae
344 1227 513 1295 satisfacere,
540 1226 633 1299 ipsum
647 1226 763 1282 libenter
786 1226 938 1298 absolvam,
960 1234 988 1284 et
1042 1244 1107 1287 curu
1131 1227 1269 1303 usquead
1303 1227 1457 1285 calabriam
1481 1227 1603 1302 captivos
1622 1225 1716 1284 duxit?
1744 1225 1793 1283 sed
1810 1226 1840 1284 iu

190 1324 365 1398 imperialem
386 1321 438 1379 sibi
464 1336 594 1378 coronam
615 1335 681 1377 cum
698 1318 888 1377 benedictione
901 1322 987 1393 impo-
1042 1322 1167 1397 ingressu
1216 1322 1300 1396 ipsius
1344 1321 1467 1381 Civitatis
1500 1323 1640 1396 regionem
1672 1323 1839 1380 Lateranen-

181 1434 270 1488 nam,
296 1416 419 1491 alioquin
441 1431 491 1472 nec
505 1413 604 1483 debeo,
623 1429 676 1472 nec
689 1430 804 1488 possum
827 1430 877 1472 vos
890 1414 919 1472 in
937 1413 989 1472 hac
1042 1433 1102 1475 sem
1116 1417 1152 1475 ad
1167 1416 1328 1474 colosseum
1338 1416 1411 1488 (163)
1427 1415 1499 1472 ferro
1509 1425 1536 1472 et
1546 1415 1660 1472 damma
1675 1414 1838 1474 combussit.

189 1521 267 1588 parte
276 1511 412 1569 ullatenus
427 1507 565 1567 exaudire.
1042 1513 1094 1570 llis
1110 1511 1191 1586 igitur
1203 1511 1240 1567 ita
1251 1509 1366 1583 peractis
1379 1513 1441 1567 Dux
1462 1508 1498 1566 ad
1517 1510 1627 1583 propria
1639 1505 1732 1579 rediit,
1749 1517 1777 1566 et
1789 1512 1839 1567 Pa-

97 1662 101 1677 ,
192 1605 357 1679 ‚tl.Qnod
366 1604 480 1661 verbum
492 1617 556 1661 cum
567 1604 628 1660 Rex
638 1601 988 1660 remordenteconscientia
1043 1615 1115 1664 trem
1139 1620 1221 1663 suum
1233 1603 1585 1677 GregoriumPontibcem,
1608 1602 1637 1661 in
1662 1602 1840 1661 Lateranensi

189 1702 338 1777 denegaret
363 1701 462 1771 lacere,
484 1707 513 1758 et
538 1700 659 1775 populus
677 1698 801 1758 Pontifici
826 1715 875 1773 per
897 1699 989 1773 plnres
1044 1700 1145 1775 palatio
1160 1698 1301 1759 sedentem
1330 1714 1395 1757 cunr
1417 1697 1559 1757 Fratribus
1584 1697 1641 1756 suis
1656 1696 1801 1771 Episcopis
1815 1705 1841 1753 et

191 1797 250 1856 dies
276 1796 453 1854 vehementer
478 1795 602 1863 instaret,
618 1802 650 1852 ut
673 1794 775 1868 absque
802 1792 988 1851 satisfactione
1002 1763 1026 1829 B
1042 1793 1239 1862 cardinalibus,
1257 1794 1285 1851 iu
1298 1809 1363 1867 pace
1386 1792 1500 1861 dimisit,
1520 1799 1734 1865 pertractantem
1748 1790 1839 1850 Eccle-

191 1894 297 1966 Regem
318 1890 477 1964 susciperet,
497 1898 526 1948 et
554 1887 682 1947 Pontifex
705 1887 739 1946 sd
771 1904 868 1946 eorum
904 1904 992 1947 caecas
1044 1890 1093 1950 siae
1108 1887 1217 1962 negotia
1228 1903 1279 1961 pro
1300 1887 1342 1946 sui
1357 1884 1440 1945 officii
1450 1885 1553 1955 debito,
1568 1883 1603 1944 dc
1617 1883 1732 1946 dirersis
1745 1883 1840 1944 mundi

190 2000 285 2060 preces
309 1985 423 2043 omuino
441 1990 614 2057 permaneret
634 1982 793 2053 immobilis,
815 1986 875 2041 Rex
899 1982 991 2056 paula·
1044 1983 1169 2059 partibus
1178 1981 1356 2055 emergentia.
1557 2056 1561 2063 Ι

175 2080 242 2159 'tim
266 2079 352 2151 coepit
371 2078 532 2150 popularem
557 2076 682 2135 favorem
708 2076 819 2151 pecunia
848 2085 876 2133 et
888 2084 992 2135 terrore
1081 2084 1126 2136 ts.
1141 2077 1192 2134 Hic
1206 2074 1376 2134 liberavitsb
1395 2074 1489 2132 illicita
1502 2073 1680 2148 occupatione
1695 2072 1841 2148 'sexaginta

191 2173 243 2232 sibi
259 2172 409 2246 acquirere.
425 2171 506 2244 Quod
527 2180 560 2229 ut
580 2169 709 2229 Pontifex
726 2169 872 2229 manifeste
890 2187 991 2243 cogno-
1044 2171 1297 2231 bdsnsionariorum
1317 2172 1349 2226 B.
1365 2169 1437 2227 Petri
1461 2169 1613 2234 ecclesiam,
1644 2167 1690 2242 qui
1715 2168 1841 2227 univorsa

191 2268 242 2338 xit,
253 2266 287 2327 de
298 2265 450 2326 constantia
472 2265 564 2340 populi
575 2281 688 2339 prorsus
703 2264 841 2335 diflidens,
855 2266 884 2322 in
896 2266 991 2324 Castro
1016 2317 1020 2325 .
1045 2266 1172 2326 oratoria
1185 2281 1234 2325 seu
1250 2264 1403 2323 ministeria
1418 2263 1505 2338 ipsius
1529 2261 1659 2332 ecclcsiae,
1673 2271 1842 2336 praeterma-

191 2361 340 2422 Crescentii
361 2377 390 2419 sc
412 2375 476 2418 cum
491 2359 631 2418 Fratribus
645 2359 702 2417 suis
721 2359 835 2433 recepit.
856 2363 917 2417 Rex
942 2361 991 2418 111-4
1041 2361 1088 2437 jus
1121 2362 1215 2430 altare,
1236 2358 1359 2433 quadam
1385 2358 1516 2416 violentia
1547 2356 1712 2426 detinebant,
1745 2365 1841 2416 cuncta

192 2455 402 2534 que,quoniam
426 2456 560 2530 populum
583 2456 745 2512 Romanum
770 2453 805 2512 ad
818 2455 991 2514 voluntatem
1045 2464 1187 2516 oratorum
1204 2454 1407 2512 advenientium
1421 2452 1574 2512 oblationes
1592 2451 1621 2508 in
1636 2467 1702 2510 usus
1717 2452 1843 2527 proprios

192 2565 273 2610 tuam
292 2548 478 2607 indubitanter
500 2557 663 2618 attraxerat,
689 2548 856 2607 Guibertum
877 2549 906 2608 in
920 2547 991 2607 Sede
1045 2550 1219 2624 redigebant.
1246 2551 1333 2605 Erant
1354 2556 1446 2605 autem
1473 2546 1551 2608 cives
1578 2545 1708 2616 Romani,
1736 2546 1843 2604 uxorati

191 2644 348 2718 Apostolica
362 2644 495 2702 violenter
512 2643 632 2701 intrusit.
651 2643 706 2703 Sed
720 2659 785 2701 cum
807 2642 842 2700 de
864 2648 990 2703 Romana
1046 2661 1094 2704 seu
1115 2643 1312 2712 concubinarii,
1334 2641 1420 2701 barba
1435 2642 1489 2700 rasi
1502 2649 1530 2697 et
1552 2640 1666 2711 mitrati,
1676 2641 1844 2698 mentientes

192 2738 314 2797 Ecclesia
329 2739 436 2798 nullum
451 2739 617 2813 Episcopum
637 2738 681 2796 vel
699 2738 875 2799 cardinalem
899 2747 993 2812 posset
1046 2740 1200 2799 oratoribus
1212 2747 1240 2795 et
1258 2735 1396 2812 praecipue
1412 2735 1580 2795 multitudini
1594 2734 1739 2794 rusticanae
1752 2736 1839 2791 Lem·

192 2831 305 2903 babere,
332 2849 348 2892 a
374 2833 555 2904 Bononiensi,
584 2841 613 2890 et
635 2833 796 2904 Mutinensi,
821 2840 904 2907 atque
926 2835 990 2891 cer·
1045 2834 1204 2904 bardorum,
1230 2840 1384 2891 asserentes
1407 2845 1438 2888 se
1473 2829 1630 2888 cardinales
1657 2828 1843 2903 Presbyteros

191 2927 277 2985 riensi
294 2926 625 3002 (161)Pseudocpiscopis
648 2926 715 2985 fecit
742 2943 815 2996 eum,
837 2926 991 2986 secundum
1046 2945 1120 2998 esse,
1141 2944 1259 3001 quorum
1282 2928 1379 3001 utiquc
1394 2923 1576 2983 oblationibus
1598 2924 1723 2998 receptis,
1751 2922 1843 2980 indul-

191 3022 420 3082 consuetudinem
436 3024 632 3080 Romanorum
656 3021 830 3088 Pontificum,
854 3021 990 3079 execrabi-
1047 3024 1166 3100 gentiam
1177 3023 1218 3079 eis
1231 3030 1259 3078 et
1269 3021 1459 3079 remissionem
1474 3026 1649 3090 peccatorum
1658 3034 1727 3076 ausu
1738 3016 1843 3077 nefario

191 3116 254 3175 liter
273 3114 397 3174 benedici
414 3125 464 3172 :et
477 3114 506 3172 in
526 3113 595 3172 festo
611 3113 751 3172 Pascbatis
764 3115 798 3171 ab
815 3115 917 3173 codem
932 3117 990 3172 1111-
1008 3144 1031 3209 C
1045 3117 1218 3192 impudenter
1242 3115 1418 3189 prestabant.
1443 3115 1489 3186 Hi,
1502 3113 1643 3172 occasione
1656 3112 1844 3175 custodienda

192 3209 269 3266 berto
292 3208 400 3281 imperii
412 3223 544 3267 eoronam
563 3205 737 3280 impudenter
745 3209 909 3281 assumpsit:
927 3219 990 3282 post
1046 3211 1180 3279 ecclesiae,
1203 3219 1398 3284 consurgentes
1416 3211 1588 3282 intempestae
1611 3196 1701 3266 'troctis
1722 3207 1844 3278 silentio,

191 3302 334 3361 modicum
347 3317 413 3359 uero
426 3300 462 3357 ad
471 3299 642 3359 obsidionem
657 3303 828 3372 6111111161)
840 3303 989 3362 crescentii
1044 3305 1117 3365 infra
1126 3313 1153 3362 et
1164 3306 1232 3364 circa
1245 3305 1370 3362 eamdem
1382 3302 1616 3362 ecclesiammulta
1627 3303 1739 3377 impunc
1753 3301 1844 3361 horni-

191 3396 331 3455 uuiversos
346 3399 490 3455 Romanos
504 3396 645 3454 conduxit.
659 3396 786 3456 Pontifex
800 3407 905 3468 autem,
920 3399 991 3457 sieut
1045 3399 1124 3469 cidia,
1152 3400 1269 3473 rapinas,
1293 3399 1369 3457 varia
1392 3407 1495 3472 stupra,
1522 3406 1552 3455 et
1570 3397 1680 3456 diversa
1702 3396 1842 3455 latrocinia

193 3490 233 3549 vir
248 3502 344 3550 mutus
357 3489 532 3566 etproridus,
540 3490 600 3566 jam
610 3492 657 3550 diu
667 3493 824 3552 Robertum
835 3493 989 3564 Guiscardi,
1046 3494 1232 3555 exercebant:
1263 3510 1343 3567 quos,
1359 3491 1430 3550 sicut
1447 3492 1576 3559 diximus,
1596 3495 1696 3550 Beatus
1720 3489 1844 3549 Pontifex

192 3586 331 3660 egregium
346 3589 571 3644 Normannorum
590 3591 707 3653 Ducem,
721 3588 869 3644 sollicitare
880 3587 991 3645 studue-
1047 3589 1082 3647 ab
1096 3589 1192 3648 eadem
1204 3589 1319 3646 ecclesia
1332 3604 1389 3645 non
1402 3588 1462 3645 sine
1479 3587 1566 3644 multa
1585 3585 1743 3644 difficultate
1754 3601 1846 3643 remo·

191 3688 246 3751 rat,
259 3689 290 3737 ut
308 3680 335 3736 in
357 3695 442 3739 rnaou
461 3680 551 3737 valida
570 3689 668 3738 contra
693 3680 798 3738 illatam
820 3681 872 3738 sibi
888 3682 990 3739 1111111-
1046 3683 1095 3754 111,
1119 3693 1146 3740 et
1161 3682 1291 3741 custodiae
1311 3698 1407 3739 curam
1425 3680 1551 3739 honestis
1574 3672 1686 3739 clericis
1708 3688 1735 3737 et
1749 3684 1845 3738 Sacer·

192 3775 271 3844 tiam,
285 3782 314 3834 et
327 3781 454 3848 potenter
473 3782 659 3842 succurreret;
675 3789 758 3846 quem
773 3772 810 3831 ad
825 3775 911 3848 ipsius
925 3774 991 3832 libo·
1045 3777 1158 3836 dotibus
1187 3775 1331 3835 commisit
1357 3785 1384 3833 et
1406 3775 1530 3833 tradidit.
1550 3775 1603 3832 Hic
1627 3783 1668 3832 ter
1693 3782 1845 3847 quaterque

191 3870 330 3927 rationem
342 3885 407 3926 cum
422 3868 542 3925 maximo
550 3868 670 3926 exercitu
681 3866 824 3925 celebriter
836 3869 992 3927 venientem
1046 3887 1108 3930 vere
1130 3871 1228 3929 beatus
1249 3869 1385 3941 Pontifex,
1410 3879 1473 3945 post
1493 3870 1626 3928 diutinam
1647 3869 1675 3926 in
1689 3869 1766 3926 Urbe
1780 3885 1845 3927 mo·

193 3960 306 4020 audivit.
324 3962 405 4037 Quod
418 3962 464 4019 ubi
488 3965 548 4019 Rex
562 3963 700 4020 Henricus
720 3963 749 4020 in
764 3962 877 4019 veritate
891 3979 992 4037 cogno·
1046 3982 1117 4028 ram.
1129 3964 1271 4022 descendit
1284 3965 1311 4021 iu
1331 3966 1477 4037 Apuliam3
1492 3972 1529 4033 et,
1550 3971 1712 4022 occurrente
1724 3963 1775 4037 sibi
1785 3962 1844 4037 jam

193 4057 244 4127 vit,
259 4055 437 4115 vehementer
458 4055 572 4129 expavit,
597 4064 625 4112 et
646 4056 720 4113 illico
739 4056 774 4113 ad
794 4055 936 4115 ecclesiam
963 4059 991 4116 S.
1046 4058 1121 4119 dicto
1141 4062 1219 4119 Duce
1246 4060 1369 4117 lloberto
1401 4058 1553 4127 Guiscardi,
1580 4058 1685 4116 Salerni
1708 4057 1844 4115 famosam

193 4150 266 4212 Petri
295 4148 416 4220 rediens,
431 4148 515 4208 domo
529 4149 680 4222 Capitolina
696 4159 723 4207 et
740 4151 863 4208 Leonica
885 4151 993 4210 civitate
1047 4155 1188 4213 civitatem
1197 4155 1315 4230 gloriose
1327 4154 1450 4211 intravit.
1462 4153 1570 4226 ibique,
1586 4152 1654 4210 dum
1670 4151 1763 4210 salutis
1778 4167 1843 4208 mo-

194 4242 344 4314 destructa,
357 4245 415 4300 vale
435 4242 540 4301 faciens
556 4242 699 4312 Romanis,
717 4259 781 4304 cum
808 4243 906 4303 eodem
925 4245 992 4304 Gui-
1046 4250 1104 4307 nita
1131 4249 1303 4307 concurrenti
1332 4248 1434 4321 populo
1452 4247 1540 4317 daret,
1564 4255 1677 4321 repente
1697 4246 1845 4305 iniectum

195 4339 285 4409 berto,
298 4354 354 4397 non
369 4339 428 4397 sine
440 4337 527 4396 multo
550 4338 662 4405 rubore,
674 4336 792 4412 aufugit.
823 4342 856 4396 ln
869 4340 992 4415 sequenti
1046 4343 1212 4415 agritudinis
1236 4341 1374 4411 decidens,
1406 4341 1434 4398 in
1464 4340 1542 4399 beata
1575 4341 1755 4408 confessione,
1782 4349 1845 4414 post

195 4432 252 4498 die,
266 4441 413 4507 numquam
429 4435 531 4491 Senam
545 4435 604 4491 Rex
624 4433 799 4505 pervenisset,
823 4444 992 4492 memoratus
1046 4437 1198 4507 modicum,
1218 4434 1291 4493 diem
1312 4436 1427 4493 feliciter
1441 4435 1537 4493 clausit
1556 4445 1723 4493 extremum.
1740 4432 1784 4491 Ad
1801 4450 1845 4492 cu-

194 4528 332 4597 Robertus
356 4532 435 4598 Dux,
463 4536 594 4601 tauquam
622 4526 668 4584 leo
693 4527 858 4586 fortissimus
868 4531 990 4586 Romam
1004 4523 1087 4606 Djus
1105 4533 1200 4606 utique
1214 4546 1324 4604 corpus,
1336 4531 1362 4587 io
1380 4533 1410 4587 B.
1424 4529 1546 4589 Matthaei
1566 4530 1677 4590 basilica
1691 4528 1844 4587 honorilice

195 4622 328 4681 violenter
353 4623 477 4692 intravit,
501 4637 585 4695 quam
606 4638 662 4680 non
684 4622 894 4696 pertriennium
920 4624 992 4681 sicut
1045 4627 1225 4697 tumulatum,
1246 4625 1377 4685 mirabilis
1392 4627 1463 4685 Deus
1486 4625 1574 4684 multa
1585 4624 1716 4683 miracula
1738 4621 1844 4697 operari

195 4717 256 4776 Rex
265 4716 410 4785 cenricus,
421 4716 471 4775 sed
487 4731 542 4774 una
555 4725 583 4775 ct
593 4715 689 4775 eadem
701 4717 744 4774 dio
764 4718 794 4775 in
807 4733 891 4775 manu
904 4716 992 4776 valida
1045 4720 1234 4796 dignatusest.

227 4937 303 5001 (101)
317 4930 438 4990 Erantbi
458 4933 613 5002 sipost-idus
640 4933 833 5002 Bononiensis,
866 4934 990 4990 Herbar-
1045 4933 1166 4991 tionibus
1185 4935 1323 5001 cesenam
1346 4942 1374 4990 et
1395 4948 1468 4990 anno
1496 4938 1561 5001 005,
1586 4933 1621 4988 ab
1636 4931 1730 5006 eoqui
1744 4938 1841 5002 postea

135 5040 138 5049 ·
195 5009 237 5062 fus
251 5005 440 5063 Mutinensis:
464 5006 610 5065 corsiensis
632 5019 733 5061 nomen
757 5005 910 5076 ignoratur,
924 5002 991 5060 ded·
1044 5004 1136 5077 ipsum
1159 5007 1236 5060 noris
1259 5004 1385 5076 operibus
1404 5004 1593 5074 communivit,
1613 5004 1760 5063 Crescentis
1780 5004 1839 5062 Nu·

195 5075 284 5134 ciente
304 5079 503 5149 cpiscoporum
528 5076 596 5130 serie
628 5073 664 5130 ab
691 5090 762 5131 anno
789 5074 992 5145 rosemunda
1043 5081 1179 5143 mmtcoo,
1194 5091 1296 5132 nomen
1306 5076 1353 5133 diu
1371 5076 1470 5144 tenuit,
1486 5085 1513 5133 et
1527 5085 1558 5132 ut
1571 5085 1683 5149 apparet
1693 5075 1774 5131 ctiam
1788 5072 1843 5130 bac

194 5149 279 5205 scitur
292 5146 438 5219 quemdam
451 5151 553 5201 Bonum
567 5145 662 5201 vixisse
677 5146 735 5271 (pul
749 5145 916 5217 fortemque
938 5144 991 5201 huc
1043 5156 1125 5205 aetate
1140 5147 1259 5204 tenebat.
1272 5148 1454 5220 Ospergensis
1472 5149 1598 5204 nominat
1613 5148 1755 5204 castellum
1776 5146 1843 5204 cre-

193 5219 337 5290 superluit)
352 5218 386 5275 ad
400 5232 503 5273 aunum
519 5223 600 5275 1101.
615 5216 685 5273 Btoo
708 5231 740 5273 us
753 5225 846 5272 autem
860 5232 910 5288 pro
926 5218 990 5274 cer·
1043 5220 1221 5294 scatitqcoat
1231 5218 1316 5290 culpo
1328 5220 1422 5275 1111111·
1446 5221 1601 5277 Theudorici
1615 5220 1726 5275 dicitur.

187 5286 280 5345 'riensi
294 5290 465 5345 Tarctsiaum
479 5286 644 5370 substituit,
663 5287 709 5370 qui
737 5297 829 5370 posset
843 5286 925 5358 fuisse
938 5290 989 5344 Ac·
1079 5292 1153 5365 (100)
1175 5291 1288 5348 Nicolao
1316 5291 1457 5362 coliseum,
1477 5291 1552 5364 quod
1576 5305 1679 5347 nomen
1703 5287 1768 5345 bodi
1804 5303 1841 5370 us

193 5360 304 5428 colinus,
318 5374 390 5416 sono
414 5364 481 5416 1082
495 5359 624 5417 Ecelcsrae
636 5367 682 5414 1111
700 5357 851 5430 praesrdens
865 5380 872 5416 :
898 5360 932 5417 ab
948 5359 991 5416 bis
1043 5361 1072 5421 in
1086 5378 1137 5419 usu
1151 5371 1203 5430 est,
1217 5371 1245 5418 et
1266 5371 1326 5421 erat
1339 5379 1403 5421 cum
1414 5363 1545 5420 scriberet
1568 5361 1730 5417 Anastasius
1741 5358 1794 5416 eto
1803 5374 1844 5416 ro·

194 5437 287 5488 eutem
301 5430 501 5488 execrationem
515 5446 593 5487 suam
608 5429 796 5512 potiusquam
807 5432 989 5489 consecratio·
1043 5433 1180 5492 tbccarius
1196 5454 1204 5490 =
1218 5435 1256 5490 ita
1268 5442 1363 5491 autem
1373 5435 1478 5492 dictum
1492 5433 1585 5490 volunt
1597 5430 1844 5501 Amphitheatrum

193 5516 257 5559 uem
269 5501 375 5576 occepit
395 5501 556 5566 Guibertus.
575 5499 757 5558 innomimca
770 5503 928 5559 Palmarum
943 5518 990 5559 an·
1044 5504 1114 5563 iilud
1128 5504 1291 5576 maximum,
1315 5506 1390 5589 quod
1405 5522 1421 5562 1
1441 5503 1608 5577 Vespasiano
1628 5509 1656 5557 et
1667 5503 1731 5557 Tito
1744 5508 1842 5557 exuu-

193 5589 230 5631 no
247 5577 336 5641 1001,ο
350 5570 472 5644 adeoque
486 5572 624 5630 2111111111
640 5589 648 5629 :
663 5587 730 5629 nam
750 5573 857 5633 Peselre
870 5573 990 5632 celebra·
1044 5587 1120 5635 ctum
1137 5593 1196 5636 esse
1206 5578 1286 5652 iuxta
1309 5594 1382 5635 viam
1405 5590 1525 5640 sacram,
1545 5588 1577 5629 eo
1594 5572 1661 5653 loci,
1682 5572 1730 5646 qui
1748 5570 1806 5646 jam
1826 5587 1844 5628 a

195 5654 255 5706 tum
271 5643 322 5703 luit
333 5650 363 5701 11
382 5643 516 5718 ejusdem.
1044 5650 1159 5708 licronis
1166 5659 1289 5723 tompore
1300 5664 1405 5706 nomen
1417 5646 1535 5707 babebat
1547 5640 1582 5700 ad
1593 5643 1709 5703 rmmtui
1720 5646 1774 5699 tto
1787 5657 1845 5715 pe·

230 5718 397 5788 (1011110111
410 5717 531 5776 ildriwn
541 5715 702 5795 antiquitus,
722 5716 820 5775 deinde
840 5719 870 5776 S.
890 5719 992 5789 11111111·
1043 5720 1112 5783 dnm
1124 5723 1248 5793 0111111,
1261 5737 1345 5795 quem
1358 5720 1404 5779 ille
1413 5716 1467 5777 rtbi
1476 5721 1614 5774 eruerat.

195 5789 248 5848 11111
258 5790 419 5895 Gregoriog
434 5788 487 5848 dici
498 5796 603 5863 coepta,
609 5787 777 5865 adiectisque
790 5797 886 5864 postu
900 5788 989 5850 muni·
1050 5790 1055 5799 '
