3884 6158
83 204 191 277 'ooo
474 222 503 277 s,
523 190 685 278 unaoonu
704 222 747 276 vu
767 172 1022 277 praeoptatae
1040 216 1127 274 rans
1145 218 1167 273 1.
1187 247 1224 258 -
1243 218 1444 277 naursrnuu.
1551 230 1559 239 ··
1687 198 1784 272 'too

137 361 203 402 nem
221 343 325 402 anobis
341 345 449 417 publice
460 345 739 416 excommunicatum,
753 353 782 401 et
801 360 935 417 apraepo·
947 348 974 411 Α
988 356 1064 400 eoru
1085 346 1156 411 (titt
1172 342 1342 399 cluniacensi
1359 342 1462 410 abbati,
1485 341 1600 398 salutem
1615 336 1785 413 etapostoli·

136 439 221 496 situra
245 446 282 503 et,
294 437 434 495 claustrali
454 436 649 493 communione
667 436 786 510 dejiciat,
805 437 934 495 alterum·
988 452 1051 492 cam
1064 435 1293 493 benedictionem.

137 548 191 606 que
206 534 267 588 loco
280 531 338 604 ejus
352 530 504 587 secuudum
517 532 607 586 Deum
621 529 774 587 substituat.
788 534 845 588 Vos
856 546 931 604 ergo,
1023 530 1052 587 Si
1077 539 1169 602 posset
1189 528 1258 597 fleri,
1284 538 1407 602 optarem
1426 537 1452 586 te
1466 528 1582 601 pleniter
1599 528 1670 586 scire
1683 536 1786 601 quauta

138 623 309 682 dilectissimi
333 622 395 692 lilii,
409 623 431 678 si
452 626 544 678 Deum
563 623 646 680 vultis
658 623 760 681 habere
769 625 930 698 propitium,
987 623 1125 680 tribulatio
1145 638 1190 680 me
1214 630 1357 696 angustat,
1375 631 1551 696 quantusque
1567 622 1645 678 labor
1663 621 1786 695 quotidie

136 724 315 789 sanctumque
338 717 453 771 Petrum
476 716 595 789 peccatis
619 717 717 774 restris
741 716 813 774 ferre
840 718 931 774 subsi·
987 716 1132 774 innovatus
1146 714 1253 789 fatigat,
1273 721 1307 773 et'
1317 731 1476 773 accrescens
1489 715 1568 772 valde
1591 716 1740 786 perturbat,
1755 724 1785 772 ut

134 809 224 875 dium,
246 816 341 888 cavete
355 810 467 865 omnino
482 825 516 865 ne
534 808 649 882 praefato
663 811 796 885 sacrilego
810 809 932 869 Guidoni
985 811 1137 866 secundum
1162 810 1350 866 tribulationes
1374 808 1465 866 cordis
1488 808 1542 865 mei
1566 808 1689 865 fraterna
1706 824 1784 866 com·

132 900 243 974 aliquod
256 911 355 959 eontra
365 905 459 959 Deum
472 910 652 976 nostrumque
667 903 805 978 judicium
819 904 852 961 ad
865 903 931 961 reti·
986 901 1075 974 passio
1095 901 1163 959 mihi
1182 910 1209 959 te
1227 902 1358 971 flecteret,
1377 911 1405 959 et
1423 902 1452 959 in
1470 901 1628 976 prolusione
1648 901 1784 975 lacryma·

134 994 254 1052 nendum
268 996 490 1068 praeposituram,
504 997 547 1052 vel
560 997 671 1070 aliquod
682 997 717 1055 de
732 997 813 1055 rebus
825 1000 932 1056 Sanctae
985 1010 1047 1053 rum
1062 1010 1156 1053 coram
1170 996 1286 1052 bomiuo
1300 1012 1348 1053 cor
1365 1005 1444 1052 tuum
1457 993 1621 1062 effunderet,
1637 1004 1669 1052 ut
1683 1011 1785 1068 pauper

134 1088 270 1145 Mustiolae
284 1089 430 1162 praebeatis
441 1088 575 1146 auxilium
587 1089 644 1146 sire
660 1092 818 1147 consilium.
832 1090 930 1148 Procul
985 1090 1065 1146 Jesus
1078 1089 1152 1163 llaec,
1167 1088 1278 1161 pauperi
1298 1092 1377 1146 iesus
1393 1087 1451 1162 lii,
1474 1104 1522 1162 per
1538 1104 1620 1162 quem
1635 1088 1725 1145 omnia
1741 1087 1784 1145 fa·

135 1180 219 1239 dubio
242 1182 326 1252 enim,
355 1182 377 1238 ei
401 1182 485 1255 (quod
509 1182 616 1239 absita
642 1191 729 1240 restra
763 1184 931 1252 nobilitatel)
985 1189 1029 1239 cto
1047 1191 1123 1248 sunt,
1137 1190 1166 1239 et
1185 1183 1231 1256 qui
1246 1183 1340 1239 omnia
1353 1183 1433 1255 regit,
1446 1198 1560 1239 manum
1576 1182 1739 1256 porrigeret,
1755 1189 1784 1239 et

128 1275 259 1332 auxiliari
282 1275 333 1333 sibi
356 1291 521 1349 quocunque
539 1276 624 1334 modo
647 1277 827 1346 tentaveritis,
848 1286 876 1333 et
898 1293 930 1334 ea
985 1275 1065 1333 solita
1079 1276 1178 1348 pietate
1191 1276 1322 1333 miserum
1344 1274 1481 1332 liberaret.
1503 1277 1563 1347 Ego
1577 1275 1737 1348 enimsaepo
1750 1274 1783 1331 il·

134 1383 196 1441 quae
219 1367 253 1425 de
275 1369 354 1425 bonis
377 1370 497 1426 eeclesiae
515 1369 609 1426 amicis
629 1370 685 1427 suis
699 1370 778 1427 dedit
796 1386 847 1444 pro
866 1370 930 1427 reti·
986 1368 1045 1425 lum
1059 1369 1163 1442 rogavi,
1176 1377 1257 1441 prout
1273 1369 1331 1441 ipse
1343 1367 1429 1439 dedit,
1446 1376 1476 1425 ut
1487 1376 1535 1425 aut
1548 1383 1592 1425 me
1605 1367 1640 1425 de
1650 1368 1783 1440 praesenti

134 1460 222 1518 nenda
237 1462 416 1534 prepositura
434 1463 546 1519 retineri
567 1461 694 1533 feceritis,
710 1462 930 1521 excommunica·
985 1463 1041 1519 vita
1057 1463 1176 1529 tolleret,
1189 1471 1236 1520 aut
1250 1463 1331 1519 matri
1345 1461 1487 1519 communi
1503 1477 1551 1534 per
1565 1477 1610 1518 me
1624 1461 1783 1534 prodesset,

21 1630 26 1637 .
133 1552 216 1609 tionis
228 1553 288 1626 ejus
300 1554 443 1627 participes
455 1555 540 1611 eritis.
552 1555 580 1612 Si
593 1571 666 1625 vero,
678 1565 708 1612 ut
718 1555 932 1627 decetgcurlstlo-
985 1564 1014 1613 et
1025 1564 1118 1613 tamen
1134 1555 1168 1613 de
1188 1572 1287 1629 magna
1301 1555 1477 1613 tribulatione
1496 1555 1587 1612 adbuc
1602 1572 1658 1612 non
1669 1556 1783 1628 eripuit,

134 1660 184 1702 nos
194 1647 277 1717 siros,
289 1663 401 1719 operam
414 1646 561 1705 studebitis
571 1648 647 1717 dere,
660 1665 693 1706 eo
706 1651 829 1723 expulso,
843 1651 930 1707 eccle·
985 1665 1073 1722 neque
1091 1649 1142 1706 vita
1165 1666 1228 1707 mea
1248 1648 1385 1722 predictae
1406 1648 1499 1715 matri,
1514 1650 1591 1721 cuius
1613 1665 1658 1706 me
1676 1650 1784 1707 catenis

132 1739 437 1812 siamDeimatremque
445 1743 536 1813 utique
545 1749 663 1800 vestram
673 1740 708 1798 ad
716 1742 861 1816 pristinum
872 1751 931 1800 sta-
945 1716 969 1778 Β
985 1743 1116 1815 alligavit,
1136 1751 1167 1799 ut
1189 1743 1352 1816 operabam·
1365 1741 1475 1816 profuit.
1492 1742 1686 1800 circumvallat
1707 1743 1782 1800 enim

132 1838 194 1889 tum
204 1838 342 1900 revocare,
358 1833 430 1891 inter
442 1843 555 1893 sanctos
565 1837 613 1893 Del
626 1835 652 1891 in
664 1851 783 1909 superno
792 1853 877 1910 reguo
889 1837 930 1894 in·
985 1852 1030 1892 me
1053 1835 1133 1893 dolor
1162 1836 1301 1904 immanis,
1326 1845 1354 1893 et
1375 1835 1485 1893 tristitia
1514 1836 1683 1905 universalis,
1716 1837 1783 1910 quia

131 1925 337 1998 corruptibilem
349 1927 520 2000 possidebitis
530 1928 727 1997 hereditatem,
737 1929 827 2002 adepti
835 1946 930 2002 pecca·
986 1929 1127 1987 orientalis
1143 1930 1262 1987 Fcclesia
1277 1931 1409 1987 instinctu
1428 1928 1529 1986 diaboli
1545 1946 1560 1985 a
1578 1929 1711 1986 catholica
1728 1930 1783 1989 fide

132 2026 225 2076 torum
236 2020 432 2093 indulgentiam
440 2037 488 2093 per
503 2020 669 2078 ineffabilem
680 2022 730 2080 Dei
742 2022 928 2079 clementiam.
985 2022 1089 2091 delicit,
1103 2031 1130 2080 et
1139 2039 1186 2096 per
1196 2039 1245 2081 sua
1256 2023 1380 2080 membra
1393 2024 1451 2095 ipse
1461 2022 1590 2095 antiquus
1603 2024 1690 2081 hostis
1699 2023 1782 2082 Chri·

169 2116 240 2168 Data
252 2114 364 2181 Romae,
378 2113 475 2171 Idibus
490 2115 629 2185 ianuarii,
644 2114 700 2172 ind.
713 2130 780 2172 xtra.
984 2117 1088 2173 slianos
1110 2117 1211 2190 passim
1230 2115 1342 2184 occidit,
1360 2125 1393 2172 ut
1413 2133 1481 2188 quos
1495 2125 1579 2189 caput
1600 2116 1781 2190 spiritualiter

363 2217 540 2274 EplsToLA
559 2219 687 2273 XLvtfl,
984 2208 1128 2278 interficit,
1162 2210 1220 2285 ejm
1251 2209 1374 2266 membra
1406 2210 1551 2267 carnaliter
1583 2210 1714 2282 puniant,
1745 2227 1782 2269 ne

239 2323 277 2365 qn
295 2323 447 2367 antomon
465 2325 503 2367 m·
522 2324 657 2368 nunu!
676 2326 822 2367 Annuus,
984 2301 1095 2375 quando
1108 2303 1198 2360 divina
1212 2304 1297 2376 gratia
1313 2303 1486 2376 resipiscant.
1506 2306 1610 2360 lterum
1620 2319 1686 2361 cum
1699 2320 1778 2362 men·

431 2407 522 2470 (anno
543 2409 634 2469 1075.)
983 2395 1019 2452 tis
1032 2397 1132 2453 intuitu
1146 2405 1235 2470 partes
1250 2396 1409 2464 occidentis,
1425 2397 1480 2454 sive
1492 2397 1625 2465 meridiei,
1646 2405 1694 2455 aut
1706 2406 1783 2471 sept·

132 2495 166 2549 Ut
193 2502 318 2552 moneant
339 2496 483 2567 quemdam
501 2498 690 2565 praestariam,
711 2502 761 2570 qut
780 2503 843 2555 ante
861 2514 930 2570 per.
983 2489 1128 2546 tentrionis
1155 2489 1236 2547 video
1265 2491 1310 2547 vir
1330 2491 1432 2564 legales
1454 2490 1599 2564 episcopos
1620 2491 1732 2548 introitu
1753 2499 1782 2548 et

168 2571 255 2621 eclam
267 2570 456 2651 penitentiam
476 2570 558 2624 altem
567 2585 679 2625 ”emm
691 2571 864 2626 contendebat
876 2571 928 2654 dus
984 2583 1048 2649 rita,
1071 2582 1118 2655 qui
1139 2582 1328 2640 Christianum
1347 2583 1479 2656 populum
1503 2583 1605 2641 Christi
1626 2600 1731 2654 amore,
1754 2592 1783 2642 et

165 2653 231 2700 Μ’
247 2655 279 2692 '²3
298 2640 329 2693 ‘d
342 2640 445 2706 sam?
455 2640 503 2695 Μ
520 2641 665 2696 ‘mmm
684 2658 745 2712 (ἴω
757 2658 814 2698 suae
832 2643 929 2697 mmm
982 2692 1039 2734 non
1063 2677 1187 2734 saeculari
1211 2676 1364 2734 ambitione
1390 2684 1497 2750 regant,
1523 2677 1641 2746 invenio,
1666 2687 1694 2735 et
1707 2679 1782 2735 inter

165 2714 230 2868 gent
240 2709 317 2765 adse
330 2715 429 2822 acutat.
810 2814 816 2826 ·
983 2785 1081 2827 omnes
1100 2771 1245 2828 0000010000
1260 2769 1403 2844 principes,
1426 2771 1473 2843 qui
1488 2780 1648 2843 praepooant
1662 2773 1714 2828 Dei
1730 2772 1782 2829 bo-

190 2825 505 2885 nnooaroseprscopus,
517 2828 758 2871 servassemorum
767 2815 928 2887 beatiam·
981 2879 1079 2921 nomm
1093 2880 1154 2932 suo,
1169 2872 1195 2921 et
1217 2863 1532 2937 justitiamluero,n01¹
1554 2880 1701 2937 00000000,
1725 2868 1782 2923 Μ

130 2917 182 2960 rto
197 2904 289 2961 abbati
299 2905 390 2962 Sancti
407 2905 549 2973 Bonifatii,
561 2915 588 2962 et
605 2910 720 2965 lllsuno
731 2907 821 2965 abbati
833 2907 927 2965 Sancti
981 2956 1780 3035 auteminmrquosbabilo,R0ma¹1⁰⁸Videlioelelfflssffl

128 2997 235 3065 δῶκ’
248 2999 363 3055 ⁸³¹⁰²⁰¹¹¹
374 3006 403 3054 et
415 3000 597 3070 ³9⁰⁸²⁰¹¹⁰³¹¹¹
609 2999 837 3058 benedictimm'
982 3049 1084 3108 bardos
1096 3059 1124 3108 et
1144 3054 1326 3120 normannos,
1346 3050 1418 3107 sicut
1432 3064 1504 3122 saepe
1518 3050 1569 3108 illis
1586 3050 1660 3121 dico,
1674 3053 1781 3112 Jodteit

165 3093 269 3196 ΜΨ
280 3090 356 3196 'Q
372 3098 414 3196 ⁰⁵}
429 3092 673 3197 qf¹⁰d.R³in⁰ri⁰⁸'
689 3093 823 3199 Usiwniff
837 3109 927 3166 ΨΜ
942 3113 965 3176 c
982 3150 1010 3200 et
1030 3145 1140 3218 paganis
1160 3141 1365 3216 quodammodo
1379 3143 1487 3215 peiores
1500 3158 1559 3199 esse
1573 3145 1720 3218 redarguo.
1734 3146 1780 3205 cd

127 3183 192 3240 dam
206 3183 287 3253 libus,
302 3183 436 3241 drabolrco
446 3193 579 3242 rnstmctu
589 3183 703 3242 fratrem
718 3201 801 3243 suum
813 3185 924 3243 interf·
978 3239 1112 3310 meipsum
1137 3253 1201 3295 cum
1226 3236 1320 3309 redeo,
1351 3236 1388 3297 im
1419 3253 1464 3295 me
1489 3245 1630 3311 gravatum
1660 3240 1780 3314 proprie

127 3276 178 3344 cit;
194 3276 537 3349 u⁰d⁶dffss¹¹⁰poe⁰it⁰¹¹tiae
552 3277 674 3335 ⁰⁰¹¹d¹¹m
687 3279 857 3348 ⁸⁰⁸⁰bdidit'
872 3296 923 3337 ⁰⁰⁰
978 3331 1094 3389 actionis
1120 3333 1239 3403 pondere
1262 3332 1372 3391 invenio
1397 3344 1428 3393 ut
1456 3336 1531 3393 nulla
1551 3343 1690 3393 remaneat
1715 3348 1780 3408 spes

977 3423 1158 3492 salutis,·nisi
1176 3424 1209 3481 do
1229 3426 1287 3483 sola
1307 3427 1496 3487 misericordia
1519 3430 1630 3488 Christi.
1657 3430 1730 3485 Nam
1755 3429 1780 3485 si

977 3533 1034 3574 non
1048 3533 1186 3589 sperarem
1200 3517 1233 3575 ad
1249 3518 1390 3577 meliorem
1408 3521 1501 3588 vitam,
1512 3529 1541 3578 et
1552 3521 1696 3578 utilitatem
1711 3536 1778 3578 san·

977 3619 1028 3668 ctae
1042 3611 1170 3669 Ecclesiae
1183 3612 1282 3683 venire,
1298 3614 1374 3671 nullo
1389 3614 1472 3672 modo
1486 3619 1595 3685 llomae,
1610 3616 1636 3671 in
1654 3630 1709 3688 qua
1727 3630 1778 3672 co·

976 3713 1066 3773 actus,
1081 3707 1140 3761 Deo
1156 3713 1236 3774 teste,
1246 3706 1305 3778 jam
1320 3723 1335 3763 a
1356 3708 1448 3778 viginti
1460 3708 1538 3765 annis
1559 3707 1720 3777 inhabitari,
1734 3723 1777 3765 re·

977 3812 1129 3853 manerem.
1150 3796 1232 3855 Unde
1241 3798 1273 3854 llt
1287 3808 1318 3856 ut
1333 3800 1404 3858 inter
1417 3801 1540 3859 dolorem
1555 3801 1601 3875 qui
1612 3799 1739 3873 quotidie
1748 3800 1778 3857 in

977 3897 1191 3961 merenovatur,
1207 3901 1236 3948 et
1245 3908 1324 3965 spem
1336 3910 1399 3967 quae
1408 3894 1501 3964 nimis,
1512 3894 1577 3962 heu,
1592 3892 1777 3968 protenditur,

977 3984 1053 4065 mille
1064 3992 1208 4057 quassatus
1222 3986 1431 4059 tempestatibus
1446 3987 1642 4062 quoquomodo
1655 3987 1778 4045 moriens

128 3370 245 3442 perfecte
265 3371 407 3444 poenituit;
426 3369 473 3427 sed
488 3371 636 3429 immemor
656 3373 724 3429 tanti
749 3372 877 3430 facinoris
897 3384 924 3431 et

128 3465 319 3536 promissionis
341 3462 530 3521 defensionum
556 3465 813 3537 ecclesiasticarum,
839 3483 924 3541 quam

128 3555 159 3611 in
179 3556 352 3630 suscipiendo
367 3556 462 3615 fictam
478 3558 666 3630 poenitentiam
684 3557 748 3616 fecit
768 3576 878 3618 necnon
899 3566 927 3617 et

127 3663 277 3721 pauperum
291 3649 402 3718 Christi,
411 3650 511 3707 animoe
525 3666 582 3708 suae
590 3653 708 3708 salutem
720 3653 850 3711 oblivioni
866 3662 923 3710 tra·

127 3739 205 3808 dens,
218 3741 297 3796 aliam
311 3742 401 3799 studet
413 3758 527 3800 uxorem
541 3742 654 3800 ducere.
670 3743 793 3819 ldooque
802 3755 923 3804 vestram

126 3832 324 3891 fraternitatem
341 3836 486 3892 sollicitam
500 3851 559 3892 esse
574 3837 702 3895 uolumus
715 3847 849 3910 quatenus
860 3855 923 3897 eum

126 3925 296 3983 conveniatis
308 3934 337 3983 et
350 3927 440 3984 modis
453 3928 552 3999 quibus
573 3932 696 4001 potestis,
715 3931 795 3989 illum
812 3949 925 3990 monea-

125 4018 161 4075 tis
171 4018 288 4076 dulciter
302 4028 329 4077 et
348 4035 453 4094 aspere,
474 4029 611 4094 quantum
625 4039 694 4094 opus
711 4023 794 4081 fuerit
807 4034 835 4081 et
846 4027 925 4083 robis
993 4077 1000 4090 ,
1225 4077 1231 4091 .
1330 4080 1337 4092 ,
1400 4081 1406 4093 ,
1460 4082 1466 4094 ,
1506 4082 1512 4095 ,
1580 4081 1586 4095 ,

125 4112 310 4170 nmmum
323 4112 470 4182 videbitur,
489 4123 520 4171 ut
529 4115 605 4172 nuno
619 4117 704 4174 modo
714 4116 744 4174 id
755 4116 845 4176 facere
857 4135 924 4191 pm
975 4093 1046 4183 prro.
1062 4080 1097 4134 Et
1111 4094 1172 4134 eum
1185 4094 1231 4150 qur
1243 4095 1287 4135 me
1296 4095 1352 4136 suls
1362 4081 1602 4154 alligautrmcuhs
1614 4089 1642 4137 et
1655 4083 1778 4138 Romam

125 4214 226 4273 sumat,
246 4205 295 4263 sed
308 4222 359 4263 noe
367 4205 450 4264 adeat
460 4207 494 4265 ad
509 4208 677 4266 audiendum
690 4225 722 4268 ea
739 4227 802 4285 quae
820 4212 871 4269 sibl
886 4212 922 4271 de
975 4170 1089 4227 'mitum
1114 4171 1348 4246 ‘adum'ianue
1368 4173 1445 4231 mine
1470 4174 1601 4248 ³⁰8¹¹⁵ffi⁸
1622 4173 1776 4246 Plaessfffiss't·

124 4299 211 4355 00ιοῑο
224 4313 273 4357 000
286 4299 378 4357 ,pem
388 4300 532 4359 debemus·
548 4304 576 4359 Si
589 4301 661 4360 forto
670 4305 756 4378 (quod
769 4321 827 4363 non
842 4315 920 4380 opta·
974 4272 1114 4368 exspecto.
1128 4265 1178 4320 Cui
1192 4263 1348 4338 frequenter
1357 4266 1419 4324 dico
1434 4284 1440 4319 :
1457 4267 1586 4336 Festina,
1601 4282 1637 4324 ne
1651 4266 1778 4324 tardare·

124 4397 197 4461 mus)
212 4409 260 4450 m
280 4394 377 4452 audire
396 4403 423 4451 et
441 4396 522 4453 nobis
547 4396 659 4454 obedire
682 4399 816 4469 renuerit,
844 4400 920 4457 omni
973 4372 1026 4424 ris,
1041 4355 1173 4424 accelera,
1186 4373 1221 4413 ne
1237 4359 1365 4431 moreris,
1380 4375 1478 4432 meque
1490 4359 1778 4417 liberaamorebealre

123 4485 206 4590 modo
217 4495 322 4544 certum
337 4488 416 4544 illum
427 4488 533 4547 reddite
542 4488 616 4562 quod
625 4506 688 4559 nos,
700 4491 922 4565 DeoadJuvante,
936 4487 962 4551 b
977 4451 1488 4615 ἓξὲξθὲῐθεζὲξῗωῗὲἓοὸἰξωᾞ
1512 4460 1633 4603 ἲὲὶεθὶξ
1645 4460 1777 4604 οῗῂέἰ

123 4578 256 4652 qurdquid
265 4581 372 4654 justum
395 4589 423 4638 et
445 4583 609 4640 canonicum
623 4584 712 4641 risum
729 4583 812 4641 fuerit
832 4585 922 4644 lacere
976 4585 1089 4706 oew'ris'
1103 4636 1183 4709 cujus
1203 4646 1245 4694 est
1259 4638 1313 4695 vim
1329 4562 1607 4707 laudabilisfzmtio
1622 4563 1776 4708 wulzis,

123 4673 478 4825 nonnffigllfflf'daeimo
496 4784 525 4826 ω
547 4770 615 4827 timo
628 4772 681 4829 Ka!
719 4771 737 4830 d
782 4773 839 4831 Pb
905 4772 921 4786 ..
977 4742 1087 4802 precor,
1102 4745 1196 4799 exoro,
1210 4747 1289 4805 rogo,
1301 4740 1332 4788 ut
1347 4747 1395 4789 eos
1407 4732 1453 4805 qui
1468 4741 1611 4789 merentur
1621 4731 1709 4790 audiri
1724 4748 1776 4805 pro

123 4855 274 4916 indictione
288 4811 400 4917 decima
418 4862 497 4918 tertia
528 4786 545 4842 Ρ
683 4788 717 4830 ⁶⁰
739 4788 769 4831 ³⁸
805 4788 920 4831 emam
973 4822 1038 4880 vitae
1051 4823 1166 4896 meritis,
1177 4823 1300 4897 vigilanti
1314 4826 1499 4899 eurarogites,
1513 4834 1544 4883 ut
1559 4842 1608 4899 pro
1620 4841 1664 4882 me
1680 4828 1775 4883 Deum

360 4904 538 5020 relsuobt
556 4967 653 5023 mx
974 4922 1089 4973 exorent
1110 4930 1142 4973 ea
1161 4917 1294 4973 charitate
1315 4933 1401 4990 eaque
1414 4917 1572 4988 dilectione,
1592 4934 1647 4992 qua
1670 4917 1777 4975 debent

373 5000 382 5017 ¹
657 5008 664 5022 '
973 5007 1154 5065 universalem
1169 5007 1282 5082 diligere
1294 5017 1420 5068 matrem.
1436 5013 1471 5068 Et
1481 5011 1545 5085 quia
1559 5018 1674 5084 utraque
1687 5026 1775 5069 manu

195 5066 236 5110 ΑΒ
255 5067 407 5112 mmm
427 5070 571 5114 mm
591 5072 840 5119 mmm·
972 5099 1104 5158 debemus
1122 5101 1159 5158 uti
1171 5117 1221 5175 pro
1233 5101 1346 5159 dextera
1365 5102 1400 5159 ad
1414 5103 1651 5178 comprimendam
1671 5103 1774 5178 impio·

415 5152 509 5256 (ΑΨ
531 5154 625 5260 ¹9⁷³),
970 5210 1033 5250 rum
1048 5194 1192 5263 saeutiam,
1207 5203 1316 5267 oportet
1329 5212 1391 5264 nos,
1406 5197 1519 5270 quaudo
1533 5197 1646 5270 quidem
1658 5213 1717 5254 non
1731 5205 1775 5256 est

120 5240 248 5311 Deplorat
262 5255 340 5297 suum
349 5248 375 5298 el
386 5244 505 5299 liocleotoe
516 5259 698 5301 moserramaam
713 5250 830 5309 elatem·
843 5250 916 5304 eorde

155 5314 286 5367 rationem
294 5329 346 5384 000
367 5328 394 5370 00
414 5314 452 5369 ,d
470 5319 556 5371 00000
573 5317 686 5384 effundi
698 5320 779 5388 pepi„
805 5320 914 5390 000οᾳ00
971 5287 1097 5361 princeps
1116 5289 1164 5360 qui
1179 5288 1241 5345 talia
1264 5298 1350 5358 curet,
1372 5291 1562 5364 religiosorum
1576 5290 1650 5348 tueri
1672 5292 1771 5360 vitam,

153 5384 278 5439 abbatem
307 5386 345 5440 od
366 5387 590 5456 comprimendam
619 5391 765 5459 impioram
782 5394 914 5447 sacratam
970 5377 1090 5436 fraterna
1102 5388 1130 5436 te
1144 5395 1288 5440 monemus
1304 5382 1447 5451 charitate,
1464 5391 1504 5450 ut,
1520 5383 1700 5457 inquantum
1719 5399 1774 5456 po·

153 5455 295 5510 &millii
306 5472 393 5512 0'12'108
407 5457 507 5526 fideles.
968 5479 1020 5540 tes,
1032 5471 1152 5545 vigilanti
1167 5475 1259 5532 studio
1273 5492 1388 5535 manum
1405 5478 1539 5549 prebeas,
1552 5491 1601 5534 eos
1613 5476 1768 5544 monendo,

153 5557 332 5615 Gnaoonrus
347 5556 497 5631 episeopus,
514 5574 759 5620 servusserrorum
772 5562 834 5632 Dei,
844 5566 911 5621 llu-
966 5565 1101 5639 rogando,
1121 5567 1301 5634 exhortando,
1321 5570 1368 5643 qui
1382 5570 1496 5628 beatum
1515 5572 1630 5629 Petrum
1653 5570 1773 5644 diligunt

152 5740 227 5812 (til)
240 5744 317 5799 Deest
329 5744 448 5817 liugoui.
