3884 6158
148 310 196 365 5³3
700 309 799 365 ttsstt
816 309 952 366 SEXTUS.
972 340 1006 351 -·
1025 310 1130 367 uulsi.
1149 311 1235 367 xxttt.
1740 322 1792 377 534

144 432 216 489 bunc
228 432 318 488 lilium
329 439 457 489 nostrum
469 431 650 489 lambertum
664 431 778 489 fratrem
790 441 818 489 et
835 450 938 491 conca-
952 440 980 504 Α
1029 436 1162 492 Miramur
1176 436 1359 493 temeritatem
1373 444 1399 492 et
1410 437 1586 497 insolentiam
1597 444 1789 515 praesumptio·

142 526 274 582 conicum
294 533 416 582 vesmum
438 540 504 582 cum
524 525 599 582 omni
619 525 804 583 benevolentia
823 534 850 583 et
870 526 940 584 dile·
995 529 1148 586 nisvestrae
1162 528 1253 602 quod,
1269 538 1365 586 ccntm
1376 529 1418 587 las
1432 539 1460 587 et
1473 535 1788 594 excommunicationem

142 619 230 676 ctione
247 619 412 691 suscipiatis,
426 626 455 674 et
468 634 517 674 sua
536 618 586 704 sibi
598 620 703 693 integre
716 620 875 689 restituatis,
895 636 935 677 re·
987 623 1172 694 apostolicam
1180 622 1531 691 vobisdelatam,abbatiam
1537 627 1696 697 Dolensem,
1705 645 1789 702 quam

141 713 287 770 mittentes
300 711 388 779 vobis,
398 713 459 784 ipsc
472 711 569 769 eedem
584 713 792 782 interveniente,
807 713 939 787 quidquid
993 714 1022 770 in
1038 716 1149 771 tutelam
1164 716 1294 772 hactenus
1310 717 1453 787 habuistis,
1468 718 1526 775 imo
1539 720 1622 775 etiam
1635 722 1786 789 [invasistis

140 805 223 864 ineo
248 813 279 863 ct
293 805 373 862 nobis
395 805 556 877 deliquistis,
582 821 616 863 eo
642 805 769 863 videlicet
789 814 882 864 tenore
903 823 940 865 ne
994 808 1051 865 imo
1067 813 1104 879 et]
1115 808 1150 865 ad
1166 809 1313 866 cumulum
1331 809 1554 869 detrimentitam
1568 813 1723 872 animarum
1744 832 1790 874 vc·

142 897 272 971 inceps
289 905 385 955 conca
399 906 493 955 nostra
508 907 536 955 et
556 908 715 956 sanctorum
736 916 873 957 monum
893 899 939 958 de
993 905 1496 976 strarumquamcorporum,abiecto
1514 922 1644 979 ecquem
1660 910 1787 967 manibus

139 1000 211 1050 erata
228 1007 312 1065 agere
334 991 518 1064 praesumatis.
536 992 619 1062 Quod
638 993 662 1049 si
675 991 764 1050 iacere
782 994 938 1069 neglexeri·
993 996 1120 1069 propriis,
1135 998 1195 1053 Deo
1209 997 1327 1065 volente,
1342 995 1420 1054 vobis
1434 998 1463 1053 in
1476 999 1605 1057 abbatem
1619 1004 1787 1060 consecravi·

139 1091 171 1149 tis
189 1090 280 1164 (quod
292 1090 387 1159 absit),
401 1105 566 1163 rursumque
579 1090 683 1148 clamor
697 1090 732 1148 ad
755 1107 807 1149 nos
829 1108 878 1149 seu
902 1092 938 1150 ad
993 1105 1067 1155 mus,
1086 1090 1259 1147 Gualterium
1277 1090 1430 1147 invasorem
1443 1092 1688 1165 irrecuperabiliter
1702 1096 1787 1169 depo·

139 1184 271 1241 tiendum
299 1191 425 1241 nostrum
451 1184 633 1241 venerabilem
662 1184 755 1242 virum
787 1189 936 1259 lingonem
992 1184 1114 1252 suimus,
1136 1192 1165 1240 et
1190 1184 1216 1240 ei
1230 1200 1275 1241 res
1294 1185 1415 1242 ecelesiae
1433 1185 1546 1258 suisque
1559 1185 1712 1247 fautoribus
1735 1191 1788 1248 sub

141 1278 272 1336 Diensem
282 1278 442 1350 episcopum
460 1277 575 1346 venerit,
592 1285 621 1335 et
636 1278 755 1349 gratiam
769 1281 803 1335 B.
823 1279 897 1336 Petri
912 1287 939 1336 et
992 1276 1274 1334 excommunicatione
1303 1276 1504 1334 interdiximus.
1531 1278 1668 1337 confratri
1695 1290 1788 1340 autem

140 1378 263 1429 cosmam
280 1369 412 1443 perdetis,
429 1378 458 1427 et
471 1387 522 1428 nos
534 1371 649 1428 ulterius
659 1371 736 1429 nullo
746 1372 831 1430 modo
851 1373 938 1445 petie·
991 1378 1086 1427 nostro
1106 1368 1281 1427 Wormundo
1302 1371 1449 1428 Viennensi
1469 1371 1676 1446 archiepiscopo
1700 1375 1786 1432 abba-

142 1481 200 1522 nur
207 1465 324 1533 inultos,
338 1463 397 1533 sed,
407 1463 477 1522 sicut
485 1462 601 1538 dignum
611 1463 703 1534 luerit,
717 1465 808 1539 gladio
818 1469 851 1523 B.
864 1467 937 1523 Petri
991 1463 1061 1519 tiam
1077 1462 1225 1520 Dolensem
1239 1464 1440 1532 concessimus,
1455 1465 1512 1522 imo
1526 1465 1710 1524 reddidimus.
1731 1471 1788 1526 Vos

143 1566 335 1630 contemptum
346 1566 474 1615 nostrum
485 1557 695 1615 vindicabimus.
783 1566 789 1577 '
990 1572 1056 1630 ergo
1069 1572 1224 1626 monemus,
1237 1565 1265 1613 et
1277 1556 1426 1629 apostolica
1434 1560 1596 1617 ancoritate
1610 1561 1787 1634 praecipimus

169 1653 240 1709 nara
253 1653 366 1723 Romae,
380 1650 505 1709 secundo
522 1650 589 1708 ldus
600 1652 703 1723 Martii,
719 1651 778 1709 ind.
798 1666 836 1710 vr.
990 1660 1021 1708 ut
1035 1648 1142 1723 abjecto
1151 1650 1283 1707 invasoris
1296 1649 1419 1723 predicti
1430 1652 1567 1721 dominic,
1577 1653 1669 1710 abbati
1682 1666 1784 1725 vestro,

381 1759 560 1816 gpqg‘mgg
580 1759 698 1816 xxqu
987 1743 1049 1816 jure
1061 1744 1205 1813 canonico,
1221 1744 1395 1801 Wormundo
1416 1746 1559 1802 Viennensi
1579 1747 1785 1822 archiepiscopo

233 1875 280 1918 A„
293 1874 461 1919 „menos
474 1875 622 1918 „oum
635 1876 702 1919 ¹01,
703 1876 836 1920 mm·
954 1817 979 1882 Β
991 1838 1096 1895 ducere
1109 1845 1204 1894 mente
1217 1845 1244 1893 et
1258 1852 1328 1910 puro
1346 1838 1429 1895 corde
1448 1838 1590 1896 obediatis.
1609 1840 1726 1911 Quodsi
1741 1859 1785 1900 re·

435 1957 529 2024 (Anno
553 1955 643 2027 1079.)
988 1930 1072 1987 belles
1084 1933 1183 1987 Decet
1197 1929 1277 1986 beato
1290 1932 1372 1987 Petro
1386 1930 1414 1986 in
1434 1930 1477 1987 his
1494 1932 1623 2005 deinceps
1635 1932 1754 2003 fueritis,
1768 1953 1785 1993 a

146 2060 263 2130 W
275 2063 317 2126 u„
333 2062 423 2113 amm
437 2059 584 2121 mum-⁰,
599 2074 677 2129 quem
689 2061 720 2114 in
730 2059 855 2114 abbatem
872 2075 934 2116 con·
988 2023 1136 2081 Dominica
1144 2023 1232 2095 prima
1241 2031 1304 2096 post
1312 2026 1506 2093 Pentecosten,
1515 2025 1624 2083 scilicet
1632 2027 1663 2082 in
1670 2030 1783 2099 octavis,

171 2135 216 2186 m
229 2133 531 2186 mmo-necationem
545 2131 691 2199 elegerant,
713 2133 811 2200 quipus
831 2133 861 2185 in
877 2147 936 2187 coc·
988 2133 1054 2175 cum
1073 2117 1241 2175 Dolensibus
1255 2117 1410 2186 monacbis,
1425 2117 1478 2174 nisi
1493 2118 1678 2176 satisfecerint
1691 2137 1785 2178 coram

172 2201 386 2286 sttcdepositus
400 2203 504 2285 [nont.
520 2203 694 2257 Viennensem
704 2203 935 2287 archiepiscopum
988 2211 1088 2268 vicario
1099 2220 1195 2268 nostro
1207 2213 1323 2285 lingone
1337 2211 1430 2268 Diensi
1444 2212 1569 2284 episcopo
1580 2213 1723 2283 Valentiae,
1737 2232 1786 2273 vos

170 2272 776 2415 ffmamffisswggfflffifflffl
787 2273 936 2413 ἕξεὲᾱοῑὲξ·
989 2303 1266 2361 excommunicationi
1285 2303 1472 2376 subjacebitis.
1491 2305 1521 2361 Si
1538 2313 1631 2362 autem
1650 2307 1785 2378 patrive-

169 2414 266 2479 m3
276 2416 427 2483 siminus,
439 2417 738 2471 ,mmmmm
750 2384 780 2470 ἦ,
791 2430 836 2470 30,
848 2415 935 2472 pagam
988 2405 1045 2454 stro
1062 2397 1207 2470 spirituali,
1231 2395 1363 2453 coniratri
1380 2395 1477 2454 ndstro
1500 2398 1679 2456 Wormundo
1700 2401 1783 2458 Vien-

169 2500 197 2543 ee
207 2489 436 2556 coenaculorum
448 2488 499 2542 cit.
989 2491 1069 2547 nensi
1087 2491 1301 2563 archiepiscopo,
1318 2489 1501 2547 obedientiam
1514 2500 1542 2548 et
1559 2493 1694 2550 auxilium
1708 2495 1783 2551 exbi-

169 2588 351 2646 Gxnaontns
363 2589 631 2660 episcopusservus
640 2604 785 2646 servorum
797 2588 860 2658 Dei,
873 2604 935 2645 mo·
989 2582 1115 2653 bueritis,
1129 2583 1245 2657 gratiam
1264 2584 1316 2639 Del
1330 2592 1358 2640 et
1377 2582 1450 2640 beati
1469 2585 1543 2640 Petri
1564 2587 1731 2658 percipietis.
1746 2591 1786 2646 Te

144 2682 230 2739 cents
250 2681 381 2739 Dolensis
402 2682 573 2738 monasterii.
988 2686 1093 2745 autem,
1108 2675 1265 2749 Rodulphe,
1275 2676 1337 2748 quia
1346 2677 1425 2732 iubis
1439 2677 1499 2748 plns
1512 2680 1620 2735 caeteris
1632 2680 1680 2736 tibi
1694 2696 1710 2737 a
1725 2686 1785 2739 Deo
1835 2686 1838 2693 '

168 2775 310 2834 llovmitis
335 2776 522 2844 Gualterium,
541 2791 624 2848 quem
650 2775 728 2833 vobis
752 2776 780 2832 in
805 2774 934 2834 abbatem
989 2787 1117 2829 concessa
1129 2778 1171 2826 est
1183 2777 1316 2841 potestas,
1328 2778 1497 2842 rogamuste
1510 2779 1537 2826 et
1552 2772 1738 2844 precipimus,
1753 2784 1786 2832 ut

143 2878 232 2928 muna
248 2869 566 2926 excommunicationem
580 2870 737 2941 apostolicae
751 2869 824 2927 sedis
833 2870 936 2927 consti·
989 2882 1053 2923 eum
1066 2865 1096 2921 in
1113 2863 1252 2921 abbatiam
1266 2862 1325 2918 sine
1337 2860 1512 2919 simulatione
1524 2870 1553 2919 et
1567 2863 1632 2921 dolo
1644 2867 1782 2936 restituas,

142 2962 232 3032 nem,
252 2961 453 3019 collaudatione
469 2962 588 3019 Romani
609 2961 718 3018 concilii
735 2978 751 3019 a
766 2962 847 3020 nobis
864 2963 937 3019 irre·
989 2969 1018 3016 et
1029 2957 1114 3014 totius
1128 2958 1178 3013 irae
1191 2954 1248 3012 sive
1262 2953 1407 3012 discordiae
1422 2955 1532 3025 oblitus,
1547 2957 1573 3012 ei
1587 2965 1618 3012 ut
1631 2957 1704 3014 lilius
1718 2959 1785 3015 cha·

141 3056 328 3129 reparabiliter
349 3070 409 3112 esse
426 3053 597 3128 depositum,
614 3063 662 3125 et,
674 3056 696 3112 si
711 3054 746 3112 de
758 3054 935 3114 administra·
990 3053 1116 3111 rissimus
1133 3049 1289 3116 mnaseas,
1305 3057 1440 3121 quatenus
1455 3050 1569 3122 gratiam
1585 3053 1636 3106 Dei
1650 3060 1679 3107 et
1692 3068 1785 3123 pecca·

140 3149 205 3208 tione
215 3149 337 3205 abbatias
350 3158 447 3206 vestras
459 3165 487 3205 se
501 3149 624 3215 ulterius,
637 3149 753 3221 cognitis
768 3149 812 3206 his
826 3150 935 3219 litteris,
989 3154 1084 3203 torum
1094 3154 1210 3203 tuorum
1219 3142 1418 3216 indulgentiam
1430 3142 1466 3198 ab
1479 3144 1539 3215 ipso
1549 3144 1593 3200 cui
1603 3143 1667 3202 data
1681 3155 1726 3203 est
1737 3163 1785 3218 po·

140 3241 328 3307 innomiserit,
346 3242 459 3299 omnino
481 3241 791 3299 excommunicandum.
814 3245 937 3316 Quapro·
991 3248 1075 3297 testas
1088 3237 1192 3310 ligandi
1206 3245 1290 3309 atque
1303 3234 1426 3292 solvendi
1436 3236 1580 3308 percipies.

139 3344 191 3408 pter
201 3336 359 3408 apostolica
370 3336 450 3392 vobis
463 3336 628 3393 auctoritate
639 3335 817 3408 praecipimus
830 3344 862 3392 ut
876 3353 937 3393 con·

138 3427 254 3487 tratrem
266 3437 396 3485 noenum
416 3428 625 3486 Wormundum
645 3429 829 3486 Viennensem
847 3429 937 3486 archi·

139 3524 312 3596 episcopum,
326 3537 408 3595 quem
422 3522 500 3578 vobis
514 3523 544 3577 in
557 3521 697 3589 abbatem,
712 3525 772 3579 Deo
786 3531 936 3590 annuente,

139 3616 338 3683 ordinavimus,
358 3616 418 3693 sine
431 3615 508 3672 omni
522 3615 741 3673 contradictione
761 3615 933 3688 suscipiatis,

140 3711 190 3766 etei
199 3709 277 3766 scut
290 3708 360 3780 patri
371 3716 399 3764 et
412 3709 504 3765 abbati
518 3709 674 3781 peremnia
690 3717 749 3766 toto
763 3708 855 3766 cordis
869 3709 937 3766 aiic-

142 3810 179 3859 ttu
189 3801 352 3860 obediatis:
370 3810 398 3858 et
412 3803 478 3874 quia
489 3802 695 3859 nonmodioum
708 3818 758 3874 pro
777 3801 937 3860 inobedien-

141 3895 173 3951 tit
184 3903 276 3952 vestra
291 3894 445 3952 incurristis
458 3893 601 3964 delictum,
618 3895 792 3968 precipimus
803 3896 891 3963 vobis,
904 3905 936 3952 ut

142 3987 282 4046 licminim
295 3988 384 4061 prima
399 3995 462 4061 post
475 3991 664 4055 Pentecosten,
679 4004 709 4045 sc
721 3988 795 4045 ilicet
814 3989 842 4045 in
856 4000 935 4046 octa-

144 4080 188 4148 vis,
210 4097 309 4139 coram
322 4082 427 4139 vicario
441 4090 536 4138 nostro
556 4084 674 4154 Hugone
693 4082 795 4138 Diense
808 4082 935 4155 episcopo

144 4174 313 4237 misfacmri,
324 4175 459 4232 Valentiae
475 4175 600 4233 videlicet
614 4175 676 4232 urbi
693 4190 742 4231 vos
754 4184 932 4247 repraesente-

147 4265 182 4336 tis,
197 4274 228 4325 et
240 4267 317 4340 quod
327 4269 385 4340 ipse
398 4269 476 4325 vobis
493 4269 652 4340 preceperit
671 4268 827 4325 obedienter
842 4278 937 4327 tenea-

148 4358 183 4417 i'u.
194 4361 279 4432 Quod
295 4363 319 4417 si
332 4362 386 4434 ipsi
399 4361 498 4434 spiritu
512 4362 650 4433 superbiae
667 4361 711 4418 his
725 4363 826 4419 nostris
840 4364 937 4424 litteris

1024 3337 1095 3389 Data
1109 3335 1223 3400 Romae,
1237 3329 1345 3387 decimo
1363 3330 1444 3386 tertio
1465 3330 1530 3386 llal.
1550 3331 1669 3402 Aprilis,
1685 3332 1783 3392 indict.

990 3425 1120 3485 secunda.

1229 3521 1407 3578 splstona
1432 3522 1544 3579 XXlX.

1087 3639 1129 3682 an
1148 3635 1327 3681 sanrsnauu
1340 3636 1560 3679 uuuoanonnrt
1574 3639 1688 3682 escam.

1285 3719 1376 3781 (Anno
1397 3719 1489 3782 tote.)

989 3824 1066 3890 tteqe
1090 3821 1255 3875 devotionem
1278 3830 1344 3888 erqn
1365 3818 1453 3872 sedem
1475 3818 1651 3887 apostolicum
1677 3821 1783 3876 laudnt.

1025 3895 1135 3950 Comites
1149 3890 1283 3960 quosdam
1297 3902 1328 3942 cc
1348 3890 1449 3945 milites
1462 3890 1574 3944 ecclesie
1584 3892 1672 3959 fideles
1686 3892 1787 3962 injuste

1025 3966 1055 4019 ic
1069 3963 1199 4018 cnsilium
1216 3961 1348 4029 reteqctos
1360 3961 1534 4016 commendet.
1553 3961 1600 4016 Ac
1617 3964 1785 4018 ecclesiarum

1023 4035 1205 4160 {clericionem
1214 4033 1353 4104 meatur,
1364 4030 1517 4104 legatosque
1529 4031 1567 4087 ud
1581 4047 1609 4088 se
1622 4036 1729 4090 mittere
1737 4033 1785 4104 ju·

1041 4111 1076 4161 et.

1024 4209 1198 4265 Gnncomus
1212 4207 1364 4280 episcopus,
1380 4222 1474 4263 servus
1491 4221 1635 4263 servorum
1648 4206 1710 4276 Dei,
1728 4210 1786 4266 La·

990 4316 1097 4361 umato
1119 4305 1315 4374 Hungarorum
1335 4301 1394 4373 regi
1414 4299 1532 4356 salutem
1553 4308 1582 4354 et
1600 4301 1781 4371 apostolicam

990 4395 1218 4453 benedictionem.

149 4450 324 4512 immi‘m
346 4454 465 4521 summ*
490 4455 803 4513 ‘¹⁰⁰mmunioet50mm
825 4474 841 4514 ⁸
864 4475 937 4531 ΡΜ·
1026 4490 1104 4547 Sicut
1122 4486 1245 4544 bdelium
1267 4485 1488 4544 tuorumcrebra
1506 4485 1642 4542 relatione
1655 4489 1785 4559 cognovi-

151 4541 192 4603 iato
202 4548 308 4604 vicario
319 4555 415 4605 nostro
435 4563 518 4620 super
528 4564 579 4605 ros
596 4547 699 4606 iactam
719 4549 812 4608 abillo
826 4551 871 4610 die
883 4568 935 4610 nos
949 4549 974 4611 ii

152 4641 315 4698 ntdrmasse
327 4639 514 4697 indubitanter
525 4641 628 4698 sciatis.
680 4676 683 4681 -

177 4734 241 4792 licta
253 4739 367 4799 Romae.
383 4743 479 4792 octavo
493 4735 571 4809 [1111]
586 4736 725 4794 Kalendas
735 4738 848 4810 Aprilis,
862 4738 933 4795 indi·

154 4824 227 4886 tiene
247 4827 380 4887 munda.

369 4932 548 4989 EPlSTOLA
567 4933 702 4988 XXVlll.

276 5047 319 5090 sn
334 5037 409 5102 (³97)
422 5048 549 5092 rcnrnss
563 5048 789 5091 ersunrcnrvsns.

437 5128 529 5199 (Anno
545 5128 637 5199 tcta.)

376 5229 507 5302 Ejusdem
527 5232 694 5301 crqcmenti.

178 5330 357 5390 descensus
368 5331 523 5404 episcopus,
535 5346 629 5389 servus
643 5346 786 5389 servorum
795 5331 859 5401 Dei,
873 5333 936 5389 llo-

154 5430 269 5490 tutrrro‚
290 5426 406 5491 oront,
418 5427 554 5493 Errosr,
572 5427 737 5492 Uscanae,
758 5429 934 5495 Enniano,

152 5506 644 5588 mzor1,Greanno,Ananaanc,et
656 5520 760 5576 caeterb
768 5518 936 5591 principibus

150 5604 409 5685 buneamgionis,
428 5612 588 5669 salutemet
608 5613 789 5684 apostolicam
810 5611 936 5670 benedic·

148 5698 257 5774 neem,
273 5704 299 5763 sl
310 5704 477 5763 obedierint.

174 5855 245 5929 (m)
258 5855 400 5931 Ptincipes
411 5855 531 5931 moab
542 5855 683 5916 Biturica.

989 4599 1063 4649 mus,
1088 4580 1218 4653 idemque
1240 4581 1328 4653 ipsum
1349 4579 1448 4635 nostris
1471 4578 1667 4635 attestantibus
1691 4589 1784 4638 ratum

986 4676 1130 4744 habemus,
1147 4673 1304 4731 excellentia
1319 4682 1365 4728 tua
1381 4671 1416 4729 ad
1436 4670 1611 4729 serviendum
1627 4671 1706 4731 beato
1728 4676 1784 4732 Pe-

987 4778 1042 4838 tro,
1064 4765 1298 4840 quemadmodum
1316 4764 1442 4839 religiosa
1463 4772 1584 4837 potestas
1597 4765 1689 4835 debet,
1704 4778 1734 4825 et
1748 4768 1783 4825 ad

987 4859 1171 4919 obediendum
1194 4859 1274 4916 nobis
1287 4867 1319 4914 ut
1334 4858 1473 4916 liberalem
1492 4857 1583 4915 tilium
1603 4858 1699 4930 decet,
1721 4848 1783 4924 toto

986 4953 1089 5012 aflectu
1099 4961 1127 5009 et
1138 4952 1230 5009 cordis
1243 4949 1395 5008 intentione
1407 4959 1499 5024 parata
1515 4959 1568 5008 est.
1592 4953 1674 5011 Unde
1693 4956 1780 5014 nimi·

987 5066 1050 5107 mm
1069 5047 1245 5105 devotionem
1259 5045 1357 5102 mentis
1374 5054 1429 5102 tuae
1445 5061 1528 5118 mper
1547 5046 1601 5102 hoc
1618 5047 1708 5105 sudio
1727 5067 1785 5107 non

987 5141 1098 5215 indigne
1109 5139 1253 5197 laudamus
1263 5138 1694 5211 eiqucsincerecongratulamur
1704 5143 1780 5213 quod

988 5234 1100 5308 quidem
1122 5233 1292 5305 optimorum
1305 5247 1404 5305 regum
1425 5230 1568 5303 sequendo
1587 5234 1701 5307 vestigia
1722 5235 1785 5293 illn-

988 5336 1067 5395 strat,
1091 5325 1224 5384 servando
1242 5333 1301 5381 mm
1321 5325 1351 5381 in
1374 5325 1497 5382 moribus
1520 5340 1649 5383 normam
1666 5326 1783 5401 justitiae

988 5436 1072 5495 quam
1096 5421 1180 5476 etiam
1194 5419 1295 5475 lineam
1308 5416 1460 5475 nobilitatis
1484 5419 1514 5474 in
1535 5420 1677 5492 sanguine.
1692 5422 1782 5493 igitur
1891 5424 1900 5433 ‘

988 5514 1050 5588 quia
1073 5512 1108 5569 de
1130 5512 1300 5569 celsitudinis
1322 5518 1378 5568 tuae
1392 5510 1553 5568 liberalitate
1575 5520 1603 5568 et
1625 5512 1783 5570 obedientia

989 5608 1055 5665 satis
1074 5604 1252 5674 confidimus,
1280 5604 1315 5661 ad
1344 5603 1476 5677 quiddam
1505 5612 1607 5661 nosue
1637 5605 1783 5662 universali

989 5700 1163 5760 sollicitudini
1189 5713 1354 5773 congruens,
1372 5696 1448 5773 quod
1472 5697 1573 5755 honori
1599 5710 1708 5773 quoque
1734 5705 1783 5753 tuo
