3870 6164
71 278 142 335 issa
495 276 667 334 sennan.
688 279 732 337 ιιι.
751 308 788 324 -
805 280 1015 339 noanneane
1034 278 1265 338 assonarent.
1505 284 1511 291 ’
1649 285 1717 343 test
1765 238 1769 249 ’

69 405 159 476 saepto
170 417 223 458 cors
233 402 344 474 pariter
353 415 496 474 peuersu
504 403 626 474 modum,
636 411 780 478 rrecpctest
789 410 866 477 retu-
879 410 908 477 Α
923 423 979 465 non
999 406 1144 481 expetisse.
1169 409 1229 463 Nec
1247 403 1302 463 boc
1322 402 1384 464 sine
1396 404 1496 463 intimo
1517 406 1609 466 cordis
1620 406 1719 468 dolore

69 500 128 555 tori
137 497 302 569 pemermtos
310 497 437 568 complice
445 501 635 569 peuersitotis
646 500 774 558 mnaso.
787 502 869 573 Lepi·
923 502 1109 570 considerent,
1123 500 1236 575 quantis
1257 492 1361 557 oliendi
1376 504 1468 558 Deum
1477 500 1633 573 praebeant,
1647 520 1718 577 ques

36 620 39 625 ·
70 593 120 649 dus
133 592 312 648 cerciores
325 593 469 647 emmaum
483 594 589 665 moscii,
602 599 815 667 acceptaremus
824 598 869 653 lo·
922 596 964 654 vel
978 612 1028 653 sua
1041 597 1237 654 communione
1248 595 1462 662 commaculant,
1475 597 1517 653 vel
1530 611 1581 653 suo
1592 599 1718 673 exemplo

70 686 265 744 troeioontium
279 687 345 756 puri
357 685 529 755 iudiciorum
545 703 626 758 portu
650 693 866 762 constriguntur,
922 688 1717 763 docentusexcommunicationeminciderenontimsant.

68 796 117 838 nec
129 794 229 850 erpere
241 780 362 835 eiramis
382 782 542 851 momatur,
554 783 681 852 quilibet
693 785 752 855 ipse
764 788 869 855 oonte-
921 783 1065 855 Accipient
1078 799 1144 856 ergo
1156 799 1256 840 sanum
1269 784 1417 841 consilium
1431 792 1459 840 et
1472 784 1507 842 ad
1521 785 1718 844 reconciliatio·
1755 830 1767 853 ,

69 876 147 943 uerit,
154 875 375 943 sociastistomen
381 875 602 942 {amauritotem
609 867 754 950 fedusque
759 882 865 951 reecpit.
921 892 988 934 nem
997 877 1137 946 festinent,
1145 893 1179 934 ne
1192 875 1360 950 quandoque
1372 893 1437 934 cum
1448 878 1549 937 Acacio
1559 895 1719 939 excommn-

69 968 145 1026 Sicut
159 967 243 1040 igitan
260 967 482 1025 communicator
496 966 565 1026 iuris
578 968 675 1027 eadem
689 969 868 1031 damnatione
921 970 1092 1028 nicationem
1106 977 1241 1043 cogantur
1253 969 1331 1026 inviti
1353 971 1421 1043 pati,
1436 987 1491 1045 qua
1500 972 1668 1044 jamdudum
1686 989 1719 1032 so

68 1060 207 1121 munsture
227 1062 372 1130 multatur,
387 1061 565 1120 nibilominus
586 1066 808 1123 communicator
821 1082 867 1125 ex·
920 1079 970 1122 sua
979 1072 1079 1136 sponte
1087 1079 1145 1121 non
1153 1063 1307 1121 timuerunt
1319 1063 1452 1138 obligare.
1463 1065 1546 1124 Plura
1555 1066 1608 1124 tibi
1621 1067 1656 1125 dc
1665 1067 1719 1125 bac

33 1230 37 1234 Α
68 1155 264 1215 communicati
284 1170 349 1212 cum
373 1154 473 1212 eodem
497 1155 595 1225 eadem
617 1157 695 1217 lance
707 1157 866 1218 damnatur.
911 1173 952 1215 ,re
964 1158 1086 1216 scribere
1099 1174 1220 1232 possem,
1237 1156 1448 1230 siepistnlarem
1460 1158 1623 1218 brevitatem
1634 1178 1718 1221 exee-

42 1239 47 1245 ’
68 1254 225 1309 manum
236 1247 635 1321 damnatiocxeommunictti,
651 1250 827 1325 quodaDeo
839 1262 868 1311 et
919 1251 986 1310 dero
998 1268 1055 1310 non
1068 1252 1208 1310 timerem.
1223 1251 1277 1310 Sed
1298 1259 1327 1309 et
1348 1252 1463 1323 sapienti
1484 1262 1528 1311 sat
1548 1253 1654 1313 dictum
1677 1255 1715 1312 ri-

68 1334 203 1403 memb'ris
219 1342 279 1416 ejus
298 1352 493 1416 sequestratur.
517 1346 559 1401 lu
573 1345 632 1417 ipse
653 1354 771 1405 contexe
791 1347 866 1420 quod
920 1345 1013 1405 denir.

67 1438 324 1512 sequiturmempe
333 1440 382 1495 ss.
394 1440 487 1495 Patres
498 1439 746 1498 communicatores
757 1456 867 1499 excom·
1198 1439 1380 1497 esistunt
1399 1440 1436 1496 11.

68 1531 273 1589 mementorum
295 1545 374 1604 mque
392 1532 689 1590 ntexcommunicatos
710 1533 773 1591 ideo
790 1534 867 1593 devi-
1222 1550 1265 1595 tn
1281 1552 1423 1596 anunm.

68 1625 121 1683 aa
135 1624 291 1695 voluerunt
305 1625 370 1700 qua
384 1624 772 1701 aetamqoaaquaapeos
787 1628 866 1687 bm-
920 1646 958 1700 ne
971 1639 1493 1704 matesemmucraaternmettaneo,
1506 1643 1532 1697 a
1545 1639 1719 1700 nausea

66 1728 211 1789 naverunt,
231 1718 397 1777 babuerunt.
1113 1714 1224 1785 ejusque
1240 1713 1515 1770 communicatoribus.

104 1816 152 1872 lv.
167 1814 241 1871 nine
252 1815 286 1870 B.
301 1813 427 1871 Gelasius
438 1813 474 1871 ad
486 1813 633 1887 praedictus
644 1816 788 1890 episcopos
800 1789 904 1876 scri·B
955 1818 1077 1875 Domino
1087 1817 1275 1875 acvenerebili
1284 1818 1342 1874 viro
1351 1820 1518 1875 Rsccnortt
1531 1818 1717 1875 Bnautnnus

68 1906 284 1966 bensdeeodem
291 1907 393 1964 tenuo
403 1907 470 1978 (loc.
481 1911 529 1966 cit.
539 1925 601 1983 pag.
613 1914 713 1980 tttsl:
728 1913 809 1982 Quid,
822 1913 865 1970 in·
919 1912 1061 1986 presbyter
1072 1911 1212 1985 indignus.

67 2002 142 2075 quit,
157 2006 309 2075 queruntur
328 2002 457 2058 Ancum
470 2019 488 2058 a
501 2004 578 2059 nobis
591 2005 677 2072 misse
693 2005 864 2073 demnatum,
955 2009 979 2062 1.
990 2006 1109 2063 biultum
1123 2005 1210 2061 miror
1222 2019 1273 2061 eur
1282 2012 1394 2062 tantum
1409 2004 1439 2061 in
1456 2003 1632 2062 rescribendo
1644 2004 1719 2062 labo-

65 2112 127 2154 cum
141 2102 247 2167 receptu
265 2099 445 2153 mmmuueboe
455 2098 531 2152 Petri
541 2113 570 2154 se
583 2098 710 2154 doceatur
722 2101 779 2171 ipsc
791 2101 867 2156 done
918 2099 1032 2167 raseris,
1046 2113 1110 2155 eum
1124 2112 1295 2170 nequaquam
1309 2097 1490 2154 assertionem
1504 2107 1580 2154 tuam
1595 2095 1631 2154 de
1642 2114 1720 2156 com·

65 2194 165 2247 nosse?
177 2188 260 2248 Unde
274 2196 302 2246 et
320 2192 353 2246 B.
366 2189 441 2248 Felix
458 2205 535 2264 papa,
547 2191 595 2264 qui
610 2193 742 2249 Acacium
755 2193 867 2250 anathe-
920 2193 1051 2250 munione
1065 2191 1367 2250 excommunicatorum
1375 2189 1582 2263 eppmbaveris.
1597 2191 1721 2249 Nullats·

66 2284 219 2354 matimsit,
229 2284 360 2342 incudem
370 2284 507 2341 sententia
519 2284 661 2358 signanter
668 2287 760 2359 posuit
773 2291 863 2359 (epist.
918 2303 972 2349 nus
983 2287 1059 2345 enim
1071 2286 1322 2344 communicatores
1335 2285 1641 2342 excommunicatorum
1651 2285 1719 2342 reci-

65 2384 96 2447 0,
109 2378 129 2435 l.
144 2393 181 2449 c.,
198 2395 226 2449 p.
241 2383 326 2446 1704)
340 2398 346 2435 :
363 2380 447 2443 Hebe,
457 2378 555 2450 inquit,
568 2395 629 2436 cum
638 2381 691 2449 bis,
705 2396 772 2450 quos
785 2383 866 2438 libea-
919 2380 1036 2454 piandos
1045 2380 1103 2438 iore
1116 2379 1250 2452 probasti,
1262 2381 1319 2436 imo
1329 2393 1377 2436 eos
1386 2377 1720 2451 subapcstclicaeexcom·

65 2478 108 2530 ter
121 2474 299 2545 amplecteris,
311 2475 462 2546 portionem
466 2492 477 2541 ,·
490 2471 519 2528 id
540 2481 582 2529 est
597 2488 664 2530 cum
677 2476 864 2532 excommuni·
919 2474 1115 2531 manicationis
1125 2473 1291 2546 obligatione
1305 2472 1457 2529 dimisisti:
1473 2471 1545 2530 unde
1558 2481 1586 2530 et
1599 2488 1651 2547 ego
1663 2473 1719 2530 tuis

65 2566 151 2637 estias
165 2582 199 2624 ac
211 2567 234 2624 si
245 2565 350 2624 diceret
363 2584 371 2623 s
384 2569 450 2625 Non
464 2574 524 2625 tam
536 2582 637 2624 novam
650 2569 866 2626 excommunica·
918 2570 1026 2641 scriptis
1040 2583 1090 2641 per
1107 2568 1201 2625 enanis
1215 2565 1383 2639 respondere
1396 2581 1455 2623 non
1473 2567 1658 2627 neeessanum
1674 2566 1721 2641 ju-

65 2662 174 2720 tionem
182 2660 437 2734 superteiacimus,
450 2667 663 2734 quamveterem
687 2670 865 2735 quateeom·
918 2661 1018 2720 dicari.
1207 2730 1210 2735 ,
1453 2736 1456 2740 ι

63 2753 863 2825 municandoexcommunicatisinnodasti,confirmamus.
955 2757 992 2812 11.
1007 2757 1051 2811 De
1065 2753 1159 2811 osculo
1177 2751 1482 2810 excommunicatorum
1502 2749 1617 2810 vitando
1639 2750 1720 2811 iacile

64 2848 140 2904 Nam
158 2861 226 2903 cum
246 2846 340 2902 omnis
351 2844 607 2903 excommunicatus
619 2853 697 2903 extra
712 2847 864 2906 Ecclesiam
917 2865 970 2908 nos
981 2855 1125 2907 excusatos
1135 2855 1224 2921 putas,
1239 2862 1272 2903 eo
1284 2844 1359 2920 quod
1375 2845 1404 2903 in
1417 2844 1586 2918 quibusdam
1599 2845 1720 2904 decretis

62 2939 114 3008 sit,
133 2938 277 3012 nullusque
289 2939 371 2997 simul
395 2939 469 2997 intra
492 2946 521 2996 et
543 2947 619 2997 extra
633 2955 693 2997 esse
707 2941 804 3014 possit,
819 2940 864 2999 ille
918 2951 946 3000 te
959 2941 1030 3000 illud
1044 2958 1101 3000 non
1118 2939 1254 2997 invenisse
1264 2939 1392 3009 testarir3
1404 2954 1438 2996 ac
1451 2938 1473 2996 si
1489 2937 1639 3011 apostoliea
1659 2946 1719 2997 sta·

63 3031 253 3091 indubitanter
272 3047 302 3090 se
320 3032 482 3090 acatholica
496 3033 601 3090 unitate
615 3042 738 3108 separat,
748 3034 864 3108 quisun-
917 3045 976 3094 tuta
986 3052 1065 3094 suam
1078 3035 1265 3110 integritatem
1272 3033 1396 3091 obtinere
1407 3048 1464 3090 non
1476 3030 1597 3101 valeant,
1609 3032 1718 3091 edumei

64 3113 120 3201 que
133 3142 166 3186 sc
177 3126 212 3184 ab
227 3127 529 3185 excommunicatorum
542 3127 738 3186 communione
750 3144 807 3186 non
818 3145 861 3185 se·
877 3147 900 3212 c
916 3148 948 3189 ea
968 3130 1083 3204 quilibet
1106 3126 1257 3187 mendosus
1277 3127 1348 3186 iiber
1369 3127 1463 3185 minus
1483 3127 1591 3199 integre
1604 3124 1716 3184 babeat

64 3229 199 3295 queamus.
208 3222 275 3279 lure
283 3236 373 3295 ergoa
383 3221 531 3280 catholicis
542 3221 700 3280 devitantur
710 3231 741 3279 ut
753 3238 862 3280 excom·
917 3228 989 3283 llam
1002 3226 1031 3282 in
1044 3223 1278 3282 emendatioribus
1291 3231 1321 3280 et
1330 3221 1460 3296 plenariis
1478 3220 1682 3294 exemplaribus
1694 3222 1718 3279 si

63 3315 210 3385 muniati,
225 3315 273 3389 qui
292 3315 328 3372 ab
345 3316 647 3373 excommunicatorum
668 3314 864 3375 communione
915 3317 1068 3394 quaesieris,
1090 3317 1183 3390 ipsum
1207 3317 1333 3374 osculum
1359 3317 1391 3374 in
1413 3315 1533 3373 decretis
1555 3317 1586 3373 S.
1611 3314 1739 3373 callet,

63 3423 124 3467 non
136 3416 203 3468 sunt
224 3410 396 3484 mqtrestrati.
422 3411 481 3468 Hoc
493 3419 587 3468 autern
601 3410 807 3485 diligentissime
821 3419 863 3469 at·
917 3428 1005 3486 papae,
1018 3419 1048 3469 ut
1060 3426 1111 3486 ego
1123 3410 1232 3483 scripsi,
1245 3409 1346 3484 poteris
1356 3409 1482 3466 invenire
1494 3408 1618 3479 (Gara,
1631 3423 1656 3467 e.
1672 3425 1715 3467 en

61 3502 173 3572 tendas,
185 3503 260 3577 qnod
273 3507 305 3562 B.
320 3503 446 3563 Gelasius
465 3504 546 3561 nobis
560 3504 721 3578 prescribit,
733 3521 782 3562 cur
796 3520 862 3578 apo·
917 3507 1134 3564 commuuieotor.
1149 3510 1194 3573 17,
1209 3519 1283 3561 cans.
1300 3509 1345 3571 11,
1359 3519 1386 3560 a.
1401 3509 1428 3559 0.
1442 3502 1505 3559 Vid.
1517 3502 1598 3574 epist.
1614 3506 1716 3576 prmo.)

62 3598 164 3658 stelles
179 3598 258 3658 tedes
269 3598 404 3657 Acacium
417 3598 684 3657 communicatorem
702 3599 775 3656 Petri
788 3598 862 3657 reiu-
917 3603 1055 3658 Praeterea
1069 3614 1120 3656 nee
1140 3597 1200 3655 laici
1215 3599 1346 3670 ignorant
1358 3596 1423 3666 boe,
1435 3595 1510 3669 quod
1522 3597 1716 3654 excommuni-

60 3693 165 3752 tarcrit
179 3696 233 3765 (ep.
253 3692 328 3764 1ι,1.
346 3680 386 3760 c.,
401 3707 427 3765 p.
446 3696 532 3760 1201)
551 3694 659 3761 :Beati
674 3692 773 3764 inquit,
785 3694 864 3750 Petri
916 3703 992 3751 catos
1006 3692 1123 3751 osculari
1136 3707 1193 3749 non
1206 3690 1333 3749 debeant.
1348 3689 1430 3763 Quod
1443 3689 1467 3747 si
1479 3688 1604 3759 iecerint,
1614 3691 1717 3765 absque

60 3784 516 3860 sedo,aeperdeeetumtcl>etrt
533 3789 695 3843 consmtlum
709 3786 861 3856 duceretur,
917 3786 993 3844 omni
1017 3785 1237 3843 contradictione
1266 3799 1315 3856 per
1336 3783 1590 3842 reconciliationem
1610 3783 1717 3841 absolvi

61 3883 155 3956 ιριιιιι
175 3896 281 3954 queque
302 3897 321 3937 o
343 3895 397 3936 suo
421 3884 602 3938 communione
623 3882 767 3938 submouit.
785 3880 862 3938 ldem
916 3880 1056 3948 iesdnant,
1071 3894 1123 3937 nee
1142 3894 1172 3938 se
1184 3878 1238 3937 nisi
1251 3894 1300 3952 per
1312 3877 1570 3936 reconciliationem
1583 3876 1718 3950 recipien-

59 3973 212 4033 amneio
223 3973 382 4047 imperatori
397 3977 489 4045 (epist.
505 3981 522 4031 8
536 3977 612 4042 clt.):
627 3975 774 4046 Postquam
792 3976 863 4032 Aoo-
916 3974 967 4033 dos
977 3975 1116 4050 judicant.

60 4070 123 4126 eius
139 4070 330 4125 mamutium
344 4076 463 4126 estense
476 4070 566 4137 {oetas
580 4072 628 4131 est,
644 4084 698 4123 oon
709 4071 799 4139 poluit
810 4070 865 4124 nisi
952 4071 1001 4127 lll.
1015 4067 1179 4142 Hocutique
1192 4069 1356 4124 roboratum
1369 4074 1412 4123 est
1427 4080 1565 4122 consensu
1579 4063 1717 4122 universu-

58 4180 81 4221 α
94 4163 227 4221 esteten
247 4167 273 4221 et
284 4163 429 4234 apostolico
451 4176 516 4217 mou
539 4163 662 4217 meelate
679 4161 806 4232 procidi,
828 4177 863 4217 ce
917 4163 950 4220 lis
968 4162 1119 4220 Ecclesiae:
1142 4158 1261 4218 undeet
1279 4157 1414 4216 nosillud
1431 4158 1513 4232 juxta
1527 4157 1715 4231 Augustinum

56 4271 114 4331 per
126 4270 197 4325 aaa,
210 4258 237 4313 si
248 4257 291 4312 uel
300 4257 445 4328 paululum
463 4269 634 4319 cessaremus,
648 4269 695 4310 ces
710 4246 814 4325 quoquc
823 4257 864 4310 ei-
917 4269 1011 4312 seeure
1025 4262 1054 4311 et
1067 4252 1203 4309 veraciter
1211 4266 1362 4324 possumus
1374 4266 1504 4307 asserere.
1518 4250 1595 4308 ldem
1606 4263 1715 4322 quoque

61 4351 191 4408 derum
202 4350 317 4407 mbiisse
337 4352 465 4424 scolapio
477 4350 651 4420 perideum.
716 4352 724 4375 ¹
783 4377 788 4386 ·
917 4347 1059 4404 verissime
1073 4353 1193 4403 testatur
1204 4344 1279 4418 quod
1293 4342 1359 4400 nihil
1371 4343 1479 4400 firmius
1498 4343 1534 4400 sit
1546 4340 1716 4411 tenendum,

101 4444 136 4501 V.
149 4443 267 4500 Videsne
290 4458 373 4517 quam
387 4442 541 4499 necessario
556 4441 714 4515 hujusmodi
735 4432 863 4500 commn—
916 4456 1001 4514 quam
1014 4439 1082 4498 illud
1096 4440 1125 4495 in
1142 4454 1199 4512 qno
1212 4438 1312 4495 veritas
1327 4433 1522 4493 consuetudini
1535 4433 1713 4507 suffragatur.

59 4535 201 4594 nicatores
213 4535 377 4606 demamus,
393 4550 429 4592 ne
442 4550 492 4606 per
508 4550 606 4592 eorum
619 4536 791 4593 consortium
800 4551 862 4594 con·
875 4569 901 4632 1)
916 4535 970 4594 Sed
984 4543 1011 4592 et
1023 4537 1143 4592 loannes
1156 4547 1226 4606 papa
1238 4534 1267 4589 x
1277 4534 1388 4599 (1000),
1398 4528 1448 4593 sir.
1464 4528 1588 4601 inquam,
1602 4535 1714 4601 aposto-

61 4627 140 4704 tagia
157 4629 327 4703 perfidorum
340 4627 456 4687 subiisse
467 4626 634 4701 judicemur.
648 4631 720 4686 Nam
737 4630 816 4702 Juxta
826 4631 858 4684 B.
916 4629 995 4699 licus,
1010 4628 1117 4702 judicio
1139 4625 1302 4684 universalis
1325 4620 1424 4697 synodi
1446 4621 1578 4692 demerit,
1602 4630 1635 4678 ut
1656 4622 1715 4695 qui-

60 4722 215 4790 eunium,
228 4722 304 4797 quod
317 4730 437 4796 strupra
450 4722 540 4796 posui,
555 4737 613 4778 non
635 4731 726 4795 potest
748 4724 863 4797 quilibet
917 4738 1027 4796 conque
1039 4720 1171 4792 deinceps
1187 4721 1319 4786 bannum,
1343 4715 1378 4773 ab
1392 4714 1524 4788 episeopis
1542 4715 1717 4789 impositum,

60 4816 250 4891 perversitatis
270 4816 507 4874 communicatore
531 4823 657 4887 suscepto
680 4832 736 4873 non
764 4817 865 4888 pariter
918 4810 1646 4873 etmarimeincommunioneexeommunicatorum
1656 4825 1718 4866 cor·

58 4924 208 4986 penem
228 4909 348 4983 probari,
370 4925 424 4967 nec
451 4915 542 4983 potest
565 4907 676 4966 refutari
699 4910 865 4983 perversitas
919 4909 1049 4983 mpisset,
1063 4912 1099 4964 10
1114 4907 1174 4964 dies
1194 4907 1225 4964 in
1247 4921 1317 4980 pane
1335 4913 1363 4964 et
1382 4921 1454 4979 aqua
1476 4920 1554 4963 more
1567 4902 1719 4963 homicida·

59 5003 199 5076 complice
211 5003 397 5078 perversitatis
410 5002 543 5061 admisso.
565 5004 682 5060 cessem
694 5018 759 5076 ergo
771 5003 866 5076 hujus-
919 5018 983 5061 rum
997 5001 1154 5075 poeniteret.

61 5094 144 5155 modi
158 5098 413 5156 communicatores
425 5097 615 5155 ecclesiastice
631 5096 820 5155 communioni
835 5113 865 5155 se
955 5099 1003 5156 tv.
1018 5097 1258 5154 Desentsntia'li.
1268 5093 1372 5152 Gelasii
1385 5109 1474 5168 papea,
1487 5106 1550 5166 qum
1563 5091 1632 5149 dicit
1642 5088 1717 5159 (eid.

60 5190 258 5264 imprudenter
272 5192 415 5265 ingerere,
441 5206 475 5247 ne
498 5191 664 5249 catholicam
679 5191 864 5248 sinceritatem
918 5194 995 5265 epist.
1009 5192 1114 5264 pree.)
1131 5191 1232 5250 :Nubel
1244 5191 1321 5247 nobb
1335 5202 1472 5249 summm
1488 5200 1551 5243 cum
1565 5184 1718 5239 mastiter

59 5298 114 5343 sats
128 5286 329 5343 communione
338 5286 420 5359 Juxta
435 5283 564 5341 eumdem
586 5285 728 5343 Gelasium
745 5300 868 5343 comma·
920 5289 1112 5344 communionis
1136 5290 1263 5355 entenic,
1284 5284 1439 5343 necessario
1461 5277 1596 5350 colligitur
1616 5282 1647 5333 ut
1659 5283 1719 5331 tam

60 5379 167 5438 sitient.
183 5382 256 5437 Ram
272 5379 367 5454 procul
380 5379 465 5438 dnbio
478 5379 563 5436 levius
574 5379 647 5453 apud
663 5382 754 5437 Deum
761 5378 868 5453 judica·
921 5373 1190 5439 communicatorem
1202 5376 1330 5436 Gniberti
1343 5389 1426 5449 qnam
1436 5364 1528 5445 ipsum
1540 5367 1661 5426 devitare
1673 5367 1721 5426 de·

17 5516 24 5523 .
59 5480 113 5532 tur
125 5473 249 5548 qualibet
261 5473 426 5532 necessitate
444 5473 595 5548 quemlibet
607 5474 866 5532 excommunicatio·
920 5474 1045 5542 beamus,
1061 5480 1089 5530 et
1102 5472 1156 5531 boe
1169 5472 1288 5531 maxime
1306 5471 1336 5527 in
1348 5468 1402 5526 illis
1415 5463 1507 5534 rebus,
1521 5474 1589 5536 quta
1609 5463 1656 5522 SS.
1670 5466 1720 5522 Pa

60 5581 132 5627 nem
149 5567 290 5640 incidisse,
307 5583 393 5642 qnam
414 5575 477 5641 post
497 5567 605 5641 lapsum
618 5568 868 5626 reconciliationem
919 5577 977 5626 tres
991 5566 1163 5640 prohibuisse
1180 5564 1368 5638 cognovimns.
1384 5563 1442 5618 Nec
1453 5572 1505 5633 ego
1525 5555 1593 5617 mibi
1607 5572 1720 5632 mogo,

102 5710 198 5776 (1000)
219 5705 262 5765 ldi
315 5722 345 5766 ιιι
364 5706 536 5781 autogapbus
561 5705 689 5763 bernoldi
727 5705 812 5764 codex
839 5707 868 5764 in
920 5701 1329 5790 baud-legitumllodonorum
1342 5714 1394 5775 pro
1406 5695 1535 5758 bernoldi
1548 5703 1576 5756 et
1589 5693 1721 5753 Bernaldi
1788 5738 1806 5751 ..

34 5777 779 5925 itauttertiatatttlllrtst
796 5783 865 5909 tlte
924 5777 1310 5854 ¹⁶⁰”²¹¹⁸““⁸”m⁰⁰¹⁰m·'
