3870 6164
138 218 195 272 tue
718 223 814 277 tlssutt
834 224 967 299 ultibus.
987 255 1022 268 -
1042 229 1145 287 EPIST.
1165 232 1220 288 llll.
1741 246 1794 301 tet

418 341 592 399 Ests'tobs
612 345 664 400 xl.
790 348 793 355 '
955 349 1109 419 Abscest
1123 353 1251 413 voluntas
1264 363 1370 425 nostra,
1392 365 1424 414 ut
1436 354 1471 415 ad
1487 374 1551 417 eum
1565 360 1706 435 religiosos
1720 364 1792 423 siros

178 448 221 490 su
239 447 416 493 sssrsncsu
435 449 473 492 sn
494 451 679 498 strumosus
697 454 770 499 stus
787 455 904 500 sinsus.
995 444 1146 512 mittamus,
1162 462 1279 520 quorum
1297 449 1537 522 admonitionibus,
1553 452 1704 527 inspirante
1724 459 1793 527 Deo,

441 528 534 602 (Anno
549 537 640 599 1⁰78.)
994 537 1030 595 ad
1044 536 1168 598 amorem
1180 551 1284 601 sanctas
1298 545 1433 603 Nomauae
1448 552 1477 602 et
1490 561 1548 605 suae
1560 549 1656 606 matris
1667 550 1795 611 Ecclesite

139 622 278 677 Hortatur
296 626 328 679 ut
351 623 515 681 simoniacos
535 628 645 682 evitent.
671 631 709 684 be
733 629 848 685 bucensi
863 631 941 687 electo
994 647 1056 688 cunt
1073 649 1212 705 revocare,
1228 644 1256 694 et
1270 636 1305 694 ad
1316 637 1480 712 condignam
1494 637 1612 698 lormam
1627 643 1794 717 suscipiendi

177 693 489 837 ggffmmmm·
495 697 843 839 &mmmm
851 717 940 830 §252⁵
994 724 1101 798 imperii
1115 727 1249 786 instrucre
1263 738 1290 788 et
1302 731 1424 804 expolire
1438 732 1584 792 valeamus.
1600 735 1716 806 Quodsi
1730 753 1792 806 nos,

177 838 248 891 siam
262 841 393 893 mm,
993 819 1068 891 quod
1086 836 1143 877 uon
1165 831 1307 895 optamus,
1332 824 1425 882 audire
1444 828 1654 900 contempserit,
1675 846 1728 887 nos
1749 839 1793 888 ta-

177 929 353 988 mmum,
365 930 393 986 p„
405 933 561 990 Romanum
572 933 730 1006 pontificem
743 935 847 994 electus
861 939 940 994 BE„
993 927 1058 968 meu
1075 929 1092 970 a
1106 922 1192 972 matre
1206 923 1298 974 nostra
1312 920 1438 975 Romana
1452 920 1584 993 Ecclesia,
1598 936 1660 994 quae
1673 939 1723 980 nos
1740 940 1791 981 nu·

137 1037 236 1087 rates,
261 1030 289 1079 et
307 1023 366 1096 eius
381 1022 442 1082 filie
456 1027 629 1099 lituratum,
642 1028 759 1086 sulutem
771 1029 800 1086 iu
819 1032 939 1088 Domino
992 1005 1076 1077 “Mb
1092 1016 1120 1064 ⁰²
1140 1023 1213 1082 ἘΝ
1233 1009 1353 1068 mmmm
1373 1026 1487 1069 ⁸¹¹⁰fflffl
1508 1014 1637 1087 minimi
1652 1016 1720 1074 “¹5⁰⁸
1745 1033 1792 1090 ὅθ·

137 1118 207 1173 103„
224 1115 343 1174 cmm,
992 1099 1099 1157 nemuit
1113 1101 1192 1171 lilios,
1216 1103 1391 1161 custodiente
1403 1108 1474 1176 Deo,
1490 1106 1644 1166 exorbitare
1657 1125 1709 1167 nec
1723 1125 1789 1184 pos·

176 1211 252 1268 Sicut
270 1210 367 1269 beatus
378 1213 531 1287 Gregorius
544 1215 573 1271 in
589 1215 711 1288 quodam
724 1232 808 1289 ,uper
824 1217 938 1276 moran,
991 1207 1086 1250 sumus
1100 1209 1150 1251 uec
1164 1193 1306 1254 demmus.
1327 1200 1444 1256 Etcerte
1455 1199 1540 1257 tutius
1550 1199 1630 1258 nobis
1642 1211 1686 1259 est
1695 1201 1792 1261 deien-

137 1305 194 1361 Job
207 1305 429 1377 explanationum
442 1306 513 1365 libro
528 1309 586 1367 ait:
602 1311 744 1367 statutum
757 1319 800 1368 est
811 1312 883 1383 apud
896 1329 939 1370 su·
991 1284 1081 1391 d⁰Pd⁰
1102 1288 1241 1345 ”mmm
1264 1306 1313 1362 ΡΝ
1335 1291 1375 1349 3οῙ
1390 1290 1474 1364 ip⁸i⁰⁸
1495 1293 1582 1350 ⁸²¹¹¹¹t⁰
1598 1293 1719 1367 ³⁶⁰⁸q¹¹⁶
1734 1311 1793 1352 ⁸²¹¹·

137 1413 257 1472 mum
265 1398 391 1471 judicem
409 1410 509 1474 qum,
535 1418 759 1478 unumquemque
782 1413 832 1461 aut
854 1402 938 1464 ferire
991 1394 1104 1451 gutum
1125 1390 1251 1439 nostrum
1272 1383 1324 1440 sibi
1346 1384 1482 1453 resistere,
1510 1401 1594 1459 quam
1618 1387 1653 1444 ad
1675 1386 1790 1461 explen-

137 1493 300 1561 ,ΜΝ
316 1501 364 1552 aut
379 1494 479 1553 debeat
495 1495 614 1555 mulcete
626 1498 802 1570 prosperitas·
818 1498 938 1571 quecun,
990 1471 1055 1529 dam
1068 1473 1126 1547 ejus
1144 1475 1312 1533 uoluntatem
1323 1477 1461 1549 iniquitati
1474 1480 1670 1537 consentiendo
1682 1497 1789 1551 secum,

136 1602 191 1660 que
203 1603 270 1662 ⁰¹8⁰
283 1588 340 1646 ΒΜ
351 1604 399 1662 ,pe
412 1588 504 1663 hujus,
520 1592 562 1648 ,ΘΙ
573 1591 674 1648 timore
686 1592 760 1649 imus
773 1593 802 1649 in
815 1602 937 1666 [empore
991 1560 1067 1632 quod
1075 1563 1145 1620 ebsit
1152 1563 1186 1620 ad
1193 1563 1336 1624 interitum
1347 1582 1435 1624 ruere.
1448 1568 1543 1624 valete
1553 1567 1583 1625 in
1595 1567 1714 1637 Christo,
1726 1569 1790 1628 cba-

136 1681 298 1738 aemfionis
320 1682 355 1739 ab
377 1681 419 1739 his
437 1698 500 1756 φῶ
519 1693 591 1741 rem
604 1693 670 1742 sum
684 1684 782 1754 deviat,
810 1702 861 1743 nee
873 1702 936 1759 spe·
991 1655 1117 1723 rissimae,
1139 1656 1208 1715 etin
1226 1668 1321 1717 nostro
1335 1658 1479 1717 dilectione
1494 1661 1727 1720 cordetenusvos
1741 1679 1789 1719 au·

137 1789 199 1831 rsre
217 1774 246 1831 in
269 1777 372 1845 Deum,
395 1791 445 1833 nec
467 1776 625 1835 divinarum
648 1779 762 1851 eloquiis
781 1779 936 1852 Scriptura·
955 1734 1077 1806 Bneffl
1091 1765 1150 1808 ⁰⁸⁸⁰
1165 1751 1272 1809 ⁸⁰it⁰¹⁰‘
1493 1847 1509 1861 ..
1583 1848 1599 1861 ..
1641 1849 1647 1861 .
1690 1850 1695 1861 .

135 1884 201 1925 rum
214 1867 564 1927 coadhaereremanilestat.
577 1873 638 1928 Hoc
650 1870 937 1930 autemideodicimus
1029 1845 1100 1899 Dm
1116 1848 1214 1902 R⁰¹¹¹ae
1226 1862 1285 1903 ”¹¹
1304 1848 1420 1905 mend·
1436 1849 1509 1906 sunu
1526 1848 1623 1919 [Julu],
1639 1848 1790 1908 md¹⁰⁸i⁰¹¹⁰

136 1961 203 2034 qnia
228 1961 310 2019 nobis
338 1971 365 2020 et
387 1961 475 2031 vobis,
500 1965 556 2021 imo
575 1964 706 2021 omuibus
730 1964 776 2039 qui
797 1964 937 2023 conlortos
990 1935 1147 1995 undfflmffi

136 2053 296 2127 adoptionis
310 2054 432 2113 tiliorum
446 2056 498 2114 Dei
520 2072 578 2114 esse
591 2058 730 2131 cupimus,
744 2074 800 2128 non
813 2067 869 2129 tam
888 2075 936 2116 00.
1257 2036 1436 2093 EPISTOLA
1452 2037 1520 2094 xil.

134 2149 263 2206 essiones
279 2157 381 2206 nostre
399 2148 622 2218 existimationis,
642 2150 767 2209 videlicet
786 2138 855 2225 quid
873 2152 937 2209 binc
1066 2146 1107 2188 ΑΒ
1126 2149 1315 2196 cusincrsurs
1335 2153 1510 2196 sssrsussns
1530 2153 1712 2197 sesscoeuss.

135 2243 238 2316 prosit,
253 2242 316 2300 inde
333 2253 442 2313 noceat,
456 2242 598 2301 intuendae
616 2252 697 2313 sunt,
715 2260 798 2318 quam
815 2245 882 2303 illud
906 2253 936 2302 ut
952 2296 954 2301 .
1290 2236 1381 2297 (duno
1402 2232 1492 2305 1073.)

131 2335 269 2409 ΜΝ
283 2335 344 2402 Dei,
360 2351 423 2409 quc
440 2352 583 2410 nunquam
601 2337 776 2396 beatitudiuis
789 2337 844 2395 tine
857 2354 935 2396 care·
989 2324 1113 2382 Ostendit
1124 2330 1245 2400 stipatus
1260 2330 1360 2385 litteris
1369 2335 1529 2386 cominotum
1539 2331 1669 2402 boleium
1682 2331 1715 2388 de
1728 2333 1786 2403 ipso

135 2427 190 2500 bit,
205 2427 317 2487 fortiter
326 2436 478 2497 teneamus,
487 2431 599 2487 sollicite
613 2431 782 2504 pensandum
792 2440 819 2489 et
834 2432 937 2489 eniten-
1023 2404 1202 2541 3ἷίωῇἶὲἰέ
1210 2403 1652 2542 “wmffi'fflg'mss
1673 2405 1787 2529 mlta

133 2522 204 2579 dum
225 2530 277 2580 ⁰⁸²·
297 2522 432 2595 3⁰¹⁹?me
449 2532 491 2580 0⁸¹
509 2525 581 2580 enlm
597 2542 604 2579 ²
621 2526 673 2583 Sed
691 2531 717 2581 ti
735 2528 762 2581 δῖ’
779 2526 850 2597 iisd
859 2529 936 2597 Pili·
1028 2543 1188 2615 amplecteres
1210 2549 1308 2600 contro
1327 2544 1386 2614 eius
1415 2544 1586 2602 Massurius
1607 2560 1660 2616 pro
1682 2545 1786 2602 uiribus

135 2619 206 2673 trini
229 2622 342 2689 propter
358 2616 507 2687 justitium,
530 2619 602 2673 beuti
622 2620 661 2686 (li
678 2621 750 2675 Patr.
774 2619 936 2686 111).Nostis,
1024 2620 1116 2674 certet.

134 2709 323 2768 dilectissimae
336 2710 421 2766 sancti
437 2711 509 2767 Petri
528 2710 600 2781 liliae,
618 2727 701 2784 quam
717 2720 811 2784 aperte
824 2715 936 2784 Iungu-
951 2715 953 2721 ’
1025 2720 1201 2777 Gnucousus
1211 2716 1240 2771 in
1254 2719 1414 2773 Romanum
1428 2716 1587 2790 pontificem
1600 2716 1701 2775 electus
1714 2719 1786 2777 Gus-

135 2802 288 2861 bardorum
299 2803 418 2877 episcopi
436 2803 622 2861 simoniacam
641 2803 769 2862 haeresim
787 2803 936 2863 defendere
989 2825 1104 2870 ιιιιιιο
1124 2808 1246 2880 Papicnsi
1260 2808 1386 2882 episcopo
1411 2809 1527 2866 salutem
1540 2809 1568 2866 iu
1586 2810 1705 2867 Domino
1722 2813 1788 2868 iesu

134 2894 276 2954 sciorere
296 2897 532 2970 presumpserint,
558 2913 623 2955 cum
641 2896 823 2955 Gotetredum
850 2899 936 2968 [Goti-
991 2904 1110 2963 christo.

135 2989 255 3060 fredum]
277 2989 473 3057 simoniacum,
489 2999 516 3047 et
534 2990 571 3047 ob
584 2989 638 3048 boc
657 2991 935 3062 excommunicatum,
1025 2994 1164 3055 Nonnulla
1184 2994 1263 3052 nobis
1285 2993 1418 3052 betesda
1437 3003 1465 3052 te
1481 2993 1598 3077 antebac
1617 2994 1701 3052 relata
1720 3003 1787 3053 suut

136 3091 221 3158 atque
248 3082 412 3141 damnatum
438 3084 490 3142 sub
513 3084 603 3156 specie
622 3084 820 3142 benedictionis
848 3085 974 3189 male-c
990 3090 1118 3163 equibus
1140 3088 1248 3145 animus
1268 3097 1434 3146 nosternon
1454 3088 1593 3147 immerito
1608 3088 1712 3146 turbari
1735 3089 1785 3147 de·

136 3176 264 3247 dixerim,
294 3184 324 3235 ot
352 3177 403 3234 sub
432 3178 531 3235 umbra
559 3178 739 3236 ordinationis
765 3188 937 3236 exsecratum
990 3184 1065 3257 buit,
1080 3182 1130 3241 sed
1152 3182 1181 3240 iu
1203 3182 1318 3254 epistola
1341 3190 1388 3239 tua
1410 3181 1491 3257 louge
1510 3182 1563 3241 alia
1581 3189 1787 3256 cognoscentes,

137 3270 300 3329 haereticum
313 3271 515 3328 constituerint.
538 3273 641 3344 Nempe
658 3272 703 3345 qui
728 3271 859 3330 hactenus
873 3273 938 3345 lapi·
989 3279 1024 3336 ad
1041 3277 1184 3335 meliorem
1198 3276 1366 3349 opinionem,
1379 3284 1408 3333 ct
1418 3291 1496 3349 spem
1509 3275 1599 3353 gaudii
1613 3276 1723 3333 adducti
1743 3292 1789 3333 su·

137 3364 187 3423 des
202 3371 232 3422 ot
251 3364 365 3439 sagittas
382 3365 499 3422 latenter
510 3374 607 3423 contra
623 3366 776 3423 Dominum
787 3366 936 3440 jactarunt,
990 3387 1064 3441 mus,
1076 3369 1216 3442 cupientes
1234 3375 1262 3425 et
1279 3368 1324 3425 ills
1346 3384 1416 3426 uana
1432 3367 1527 3440 luisse,
1541 3378 1568 3426 et
1592 3368 1675 3426 iidem
1689 3384 1787 3426 eorum

134 3458 192 3532 jam
206 3474 282 3516 nuno
300 3458 334 3515 ad
350 3457 563 3517 subvertendam
575 3458 745 3532 religionem,
766 3468 794 3516 et
805 3459 938 3516 immobi·
990 3480 1051 3538 quae
1065 3471 1112 3521 tue
1122 3461 1233 3519 dilectio
1246 3460 1363 3534 spondet
1377 3476 1492 3534 operum
1505 3463 1680 3519 attestatione
1700 3460 1787 3534 perci·

137 3552 192 3612 Ιοιιι
215 3559 323 3610 seuctae
346 3554 480 3610 liomauer
506 3552 635 3610 Ecclesiae
654 3560 762 3625 petrem
776 3546 937 3610 concutienss
989 3573 1069 3631 pere,
1085 3555 1212 3629 cujusrei
1226 3563 1347 3627 praesens
1360 3563 1388 3611 ct
1401 3555 1515 3627 copiose
1529 3555 1578 3612 tibi
1592 3554 1784 3626 materiesup-

137 3646 218 3714 dam,
240 3660 298 3703 nou
312 3644 392 3703 dubie
403 3661 588 3719 praecursores
598 3645 769 3716 Antichristi‚
785 3656 812 3704 et
833 3644 938 3717 antiqui
989 3650 1067 3725 petit,
1080 3658 1111 3707 ut
1129 3658 1158 3707 et
1176 3647 1294 3721 hisquae
1311 3647 1348 3704 de
1361 3654 1388 3705 te
1406 3647 1542 3706 credenda
1556 3647 1663 3717 suades,
1679 3647 1786 3705 esclusa

137 3737 224 3798 bostis
236 3737 365 3796 satellites
377 3739 405 3795 in
422 3748 549 3813 apertum
562 3738 662 3797 iuroris
675 3739 718 3797 sui
732 3755 862 3812 campum
879 3755 939 3812 pro·
988 3743 1157 3802 dubitatione
1170 3743 1326 3806 credamus,
1338 3739 1574 3798 etiraternitstem
1589 3749 1667 3798 tuam
1679 3740 1785 3814 integra

138 3832 282 3892 siluerunt.
302 3832 411 3903 Quibus
423 3830 516 3891 favere
538 3835 583 3891 vel
597 3834 751 3891 consentire
764 3848 848 3907 ιιιιιιιι
866 3834 936 3906 peri·
989 3835 1224 3905 cbaritstenobis‚
1250 3835 1307 3892 imo
1321 3842 1424 3892 sanctes
1445 3839 1580 3892 Nomanae
1597 3833 1726 3893 Ecclesia
1739 3832 1786 3890 ad-

137 3927 265 3985 ssslumm
290 3926 337 3996 sit,
373 3925 516 3999 prudentia
548 3935 639 3984 vestra
673 3927 736 3984 inde
770 3926 935 4001 perpendat;
989 3931 1113 3990 strictam
1145 3928 1206 3987 iore
1234 3928 1458 4007 comprobemus.
1486 3928 1546 3985 Fiat
1580 3928 1672 4001 itaque
1705 3926 1787 3985 nobis

138 4018 211 4094 quod
222 4018 324 4078 beatus
343 4020 492 4094 Gregorius
510 4020 600 4078 dicit:
631 4019 768 4077 «Talibus
780 4036 835 4077 non
858 4035 937 4077 sum-
989 4023 1133 4091 indicium,
1156 4037 1240 4095 quam
1263 4021 1385 4079 unanimi
1402 4021 1495 4080 mudio
1520 4021 1621 4079 eadem
1642 4020 1787 4079 uobiscum

138 4128 250 4187 mopere
260 4112 383 4182 obviem,
397 4111 466 4186 quid
475 4113 547 4171 aliud
559 4120 612 4182 cst,
629 4112 679 4169 uisi
693 4112 780 4170 fidem
791 4116 934 4187 negare?-
989 4118 1070 4187 selle,
1084 4124 1114 4174 et
1132 4131 1182 4190 pro
1207 4114 1335 4172 libertate
1353 4123 1455 4173 mactae
1469 4115 1600 4173 Ecclesiae
1618 4115 1717 4187 quibus
1735 4129 1787 4171 nos

138 4206 217 4265 Unde
235 4206 407 4265 ucbiiutem
421 4216 539 4264 vestram
558 4206 703 4264 hortamur
719 4214 747 4264 ot
768 4206 846 4264 raldo
858 4221 936 4280 roga·
990 4224 1175 4285 repugnamus
1195 4216 1254 4265 toto
1269 4208 1329 4265 nisu
1349 4208 1477 4266 resistere
1491 4215 1601 4281 paratus
1614 4208 1730 4278 existas,
1743 4206 1787 4263 vi-

139 4312 200 4358 mus
213 4308 245 4358 ut
265 4300 494 4358 communionem
507 4300 619 4358 illorum
640 4298 740 4357 esitare
762 4308 791 4357 et
803 4299 939 4357 declinare
994 4304 1094 4362 delicet
1107 4301 1190 4360 uthis
1208 4300 1255 4375 qui
1276 4301 1438 4359 catholicam
1453 4300 1536 4357 tidem
1553 4308 1580 4358 et
1598 4300 1786 4359 ecclesiastice

141 4394 257 4463 cudat,
281 4408 318 4450 no
340 4392 506 4451 factionibus
535 4408 633 4451 eorum
658 4392 772 4450 consilia
793 4392 834 4450 rol
857 4393 937 4467 adju·
990 4394 1130 4470 religionis
1160 4395 1269 4466 regulas
1293 4402 1428 4451 conantur
1452 4400 1584 4461 euertere,
1610 4409 1668 4450 nou
1695 4393 1786 4450 solum

141 4496 229 4544 monta
254 4487 387 4560 prebent.
400 4490 495 4560 Neque
509 4502 574 4544 seru
588 4486 616 4545 in
630 4486 683 4544 bac
703 4502 733 4544 re
750 4485 841 4560 aliqua
855 4485 937 4559 hujus
950 4502 977 4568 ῃ
991 4505 1047 4547 non
1067 4487 1234 4556 comentire,
1255 4485 1305 4545 scd
1327 4501 1359 4544 ea
1382 4493 1470 4559 purte,
1492 4500 1554 4558 quse
1569 4500 1618 4557 pro
1635 4485 1786 4543 reverentia
1891 4492 1898 4511 ·

141 4580 232 4637 muudi
249 4580 329 4649 ratio,
348 4596 409 4653 quae
428 4581 540 4654 quidem
562 4595 640 4649 vana,
659 4580 827 4650 transitoria,
843 4588 872 4638 ct
889 4580 936 4638 de·
988 4583 1072 4657 buujus
1083 4590 1185 4641 sanctu
1196 4580 1269 4639 sedis
1280 4588 1308 4637 et
1320 4578 1413 4637 debito
1424 4588 1559 4653 percepta·
1569 4577 1634 4635 lidei
1647 4578 1723 4636 cultu
1734 4577 1787 4635 iliis

142 4674 239 4746 septim
257 4680 310 4743 ost,
327 4688 379 4731 ros
396 4681 585 4743 commoveat;
607 4673 736 4746 quoniam
759 4689 806 4745 per
829 4673 934 4730 miseri·
986 4675 1121 4735 contrarie
1144 4673 1274 4742 decrevit,
1297 4672 1352 4729 tuis
1375 4670 1493 4730 consiliis
1515 4671 1706 4745 adjutorioque
1727 4668 1786 4729 sui·

142 4765 259 4824 cordium
282 4767 346 4836 Dei,
365 4774 395 4823 et
404 4768 489 4825 uncti
508 4767 592 4836 Petri,
606 4766 681 4824 nulla
699 4782 748 4823 vos
761 4766 934 4824 inimicorum
987 4768 1067 4837 tulta,
1082 4784 1131 4841 pro
1144 4767 1202 4825 tuis
1213 4765 1313 4823 uiribus
1325 4774 1353 4823 te
1371 4780 1480 4838 quoque
1487 4779 1637 4838 repugnare
1646 4762 1785 4822 ostendes.

143 4860 253 4918 recuba
269 4858 370 4918 tedere
396 4860 506 4934 poterit,
528 4861 551 4918 si
567 4868 685 4918 mentem
709 4869 828 4918 vestram
853 4860 935 4917 libera
988 4864 1050 4920 Hoc
1061 4869 1154 4918 autem
1170 4858 1355 4916 indubitanter
1367 4858 1448 4928 soiss,
1462 4858 1604 4930 quoniam,
1617 4857 1640 4914 si
1652 4857 1788 4916 Mediola-

143 4953 304 5012 couscientis
323 4951 453 5012 delendis.
472 4956 515 5011 De
531 4953 619 5013 electo
638 4969 704 5012 reru
727 4954 862 5022 Luceusi,
878 4969 935 5011 uon
987 4971 1085 5013 nenses
1099 4952 1225 5012 catholici
1240 4951 1323 5026 hujus
1337 4952 1377 5009 rei
1399 4950 1589 5009 testimonium
1603 4951 1638 5009 de
1663 4959 1691 5009 te
1705 4950 1787 5008 uobis

142 5044 208 5104 aliud
230 5046 311 5104 robis
336 5045 560 5120 respondendum
588 5062 648 5107 esse
670 5047 837 5119 pervidimus
861 5051 935 5119 [pro·
987 5047 1122 5116 dederint,
1137 5055 1168 5103 ut
1181 5043 1333 5106 Goteiredo
1348 5043 1598 5114 excommunicato,
1613 5051 1641 5101 et
1654 5042 1787 5117 episcopis

113 5140 117 5147 '
143 5138 275 5212 vidimus]‚
297 5140 348 5197 nisi
362 5139 476 5214 quodiu
493 5155 526 5196 eo
541 5147 645 5197 nutam
658 5139 816 5197 divinarum
830 5141 934 5197 littera-
989 5141 1035 5216 qui
1062 5140 1123 5214 ejus
1144 5155 1226 5198 causa
1252 5137 1547 5196 excommunicationis
1572 5136 1723 5210 periculum
1746 5135 1785 5191 in·

143 5245 198 5292 ntus
223 5232 377 5304 fiendam,
399 5242 429 5291 et
445 5233 581 5293 rationem
603 5232 773 5293 &credonis
790 5249 849 5292 esse
873 5249 934 5308 per·
987 5241 1146 5304 currerunt,
1168 5232 1316 5307 prudenter
1339 5230 1466 5301 obsistas,
1482 5240 1511 5289 et
1528 5229 1568 5287 eis
1590 5230 1680 5303 quiin
1697 5238 1785 5286 certa·

140 5329 269 5401 adunus,
288 5335 322 5385 ut
340 5342 402 5400 quas
419 5327 618 5401 sinistraque
640 5327 677 5386 sit
690 5327 788 5385 desua
802 5327 861 5400 ipse
877 5343 935 5385 uon
987 5329 1061 5386 mine
1079 5327 1183 5387 Christi
1204 5334 1269 5385 suut
1291 5314 1410 5383 fideliter
1428 5324 1553 5383 solatium
1577 5323 1707 5396 prebeas,
1730 5338 1787 5380 non

140 5417 254 5495 inuret.
278 5420 404 5492 Quodsi
428 5420 466 5479 ad
490 5420 631 5479 dexteram
652 5421 829 5490 inclinaverit,
856 5419 934 5478 valde
987 5437 1087 5480 aurum
1111 5421 1154 5480 vel
1169 5428 1325 5495 argeutum,
1348 5435 1400 5476 nec
1423 5418 1513 5492 aliqua
1534 5416 1710 5498 fraternitatis
1731 5423 1787 5475 tue

137 5514 305 5588 addemme
337 5513 381 5574 sin
405 5530 481 5584 sero,
508 5513 582 5588 quod
612 5514 683 5577 absit
710 5515 745 5573 sd
778 5515 933 5584 sinistram,
987 5515 1079 5574 studia
1099 5513 1142 5572 sel
1159 5514 1293 5587 obsequia
1309 5520 1412 5573 uostrae
1434 5521 1463 5570 ct
1482 5511 1567 5569 totius
1581 5513 1716 5569 liomanae
1731 5512 1788 5567 Ec-

138 5608 229 5684 utique
250 5607 378 5669 dalem
400 5627 408 5665 ι
434 5606 485 5668 sed
506 5608 607 5668 nullius
630 5623 755 5682 persone
781 5609 868 5685 gratia
892 5608 934 5667 vel
988 5609 1077 5667 elesius
1091 5607 1216 5665 charitati
1233 5622 1311 5681 esque
1330 5615 1357 5663 te
1371 5613 1399 5663 et
1412 5620 1506 5664 causas
1519 5611 1579 5661 tues
1593 5600 1788 5661 commendare

135 5698 228 5762 levore
268 5701 403 5777 impietati
445 5717 585 5761 amusium
620 5701 757 5761 dabimus.
794 5705 836 5760 De
870 5718 934 5777 rege
988 5712 1018 5785 et
1029 5700 1211 5760 indissolubili
1227 5716 1292 5759 cura
1305 5708 1451 5757 annectere
1468 5703 1606 5771 poterunt.
1624 5699 1656 5755 tn
1670 5693 1723 5750 boc
1735 5701 1790 5750 ete

137 5805 244 5867 ment,
275 5803 309 5855 ut
339 5802 423 5855 sntss
454 5795 483 5855 in
509 5796 607 5856 litteris
644 5795 748 5854 nostris
782 5797 931 5869 accepistis,
990 5797 1048 5854 nim
1070 5795 1266 5854 charissimum
1287 5792 1387 5861 lilium,
1415 5800 1444 5849 et
1469 5786 1556 5847 lidum
1581 5792 1788 5861 cooperatorem
