3884 6158
223 230 271 292 aas
317 204 321 211 ’

565 234 594 291 S.
613 232 773 291 calidonii
789 235 837 289 vti
854 233 953 289 PAPAE
970 231 1109 288 OPERUM
1128 224 1214 290 PARS
1233 236 1253 290 l.
1275 266 1309 275 -
1327 230 1527 313 assistebat.

1819 238 1871 294 332

216 358 326 417 banno
351 360 442 417 abbati
458 357 551 416 sanct
565 358 656 415 Severi
669 357 826 414 salutemet
840 357 1018 428 apostolicam
1031 362 1058 425 Α
1072 373 1143 415 onus
1156 367 1188 414 nt
1198 367 1326 432 utrasque
1339 360 1465 417 abbatias
1474 368 1592 434 regeret,
1602 363 1755 417 metensem
1770 360 1875 419 scilicet

222 455 453 514 benedictionem.

257 552 320 607 Non
332 548 477 605 mediocris
488 556 516 603 ta
532 545 728 604 inobedientiae
739 562 853 619 arguere
864 560 1020 619 possumus,

223 644 296 717 quod
320 651 381 714 post
401 642 502 698 multas
519 641 706 711 querimonias
725 640 758 697 de
783 650 810 696 te
834 641 861 696 iu
885 639 1022 696 Romanis

223 734 346 809 conciliis¹
371 734 467 799 factas,
496 734 696 790 monasterium
724 735 833 789 Sanctae
855 732 950 788 Crucis
986 729 1020 786 tle

221 828 341 886 ecclesiae
352 829 460 885 maram
471 828 578 897 blariae,
594 828 698 883 nrrllam
711 827 801 884 adbuc
824 826 958 899 justitiam
984 824 1025 879 sit

221 936 411 982 consecutum.
441 924 519 980 Licet
542 940 658 980 examen
691 923 869 995 exquirendae
899 922 1022 979 veritatis

222 1015 303 1091 hujus
326 1017 428 1090 negotii
448 1015 551 1073 frivolis
563 1017 786 1073 excusationibus
812 1017 870 1089 jam
885 1032 919 1072 ex
939 1015 1021 1082 lonso

221 1118 346 1183 tempore
359 1111 474 1167 evitasse
485 1109 619 1178 videaris,
631 1109 756 1181 praesenti
772 1118 864 1165 tamen
884 1125 957 1165 anno
972 1124 1021 1179 pro

224 1204 378 1262 definienda
404 1205 585 1261 litcnostraa
608 1206 696 1279 legato
710 1216 805 1261 nostro
823 1203 936 1262 Giraldo
957 1204 1021 1277 [Ge-

226 1298 320 1372 rardol
335 1298 455 1356 Ostiensi
468 1299 597 1371 episcope
609 1298 643 1354 ad
656 1300 792 1371 synodum
818 1308 945 1364 vocatus,
961 1299 1022 1354 nul-

212 1394 282 1450 -lam
296 1396 358 1451 Deo
372 1400 402 1449 et
414 1401 511 1449 sancto
525 1396 607 1449 Petro
632 1392 731 1450 diceris
751 1392 933 1449 reverentiam
948 1392 1022 1448 exhi-

224 1487 332 1557 buisse,
347 1485 416 1544 adeo
434 1495 481 1553 ut,
500 1495 656 1559 contempta
682 1487 844 1544 auctoritate
866 1486 1024 1559 apostolicae

223 1581 305 1651 sedis,
318 1595 409 1655 neque
426 1590 456 1639 tu
469 1581 573 1650 venire,
600 1597 690 1654 neque
705 1582 772 1639 alios
784 1580 858 1654 juste
872 1589 900 1637 te
913 1596 1023 1636 excusa·

222 1682 301 1733 turos
312 1674 449 1732 studueris
463 1675 582 1732 mittere.
598 1672 696 1743 Unde,
719 1675 780 1747 quia
803 1674 957 1731 absentatio
978 1682 1023 1730 tua

222 1769 352 1827 indicium
370 1768 513 1841 injustitiae
527 1776 582 1825 tuae
595 1768 778 1826 clarissimum
794 1767 902 1837 tribuit,
923 1757 1064 1824 diffini-B

220 1866 369 1923 tumcstin
381 1865 604 1938 eademsynodo,
621 1867 787 1923 monasterio
802 1866 910 1922 Sanctae
929 1865 1025 1921 Crucis

221 1962 358 2036 praedictae
367 1961 495 2019 ecclcsiae
504 1964 612 2019 Sauctae
626 1963 773 2035 MariaeJ‘us
782 1970 809 2018 ct
819 1961 1024 2034 possessionem

222 2056 425 2113 restituendam
436 2074 505 2112 esse.
522 2057 611 2126 Quam
624 2055 756 2113 nimirum
768 2055 960 2111 diffinitionem
973 2071 1024 2111 nos

221 2149 419 2224 approbantes,
440 2151 614 2223 praecipimus
634 2149 682 2206 tibi
702 2149 850 2222 apostolica
864 2149 1024 2204 auctoritate

221 2253 252 2301 ut
262 2244 404 2317 praefatum
419 2244 617 2301 monasterium
634 2248 743 2301 Sanctae
756 2243 860 2309 Crucis,
873 2244 947 2299 sicut
969 2252 1023 2299 sta-

220 2347 373 2406 tutumest,
386 2339 477 2411 quiete
490 2348 583 2395 tencre
597 2337 750 2410 permittas.
771 2336 884 2407 Quodsi
903 2345 931 2391 te
944 2336 1024 2408 justi·

220 2434 288 2491 tiam
311 2434 412 2491 babere
425 2432 555 2500 confidis,
578 2433 652 2489 hunc
675 2448 763 2505 usque
786 2430 820 2488 ad
842 2429 1021 2487 festivitatem

220 2527 349 2584 omnium
372 2535 533 2584 sanctorum
553 2524 588 2583 ad
603 2541 657 2582 nos
675 2524 769 2582 venire
793 2524 918 2591 studeas,
939 2531 1021 2595 teque

219 2620 349 2693 praedicto
361 2619 453 2677 abbati
472 2620 570 2676 eodem
584 2619 703 2675 termino
712 2625 858 2674 venturum
879 2616 1019 2685 notificem

219 2722 355 2786 quatenus
383 2714 524 2786 utrimque
556 2713 641 2785 partis
669 2712 829 2785 perquisitis
852 2711 1019 2777 rationibus,

219 2814 326 2865 certum
341 2823 432 2866 causae
446 2816 544 2865 vestrm
561 2805 655 2876 finem,
678 2808 738 2862 Dee
752 2805 915 2873 ausiliante,
931 2805 1017 2875 impo-

137 2954 140 2959 .
220 2908 328 2958 namus.

255 2999 328 3054 Data
345 2994 484 3052 Rcmaein
507 2993 624 3067 synodo,
647 2993 767 3051 secundo
781 2992 847 3050 ldus
859 2992 959 3056 Martii,
977 2992 1018 3046 iu·

218 3086 340 3144 dictione
355 3088 528 3147 duodecima.

479 3182 656 3238 EPISTOLA
683 3183 745 3236 Lll.

265 3292 306 3333 sn
325 3291 492 3334 manassen
510 3289 788 3333 ascnisrrsconusr
805 3287 984 3331 armassem.

518 3368 608 3431 (Anno
625 3364 715 3435 retr.)

218 3463 327 3521 laudet
340 3476 399 3517 eum
411 3460 482 3532 quod
492 3462 649 3514 monasteria·
663 3460 756 3515 Sancti
777 3460 893 3527 Remigii
908 3458 1019 3525 reliqt'o-

253 3551 313 3590 sem
322 3534 446 3588 abbatem
454 3533 618 3602 profecerit,
634 3534 845 3600 estpotestelem
854 3530 1019 3597 fevcitelium

254 3608 393 3661 abbatiam
407 3602 629 3663 cdruinistrottdt',
644 3604 670 3656 si
686 3608 792 3657 tuntum
805 3617 871 3655 onus
885 3602 959 3668 [cere
969 3616 1018 3653 oc·

1073 460 1102 507 et
1112 454 1289 522 flemensem,
1305 453 1460 511 laudassem
1473 470 1522 525 pro
1537 470 1582 523 eo,
1595 454 1661 527 quia
1675 453 1718 511 sir
1731 462 1758 510 et
1767 455 1875 527 religio·

1073 562 1121 603 sus
1136 553 1164 602 et
1176 546 1287 619 sapiens
1307 554 1359 603 est.
1374 547 1505 619 Aliequin
1531 548 1553 603 si
1570 548 1676 620 pondus
1692 556 1874 620 utrarumque

1073 640 1212 714 regiminis
1235 657 1317 714 super
1330 658 1411 714 posse
1433 642 1484 698 sibi
1507 651 1559 710 est,
1582 642 1680 713 utipse
1700 641 1812 710 fatetur,
1837 659 1874 698 ne

1075 734 1156 790 nimia
1173 734 1319 807 gravedine
1333 751 1442 807 pressus
1462 736 1634 802 succumbat,
1657 752 1786 808 rogamus
1806 753 1875 808 pru-

1074 826 1194 883 dentiam
1211 837 1303 897 tuam,
1320 829 1376 885 imo
1387 830 1539 901 apostolica
1551 830 1714 885 auctoritate
1728 844 1875 886 monemus

1074 928 1210 990 quatenus
1224 936 1275 975 suo
1289 919 1402 975 consilio
1428 928 1456 975 et
1475 936 1624 985 consensu,
1639 936 1686 991 per
1709 919 1874 975 electionem

1075 1013 1294 1085 congregationis
1307 1011 1460 1069 secundum
1482 1014 1602 1086 regulam
1619 1013 1705 1068 sancti
1724 1012 1873 1079 benedicti,

1074 1106 1204 1163 idoneum
1219 1107 1256 1163 ibi
1273 1115 1425 1176 rectorem,
1436 1111 1495 1163 Deo
1519 1107 1696 1174 concedente,
1711 1108 1872 1164 constituas.

1075 1203 1129 1256 Pro
1144 1211 1218 1259 certo
1231 1202 1304 1257 enim
1318 1202 1424 1258 noveris
1442 1202 1571 1273 quoniam
1585 1203 1621 1257 ita
1635 1200 1716 1258 chara
1731 1202 1783 1258 erit
1795 1200 1875 1258 nobis

1074 1297 1147 1355 illius
1162 1298 1318 1355 monasterii
1331 1299 1447 1355 honesta
1469 1305 1497 1354 et
1517 1297 1647 1371 regularis
1661 1297 1802 1371 regiminis
1824 1313 1872 1352 or·

1075 1392 1191 1458 dinatio,
1203 1409 1235 1449 ac
1247 1392 1269 1448 si
1284 1401 1356 1449 essct
1366 1392 1394 1449 in
1408 1392 1576 1450 monasterio
1591 1393 1677 1449 sancti
1692 1393 1782 1449 Pauli.

1111 1488 1181 1541 Data
1209 1489 1308 1543 Roma
1334 1484 1363 1542 in
1383 1485 1504 1560 synodo,
1531 1485 1650 1542 secundo
1678 1483 1742 1542 fdus
1768 1484 1875 1552 blartii,

1076 1578 1225 1636 indictione
1234 1578 1407 1637 duodecima.

1343 1723 1517 1778 EPISTOLA
1537 1723 1609 1777 Llll.

1150 1853 1192 1894 an
1209 1854 1425 1896 usnvusuuuu
1448 1855 1613 1896 usrsussm
1632 1852 1803 1895 priscorum

1379 1963 1468 2025 (Anne
1485 1964 1586 2024 1074)·

1077 2077 1161 2135 Suum
1182 2096 1246 2147 erqo
1272 2079 1351 2135 illum
1373 2097 1492 2137 amorem
1514 2084 1640 2135 testetur.
1655 2081 1726 2135 Petit
1739 2084 1770 2132 ttt
1781 2094 1876 2147 prose

1115 2154 1265 2208 flenti-vuum
1291 2153 1457 2221 deprecetur.
1473 2154 1616 2220 Significat
1638 2152 1760 2205 abietem
1774 2150 1877 2206 Araui-

1109 2224 1197 2295 plvum
1210 2226 1277 2278 uelle
1292 2226 1416 2279 lteumnst’
1428 2224 1545 2278 abbatiae
1554 2225 1719 2283 renetvttt'etve,
1732 2228 1757 2276 ct
1770 2224 1874 2276 Meten-

1111 2297 1149 2350 sis
1163 2310 1217 2350 esse
1238 2298 1396 2349 contentum.

1111 2434 1876 2506 Gnsconrusepiscopus,servusservorumlleidisnr-

1075 2543 1182 2585 usaue
1205 2527 1386 2602 [Hermanno]
1412 2530 1528 2585 ltletensi
1557 2528 1685 2600 episcopo
1705 2530 1824 2584 salutem
1847 2537 1876 2586 ct

1072 2623 1253 2693 apostolicam
1266 2621 1498 2681 benedictionem.

1109 2714 1227 2771 Litteras
1237 2715 1390 2772 dilectionis
1404 2725 1459 2772 tuat
1473 2724 1613 2787 gratanter
1626 2715 1797 2786 accepimus,
1809 2717 1874 2787 quia

1073 2809 1101 2864 in
1124 2809 1164 2865 eis
1178 2808 1377 2866 abundantiam
1392 2809 1545 2867 devotionis
1559 2820 1613 2866 tuae
1625 2826 1689 2883 erga
1707 2825 1758 2865 nos
1771 2810 1874 2866 erube-

1072 2917 1132 2958 rare
1160 2902 1348 2975 cognovimus.
1373 2907 1430 2961 Nos
1452 2902 1564 2976 quidem
1593 2905 1722 2959 omnibus
1747 2902 1872 2960 debitum

1070 2996 1260 3053 sollicitudinis
1274 3006 1376 3055 nostrae
1388 2998 1517 3053 exhibere
1532 2998 1659 3053 volumus
1677 3005 1705 3053 et
1721 2996 1873 3063 debemus,

1073 3091 1202 3162 quoniam
1229 3091 1354 3147 omnium
1379 3106 1472 3146 curam
1492 3091 1679 3162 suscepimus,
1694 3099 1721 3146 et
1746 3090 1873 3147 omnium

1037 3162 1191 3240 Csalutem
1214 3184 1341 3255 cupimus
1371 3193 1399 3240 et
1428 3193 1575 3257 optamus:
1595 3186 1658 3257 quia
1684 3184 1748 3241 licet
1768 3183 1873 3256 indigni

1075 3276 1180 3333 meritis
1191 3280 1313 3349 regimen
1326 3279 1489 3334 universalis
1511 3278 1637 3335 Ecclesiae
1657 3275 1811 3350 regendum
1829 3294 1874 3334 ac-

1073 3371 1205 3442 cepimus,
1221 3371 1688 3446 etministeriumevangelizandum
1701 3373 1873 3444 accepimus,

1074 3479 1114 3522 vae
1128 3464 1207 3521 nobis
1219 3465 1241 3521 si
1253 3481 1311 3522 non
1322 3466 1603 3538 evangelizaverimus.
1618 3469 1654 3522 Et
1665 3466 1728 3522 licet
1743 3465 1874 3522 omnibns

1072 3557 1209 3615 debitores
1231 3574 1338 3625 sumus,
1362 3560 1496 3631 praecipue
1516 3569 1609 3615 mmcu
1625 3558 1783 3616 domesticis
1808 3558 1872 3616 fidei

253 3677 308 3732 teet
320 3693 329 3729 :
340 3676 412 3745 quod
423 3677 447 3729 st
459 3690 512 3729 coa
523 3675 620 3744 possit,
629 3673 708 3742 jubet
720 3675 810 3743 ipsum
819 3672 887 3727 dare
896 3686 1018 3741 eperum,
1073 3668 1168 3708 curam
1193 3660 1295 3709 nostrae
1320 3652 1515 3710 sollicitudinis
1540 3653 1670 3710 exhibere
1692 3652 1826 3710 condecet
1844 3661 1873 3709 et

253 3752 288 3803 ct
301 3748 371 3801 ultas
387 3746 660 3815 cbbcspeecfiea'etur.
1072 3754 1191 3818 oportet.
1214 3746 1297 3803 Unde
1318 3747 1426 3804 noverit
1450 3746 1606 3804 fraternitas
1629 3757 1719 3804 vestra
1738 3747 1871 3818 quoniam

254 3837 595 3908 Gsscoamsepiscopus,
609 3851 705 3893 servus
719 3851 863 3893 servorum
873 3835 936 3901 Dei,
952 3838 1017 3891 ΜΔ·
1071 3840 1106 3897 de
1120 3839 1197 3896 vobis
1211 3840 1369 3912 propensior
1393 3848 1435 3897 est
1453 3841 1533 3898 nobis
1552 3858 1616 3898 cnra
1631 3852 1659 3900 et
1682 3843 1709 3897 in
1727 3841 1804 3897 vobis
1826 3857 1871 3898 ar·

218 3948 322 3991 ΝΛΜ
332 3930 462 3989 Remensl
470 3930 674 4003 archiepiscopo
684 3930 800 3986 salutem
807 3938 834 3985 et
840 3927 1018 4000 apostolicam
1072 3933 1180 3991 dentior
1192 3950 1281 4003 amor,
1298 3950 1347 4007 pro
1361 3950 1394 3993 ρο
1406 3934 1510 3991 scilicet
1520 3936 1595 4007 quod
1608 3935 1698 4007 dignae
1712 3950 1873 4006 recompen-

218 4027 446 4085 benedictionem.
1070 4027 1185 4084 sationis
1213 4043 1316 4085 munus
1344 4044 1360 4084 a
1386 4038 1486 4086 vestrae
1513 4028 1665 4085 sanctitatis
1697 4027 1872 4085 orationibus

255 4124 383 4179 Romana
403 4116 524 4175 Ecclesia
538 4114 705 4189 jamdudum
718 4116 923 4173 fraternitatem
938 4123 1015 4173 tuam
1069 4130 1269 4193 exspectamus.
1288 4123 1379 4180 Grave
1391 4122 1465 4179 enim
1485 4121 1591 4195 pondus
1610 4121 1762 4196 gerendum
1775 4137 1874 4179 susce-

220 4215 293 4273 ulnis
306 4223 439 4272 maternae
450 4212 603 4270 dilectionis
617 4212 799 4286 amplectens,
825 4210 933 4286 speciali
947 4228 1014 4285 quo·
1070 4215 1170 4287 pimus,
1185 4224 1227 4282 et,
1249 4215 1298 4272 nisi
1312 4216 1411 4273 vestris
1424 4225 1453 4272 et
1463 4216 1550 4272 totius
1567 4214 1779 4273 Christianitatis
1800 4214 1872 4272 lide-

219 4310 371 4367 dammodo
383 4310 518 4367 charitate
543 4307 650 4379 dilexit,
671 4318 699 4366 ct
712 4310 931 4383 praestantissima
949 4331 1015 4371 eura
1070 4307 1138 4364 lium
1165 4309 1335 4366 orationibus
1356 4308 1509 4377 fulciamur,
1539 4308 1610 4367 ferra
1634 4309 1790 4366 nullatenus
1810 4325 1874 4376 pos·

220 4403 375 4462 dulcissime
390 4404 473 4472 fovit;
498 4404 651 4478 praesertim
666 4421 717 4461 nos
742 4406 812 4463 adeo
827 4414 881 4465 tuae
905 4426 1016 4481 promo·
1071 4417 1176 4459 sumu-‘l-
1209 4402 1382 4475 Qualffllliif
1419 4420 1568 4477 wilmus,
1600 4411 1632 4459 ul
1669 4411 1770 4459 ⁸³¹¹&ae
1801 4418 1873 4460 0⁰1¹·

218 4496 287 4554 doni
299 4496 417 4553 favimus
428 4504 457 4553 et
469 4496 671 4564 consensimus,
692 4507 724 4553 ut
746 4514 916 4572 nequeamus
931 4502 1017 4559 vitare
1071 4492 1236 4567 gregationis
1260 4504 1356 4553 vestrae
1384 4498 1499 4555 assiduis
1529 4497 1699 4554 orationibus
1732 4496 1872 4553 sublevari

219 4606 300 4665 grava
322 4590 486 4663 periculum,
499 4592 521 4647 si
542 4607 572 4647 ea
595 4591 692 4649 feceris
716 4608 778 4665 quae
792 4602 871 4650 tuum
891 4562 1057 4654 ordinemD
1074 4592 1307 4647 ntereamur.Non
1322 4591 1563 4648 solumenimtam
1581 4588 1873 4664 sanctaecongregatio·

218 4684 414 4754 dehonestent,
445 4693 492 4742 aut
514 4694 590 4741 tuam
614 4701 672 4742 non
702 4685 817 4743 deceant
846 4688 1017 4762 dignitatem,
1074 4682 1119 4738 nis
1132 4683 1268 4740 orationes
1277 4683 1407 4741 ardenter
1417 4685 1563 4757 exigimus,
1574 4700 1670 4740 verum
1683 4683 1767 4739 totius
1774 4683 1872 4755 populi

218 4777 301 4834 Unde
315 4778 339 4833 si
353 4777 463 4850 quando
483 4793 515 4834 ca
534 4778 569 4835 de
583 4788 610 4835 te
624 4779 781 4836 audivimus
791 4798 853 4854 quae
862 4790 911 4840 tuo
925 4784 1017 4841 ordini
1074 4778 1223 4847 lluaerimus
1232 4785 1260 4834 et
1273 4787 1409 4849 optamus.
1423 4782 1558 4836 Praeterea
1568 4778 1652 4835 abbas
1665 4776 1755 4833 Sancti
1769 4778 1874 4833 Annul-

218 4887 277 4927 non
294 4880 461 4945 congruunt,
484 4871 608 4928 marimo
624 4888 742 4929 moerora
757 4875 962 4946 confundimus,
984 4895 1017 4935 ac
1072 4869 1130 4940 phi,
1147 4871 1188 4928 sir
1204 4877 1245 4939 (ut
1257 4872 1336 4927 nobis
1360 4871 1473 4941 videtur)
1489 4871 1630 4943 religiosus
1648 4877 1676 4927 ct
1697 4870 1744 4924 tibi
1769 4868 1871 4937 fidelis,

218 4964 333 5038 proinde
354 4965 449 5022 leviter
473 4964 647 5021 dissimulare
674 4982 733 5022 non
761 4983 916 5040 possumus.
941 4974 1017 5028 Inter
1071 4963 1150 5020 ¹1⁰1)ss
1163 4965 1290 5033 imminit,
1305 4964 1378 5037 (1¹¹0d
1404 4964 1469 5020 ''0¹st
1485 4963 1533 5038 [su
1556 4962 1708 5036 malitlssssb
1731 4973 1779 5019 11¹⁰
1792 4964 1873 5036 1⁰85·

218 5063 329 5112 caeteras
342 5053 454 5127 quidem
470 5053 657 5125 querimonias
671 5070 733 5125 quae
747 5054 783 5111 de
792 5064 820 5111 te
830 5059 932 5113 uostris
943 5062 1016 5116 auri-

218 5148 271 5205 bus
285 5156 349 5204 stmt
370 5148 481 5213 delatae,
503 5146 674 5217 querimonia
687 5149 846 5203 monasterii
862 5154 946 5208 sancti
960 5156 1015 5209 lle-

218 5236 295 5307 migii
317 5236 417 5291 acriter
438 5234 563 5291 aniurum
584 5243 713 5290 nostrum
734 5234 872 5303 turbavit,
895 5246 921 5294 ct
937 5240 964 5295 in
990 5249 1016 5296 te

217 5328 391 5383 vehementer
413 5326 575 5382 commovit.
589 5329 705 5395 Verum,
720 5326 782 5397 quia
802 5344 874 5385 nuuc
889 5334 1015 5405 cognovi·

217 5433 281 5474 mus
294 5418 368 5489 qued
377 5416 450 5471 idem
465 5418 663 5473 monasterium
678 5418 773 5473 melius
786 5420 918 5479 ordinasti
931 5440 1014 5497 quam

217 5510 426 5569 audivimusvel
449 5511 633 5581 speravimus,
656 5511 786 5583 quoniam
809 5514 846 5571 ibi
867 5512 1015 5575 lilinestum

216 5607 342 5664 moribus
360 5614 388 5661 et
405 5604 543 5661 eruditum
558 5605 652 5661 litteris
664 5605 802 5663 bominem
812 5611 943 5681 posuisti,
958 5630 1015 5670 non

218 5699 332 5756 minima
346 5696 440 5755 loetitia
457 5697 580 5753 animum
593 5708 720 5754 nostrum
742 5700 907 5760 refocillasti.
923 5707 1014 5763 Abbas

216 5794 324 5867 quidem
338 5791 419 5850 nobis
439 5790 589 5849 admodum
605 5794 714 5863 placet:
730 5803 770 5863 et,
787 5795 811 5850 si
834 5805 926 5867 posset
944 5798 1015 5857 ferra

1071 5057 1146 5113 mine
1164 5074 1270 5131 pauper
1289 5058 1386 5125 vivere,
1410 5072 1494 5129 quam
1520 5058 1586 5115 alibi
1612 5058 1688 5114 dives
1709 5063 1738 5114 et
1759 5064 1870 5129 potens.

1071 5151 1136 5207 Vult
1145 5151 1218 5208 enim
1234 5152 1266 5222 (si
1282 5151 1329 5206 tibi
1342 5150 1456 5221 videtur)
1470 5151 1626 5209 renuvatiare
1638 5151 1755 5207 abbatias
1769 5150 1871 5207 Sancti

1071 5244 1205 5315 Remigii,
1221 5253 1250 5300 et
1262 5252 1370 5299 tantum
1392 5252 1489 5301 vestrae
1509 5244 1599 5317 [sorte
1620 5251 1718 5300 vestra.
1735 5241 1785 5317 il]
1807 5258 1872 5299 esse

1070 5344 1215 5393 contentus
1231 5355 1238 5392 :
1254 5336 1333 5408 cujus
1346 5337 1386 5394 rei
1401 5354 1483 5395 causa
1494 5339 1621 5395 misimus
1636 5338 1740 5394 litteras
1758 5348 1870 5394 nostras

1070 5430 1199 5486 Remensi
1211 5431 1424 5503 archiepiscopo,
1440 5441 1472 5489 ut
1494 5434 1596 5488 dictam
1612 5431 1752 5488 abbatiam
1768 5446 1869 5488 sccun-

1069 5523 1138 5579 dum
1152 5526 1241 5581 Deum
1253 5526 1455 5583 consilicistius
1465 5527 1493 5582 in
1507 5525 1592 5581 alium
1607 5525 1722 5592 ordinet,
1736 5526 1788 5582 iste
1801 5538 1873 5615 verq

1070 5618 1146 5674 vobis
1162 5621 1355 5677 tantummodo
1368 5620 1460 5677 cedat.
1481 5621 1538 5674 Vos
1553 5627 1646 5675 autem
1661 5632 1790 5693 rogamus
1799 5634 1869 5691 qua·

1069 5720 1149 5769 tenus
1169 5729 1219 5785 pro
1246 5713 1380 5770 charitate
1399 5722 1493 5771 nostra
1506 5729 1571 5770 cum
1590 5712 1700 5770 charius
1724 5711 1866 5780 babeatis,

1068 5812 1099 5860 ut
1111 5807 1211 5862 sentiat
1221 5807 1369 5879 profecisse
1382 5806 1432 5863 sibi
1441 5806 1565 5879 quodad
1576 5806 1719 5864 nosvsuit.
