3870 6164
61 269 115 321 209
198 304 201 309 -
442 257 722 328 'eubistensis
742 301 778 312 —
796 213 967 329 APtlLObe
987 274 1054 329 PRO
1074 274 1246 329 tiiiEGiliiiO
1266 274 1320 328 iti.
1661 281 1714 333 tta

60 391 150 446 dium
163 391 405 461 Quipastaeniens
426 391 463 447 ad
480 396 578 462 ipsum,
594 398 619 448 et
631 394 902 464 plumandi-buri
952 399 990 453 [te
1005 394 1103 453 eodem
1119 397 1247 469 pontitice
1267 395 1340 452 idem
1363 397 1509 455 Bertoldus
1523 414 1595 455 anno
1614 399 1714 457 Christi
1770 456 1775 463 ,

60 478 147 539 neas
159 484 503 556 pedibns3superplaeiem
516 491 602 554 stans,
615 489 662 542 oin
671 489 863 545 absolutionem
919 497 1016 557 1070:
1041 491 1146 547 Cincius
1167 491 1281 561 quidam
1304 494 1440 547 Ronanus
1463 494 1527 548 cioir
1555 494 1715 564 &operiam

59 579 229 648 impetrarit.
246 578 298 635 Sed
312 584 456 650 imperator
465 595 519 635 non
528 584 713 650 perseuerauit
727 584 756 637 in
766 585 863 638 humili
913 600 1027 655 papam,
1046 584 1090 639 die
1111 586 1268 641 Natiuitatis
1284 587 1398 648 Domini,
1420 589 1564 642 missarum
1585 589 1715 643 solemnia

59 671 225 736 obedientia,
242 687 326 742 auam
342 674 431 743 capit.
916 676 1089 733 celebrantem
1103 678 1316 748 comprehendit,-
1344 694 1422 748 quem
1440 681 1482 735 ito
1500 681 1715 751 comprehensum

97 764 176 821 xvi.
189 764 299 834 Paulus,
314 764 527 823 Bemriedensis.
915 771 1028 841 atridam
1038 787 1071 826 ea
1086 771 1217 826 militibus
1230 772 1348 841 eiusdem
1361 773 1445 829 Cincii
1455 774 1570 830 amidae
1594 775 1713 831 destina·

96 859 189 914 XVII.
215 857 360 916 Gerochus
381 859 668 932 Reicherspergansis,
690 861 725 918 de
743 870 862 934 utroque
915 866 964 919 sil.
979 864 1102 921 sedeam
1121 865 1244 933 pladium
1257 879 1342 934 supro
1360 871 1440 935 caput
1454 866 1511 936 eius
1523 867 1652 929 vibraret,
1669 871 1713 923 ul-

61 951 120 1009 ists
143 952 304 1009 Areninus
326 951 435 1009 librar
462 952 611 1011 Annalium
628 954 760 1028 Boiorum
778 959 865 1026 :Lepi
916 960 1080 1013 minterrare
1098 962 1243 1028 abneptis,
1263 960 1377 1020 corruit,
1395 973 1440 1012 nea
1462 961 1604 1030 imoeplnm
1630 963 1712 1016 ratum

58 1046 175 1113 multos,
185 1048 336 1117 prasertim
348 1047 463 1101 Paulum
473 1048 702 1117 Benniedensem,
714 1049 861 1107 Gerocbum
917 1052 1024 1121 cupiere
1031 1053 1130 1121 potuit.

59 1140 506 1210 liciebmsperpernemantistitem,
523 1142 860 1212 Anaustiaianosmpstos,
952 1145 1089 1200 liecenset
1112 1143 1186 1200 idem
1208 1142 1354 1201 Bertoldm
1371 1144 1504 1201 nonnulle
1528 1143 1629 1203 dirime
1655 1146 1714 1203 via·

59 1236 91 1288 in
104 1235 216 1304 sciata
235 1237 315 1288 ortos.
339 1235 455 1303 Uterque
472 1235 506 1289 de
521 1234 706 1304 istiuscemodi
726 1236 862 1292 discordia
915 1235 995 1293 dicta
1010 1236 1133 1309 exempla
1154 1237 1182 1292 in
1200 1236 1370 1294 adversarios
1394 1237 1518 1310 Gregorii
1534 1241 1583 1295 vll
1598 1249 1625 1297 et
1637 1241 1715 1296 Hea-

56 1328 212 1399 pemieiosa
226 1326 541 1397 librosedidit5uterque
551 1342 619 1398 pars
633 1328 714 1400 nujus
730 1330 862 1384 tumultus
915 1330 965 1386 rici
992 1330 1065 1404 regis
1082 1330 1206 1387 sumina
1236 1333 1305 1402 Quae
1329 1331 1469 1388 neodhere
1491 1331 1593 1388 iubet:
1617 1334 1715 1388 Vercel-

58 1422 132 1489 {uitz
141 1421 198 1483 iile,
211 1419 425 1491 liepiaobnrpii3
436 1421 489 1489 llic,
502 1421 633 1490 Auansta
639 1424 785 1492 primaria
794 1424 861 1479 adis
916 1424 995 1480 tarsis
1009 1427 1155 1495 spuanprns,
1167 1423 1284 1494 depositi
1293 1426 1364 1494 repis
1381 1425 1567 1489 cancellarius,
1583 1441 1643 1481 enm
1657 1442 1714 1481 om·

59 1513 195 1573 woerdos.
219 1514 307 1570 Ambo
333 1515 411 1569 rebus
436 1514 618 1570 Hildebrandi
650 1516 786 1585 studuere,
809 1524 861 1572 etc.
915 1518 993 1572 nibus
1006 1521 1064 1573 suis
1082 1519 1239 1589 sequacibus
1257 1518 1416 1588 colloquium
1439 1520 1560 1587 paternis
1576 1521 1649 1575 eirca
1662 1523 1717 1575 lia-

59 1609 217 1663 iieinrieum
226 1610 340 1677 stupris,
355 1608 502 1670 amoribus,
522 1608 701 1678 impudicitia
711 1614 737 1664 et
750 1609 858 1666 adulte·
916 1612 1008 1667 luridas
1021 1614 1090 1667 iiaii
1102 1611 1299 1669 iuliumalibus
1309 1612 1444 1678 condicit,
1454 1616 1495 1677 ut,
1504 1613 1529 1666 si
1538 1613 1629 1682 aliquo
1638 1613 1716 1667 modo

59 1704 96 1756 rii
107 1702 240 1770 stuprasse
252 1702 383 1770 infamia,
405 1717 439 1756 ne
453 1703 535 1756 amici
547 1703 655 1772 quidm
673 1708 783 1773 uepnrrt,
805 1712 858 1759 etc.
912 1709 1011 1774 posset,
1031 1706 1190 1774 (troparium
1209 1721 1314 1775 papam
1336 1705 1497 1775 deponeret3
1525 1704 1573 1760 sed
1589 1707 1656 1775 ipse,
1678 1706 1716 1761 ad

60 1796 222 1864 drepanium
236 1797 326 1849 airum
346 1791 545 1850 oneratissimum
557 1798 763 1866 puniendorum
775 1799 861 1853 easti—
876 1776 900 1840 Β
917 1799 1037 1852 eumdem
1053 1801 1199 1853 terminum
1212 1799 1312 1868 absquae
1328 1798 1504 1853 ecclesiastiea
1521 1801 1714 1862 commuuione,

59 1890 122 1944 tissa
150 1888 252 1943 Paulus
269 1888 489 1957 riiernriadensis,
514 1891 563 1959 aui
588 1889 645 1959 ejus
674 1891 765 1945 Vitam
786 1890 863 1947 libris
917 1893 1004 1946 uitam
1019 1892 1102 1946 simui
1122 1898 1148 1947 el
1169 1892 1430 1961 episcopaturum
1455 1891 1647 1947 miserabiliter
1656 1895 1666 1947 .'
1675 1892 1716 1946 dc·

59 1982 163 2037 duobus
184 1982 337 2052 compleam
350 1986 400 2045 est,
414 1986 439 2037 el
458 1983 560 2053 reliam
580 1983 637 2053 eius
648 1986 771 2054 partium
786 2000 862 2039 acer·
914 1986 1017 2055 posuit,
1030 1985 1256 2055 quoillepapam
1270 1986 1387 2053 sentenia
1399 1987 1717 2056 prasumptiouestatnit
1808 2031 1811 2038 ,
1902 1950 1905 1959 .

60 2078 127 2131 rimi
137 2079 357 2147 propugnatores
366 2077 500 2147 prodant.
917 2078 1056 2148 depromes.
1073 2080 1131 2135 lion
1144 2079 1227 2133 multo
1236 2082 1297 2149 post
1310 2078 1367 2148 ejus
1396 2080 1547 2141 interilum,
1568 2080 1716 2148 preelectus

92 2167 216 2244 Quaesivi
226 2167 296 2225 duos
312 2168 395 2225 hosce
415 2176 543 2225 auctores
556 2169 585 2226 in
608 2169 722 2226 Binaria
742 2179 770 2227 et
786 2179 861 2227 extra
917 2172 1139 2235 ilomauaurbis
1154 2172 1305 2238 indefessis
1313 2171 1388 2226 miles
1407 2172 1435 2228 S.
1456 2173 1630 2227 Petricontra
1643 2172 1714 2226 sabi·

59 2261 214 2336 bibgwter,
230 2261 328 2334 partim
343 2275 416 2330 mea,
427 2262 528 2334 partim
541 2261 798 2336 amicorumopera
810 2279 862 2321 nee
915 2267 1051 2333 smatiem,
1073 2282 1091 2319 a
1109 2264 1226 2336 quodam
1250 2266 1360 2332 tautam
1379 2266 1489 2319 tierrici
1495 2265 1640 2320 crudeliter
1654 2265 1717 2320 occi·

59 2355 168 2428 repcri;
182 2370 250 2412 cam
259 2363 352 2412 amen
363 2364 471 2412 certum
481 2354 516 2412 sit
524 2356 666 2429 utriusque
680 2367 861 2416 monumenta
915 2358 1008 2423 ditum·
1023 2358 1061 2413 ad
1074 2358 1150 2427 nlius
1165 2374 1259 2428 merrus
1272 2360 1303 2412 in
1311 2373 1401 2429 parua
1416 2363 1544 2429 tempore,
1556 2359 1716 2428 plusquam

60 2449 114 2507 risa
125 2458 155 2506 et
165 2448 247 2516 lecta,
262 2446 354 2507 forsan
367 2455 394 2505 et
409 2448 526 2521 expilata
538 2465 596 2506 esse
605 2449 639 2506 ab
654 2450 803 2518 Aventino,
813 2453 859 2523 qui
914 2454 1016 2521 vipirrti
1030 2453 1161 2507 retinacula
1178 2454 1355 2521 contrpernnt,
1367 2456 1398 2507 ut
1414 2452 1536 2521 fidelium
1547 2454 1669 2507 virorum
1677 2467 1718 2507 re·

60 2541 242 2600 rodemiibro
263 2540 359 2615 quinto
375 2542 445 2609 haec,
467 2557 529 2614 quse
549 2541 583 2599 de
606 2542 861 2617 Wiiirclmoirsje-
916 2546 1014 2600 latione
1023 2544 1179 2599 didicimus.
1191 2545 1307 2601 imbrico
1321 2545 1499 2614 augustensis
1509 2547 1656 2616 episcopus,
1669 2547 1719 2615 qui

60 2634 145 2692 masi
167 2634 325 2707 accipienda
347 2634 478 2693 ridentur
505 2655 511 2691 :
534 2638 635 2692 Paulus
659 2639 863 2716 Benariedeusis
914 2639 1092 2707 inpeneterito
1110 2639 1214 2694 Paralia
1237 2638 1377 2707 liudolpho
1399 2641 1460 2708 rapi
1472 2638 1632 2708 fidelitatem
1643 2641 1717 2709 iura·

59 2734 158 2785 narrat
168 2731 321 2801 qrrswprrm
336 2730 489 2799 quemdam,
509 2730 574 2785 dnm
585 2747 635 2800 pro
654 2734 774 2787 condocta
796 2733 859 2787 Hii-
913 2732 961 2793 uit,
974 2731 1013 2784 nil
1027 2730 1060 2785 de
1078 2730 1199 2801 purpurio
1217 2746 1326 2794 mirans,
1342 2733 1455 2787 lienrico
1468 2731 1622 2786 advenienti
1632 2732 1719 2786 adlue-

60 2822 233 2878 debrandum
243 2825 420 2894 vituperaret,
432 2824 549 2892 sulmirre
558 2828 659 2879 tactum
668 2840 731 2887 esse,
745 2824 861 2894 dumque
914 2826 959 2885 sit,
968 2828 994 2879 et
1008 2824 1086 2893 apud
1099 2825 1179 2889 illum
1188 2824 1305 2892 quadam
1319 2824 1363 2878 die
1378 2826 1489 2878 missam
1511 2826 1626 2892 taram,
1647 2825 1717 2880 haria

60 2920 154 2985 oper-et
167 2917 446 2980 amimam,diaisse:
473 2919 582 2986 «lanea
595 2923 688 2973 catena
705 2920 861 2975 constrictus
915 2917 968 2972 sibi
985 2917 1162 2972 conditionem
1184 2919 1265 2971 miser
1291 2918 1418 2987 imposuit
1435 2921 1466 2970 ut
1479 2931 1555 2971 sacra
1574 2917 1717 2971 oblationis
1819 2928 1825 2940 ·

61 3010 152 3064 trubm
165 3008 205 3064 ad
216 3011 335 3079 inseram
348 3011 394 3077 ite,
404 3012 532 3065 nuntiate
545 3010 654 3073 Casini,
670 3015 700 3066 ut
710 3013 860 3082 resipiscat,
912 3013 1048 3081 perceptio
1060 3012 1090 3064 iu
1099 3009 1235 3079 judicium
1252 3011 1277 3065 ei
1294 3011 1498 3080 probamenta
1518 3010 1647 3066 Dominus
1660 3009 1717 3078 eires

60 3104 240 3173 dtaaitium
260 3104 289 3156 in
303 3107 397 3173 Deum,
409 3103 501 3158 dirum
520 3106 639 3172 Petrum,
661 3106 717 3177 ejus
729 3106 862 3160 oica-rium
916 3106 1049 3160 Henricus
1062 3119 1176 3174 repnum
1188 3104 1243 3161 sibi
1263 3104 1362 3174 iniuste
1386 3108 1541 3174 usurparet.
1561 3105 1624 3158 Post
1649 3103 1717 3158 lrmn

61 3198 238 3259 mmmnsurn,
262 3196 361 3266 officiis
376 3202 534 3267 compenset,
545 3199 600 3253 nisi
613 3213 654 3252 me
666 3198 861 3254 antecedentem
880 3153 902 3216 C
916 3198 1088 3253 banneriam
1096 3199 1302 3267 perceptionem,
1314 3212 1398 3266 parco
1409 3197 1479 3267 qnod
1488 3198 1642 3267 supervia-it
1657 3200 1718 3252 tem

60 3290 95 3345 ad
112 3295 216 3345 aterm
230 3291 364 3360 supplr'eia
373 3289 502 3360 subsequi
518 3291 606 3346 malit.
618 3310 632 3342 n
647 3291 747 3348 Eodern
758 3308 862 3362 quocica
911 3307 977 3362 porc
995 3307 1079 3361 usque
1098 3291 1135 3345 ad
1156 3295 1268 3345 mortem
1289 3306 1430 3360 aunqmrm
1449 3306 1476 3346 se
1491 3305 1590 3345 sanum
1606 3290 1639 3345 de
1652 3291 1717 3345 lecta

60 3384 112 3448 die,
132 3398 229 3453 canpe
238 3383 413 3454 paschalibus
432 3387 530 3454 quarto
544 3384 605 3439 liat.
624 3384 729 3448 Martii,
747 3386 861 3441 utidem
915 3386 1023 3439 leuauit.
1054 3386 1124 3440 Nom
1145 3386 1215 3438 circa
1232 3385 1294 3445 liei·
1322 3385 1389 3439 lulii
1416 3383 1515 3453 absque
1540 3383 1716 3439 ecelesiastica

60 3477 163 3533 huius
181 3477 593 3548 recilat,eprscopnsSpirensis,
611 3480 737 3548 Greporio
751 3481 861 3548 septimo
914 3480 1094 3533 conmunione
1126 3477 1272 3544 defunctus
1299 3481 1346 3532 est.
1360 3478 1425 3532 ltem
1448 3475 1612 3545 Sipelrardus
1633 3476 1717 3546 Aqui-

60 3572 184 3641 iniquus,
197 3570 232 3625 ab
246 3569 335 3626 eodem
346 3570 474 3627 Kalendis
485 3571 593 3626 Martiis
606 3571 725 3640 devotus,
740 3573 862 3627 arrimom
915 3571 1021 3626 leiensis
1036 3571 1197 3640 patriarcba
1215 3573 1242 3624 in
1259 3571 1397 3625 auailium
1419 3572 1533 3625 Hearico
1547 3573 1640 3625 contra
1654 3569 1718 3624 ban-

60 3665 177 3734 efflarit.
192 3664 320 3732 Greporio
347 3664 489 3721 &amium
512 3666 630 3735 molino
649 3663 779 3729 intrante,
797 3667 861 3721 anim
914 3680 979 3719 num
994 3662 1146 3734 apostolici,
1162 3668 1270 3719 amicata
1292 3666 1503 3731 maauoauens,
1526 3665 1555 3718 in
1569 3664 1717 3718 amanium

60 3757 175 3829 mnam
187 3756 299 3811 denerat
319 3775 326 3812 ε
343 3758 444 3814 Auctor
458 3757 644 3825 dissensionis,
664 3762 712 3828 aui
721 3763 804 3814 toturn
815 3775 861 3815 or·
915 3760 1032 3823 vertitur
1044 3757 1119 3828 apud
1131 3760 1318 3828 Ratisponam,
1344 3762 1369 3813 el
1382 3773 1416 3811 ea
1430 3759 1486 3828 ipso
1512 3759 1607 3813 itinere
1625 3772 1718 3827 repen·

62 3850 119 3905 bern
132 3855 273 3906 terrarum
290 3853 375 3906 armis
387 3855 414 3905 et
437 3850 512 3906 bellis
537 3853 659 3914 iaaoloit,
687 3852 771 3923 nujus
785 3854 862 3909 urbis
916 3854 975 3907 tina
984 3855 1069 3906 morte
1077 3852 1260 3921 intercipitur,
1275 3853 1364 3920 suque
1385 3851 1504 3920 domurn,
1525 3867 1579 3906 aare
1592 3853 1648 3906 sine
1662 3851 1717 3906 ali-

60 3960 168 4015 enaque
181 3946 298 4015 maan
313 3943 524 4000 conturbatums
537 3945 658 3999 macerit.
672 3949 735 4003 bias
747 3948 802 4015 ille,
819 3948 862 4003 bis
914 3946 1010 4017 areimis
1024 3960 1135 4000 suorum
1144 3943 1299 4013 futuribus,
1313 3947 1344 4000 in
1364 3949 1512 4015 somerset
1531 3947 1626 4000 anima
1641 3960 1716 4000 mor-

61 4038 152 4102 diciis,
163 4038 339 4103 obmussan-
356 4037 485 4093 deductus
504 4039 541 4092 ad
560 4040 727 4107 Greporiam,
746 4056 862 4095 acorem
919 4043 993 4109 tuus,
1008 4039 1208 4109 reportabatur.
1640 4040 1643 4051 ‘

64 4146 142 4187 suum
156 4135 310 4202 muitetur,
327 4131 363 4186 ab
377 4130 466 4187 eodan
476 4133 593 4187 sanitati
610 4119 773 4187 restituetur.
951 4132 1028 4189 idem
1044 4131 1198 4203 liutoldus,
1213 4148 1286 4190 anno
1311 4136 1380 4189 1085
1396 4133 1467 4190 :Sed
1487 4132 1550 4203 jam
1565 4131 1644 4189 'Deus
1662 4148 1717 4188 om·

99 4226 204 4282 xvlll.
243 4223 388 4282 Bertaldus
415 4224 638 4289 Coasmnbensis.
661 4224 689 4281 in
714 4224 862 4294 Chronico,
917 4229 1040 4297 nipotens
1061 4228 1198 4294 famulum
1217 4243 1297 4283 suum
1320 4229 1482 4297 Greporium
1498 4242 1602 4297 popam
1626 4226 1717 4282 nolens

64 4318 87 4375 si
112 4327 208 4375 tamen
234 4314 357 4374 diversus
381 4324 461 4374 esta
492 4317 628 4375 Bemaldo
651 4307 862 4388 Coasiamimsi,
916 4320 1022 4376 diutius
1032 4321 1168 4384 laborare,
1178 4323 1232 4375 imo
1241 4337 1293 4391 pro
1305 4321 1443 4376 laboribus
1456 4322 1513 4375 suis
1527 4320 1609 4389 diane
1630 4335 1719 4375 remu·

66 4413 225 4485 cujusnam
239 4426 288 4483 pro
297 4411 431 4484 Gregorio
442 4411 491 4466 vll
505 4411 660 4468 testimonia
667 4411 726 4485 jem
740 4413 862 4484 primum
916 4430 1009 4469 merare
1018 4410 1116 4483 colna,
1130 4415 1162 4470 de
1176 4415 1257 4485 buius
1275 4415 1339 4468 rita
1363 4414 1497 4483 erpasndo
1523 4429 1583 4467 eam
1600 4415 1714 4468 rimavit.

67 4506 191 4563 iniussn]
204 4504 362 4578 promimus
377 4524 384 4560 :
409 4507 500 4562 mma
515 4507 672 4563 Aieaauder
686 4523 763 4578 papa
775 4508 860 4562 deces-
876 4540 901 4603 D
915 4510 984 4563 Nam
993 4508 1134 4576 aliquanto
1147 4512 1263 4578 tempore
1281 4508 1403 4576 praviter
1424 4521 1532 4576 corpore
1546 4507 1715 4575 infirmatus,

68 4602 112 4666 n't;
123 4615 176 4672 pro
191 4614 245 4670 quo
264 4598 425 4655 ammobilis
438 4599 649 4662 Hibiebraudus,
665 4603 795 4658 Roaraaa
808 4604 859 4658 lic-
917 4600 963 4656 sed
972 4604 1000 4655 in
1015 4601 1171 4669 defensione
1180 4601 1297 4670 justitia
1310 4615 1395 4670 mque
1415 4599 1452 4654 ad
1465 4604 1578 4655 mortem
1591 4601 1717 4671 firmasi-

70 4693 148 4749 clara
173 4692 397 4761 incriminantes,
447 4695 583 4748 mmmuni
607 4696 725 4749 ominium
755 4696 864 4751 consilio
917 4695 1107 4758 mussulam
1118 4695 1190 4749 diem
1203 4695 1302 4750 clausit
1315 4698 1474 4749 eatremum.
1490 4697 1528 4749 lle
1543 4693 1619 4763 cujus
1642 4694 1718 4749 obitu

72 4788 202 4859 erpeium
211 4802 289 4859 papa
311 4786 520 4843 constituendus.
545 4787 606 4857 Quo
623 4788 725 4851 andito,
745 4791 801 4859 ipse
819 4805 865 4842 ar-
917 4803 1005 4844 omues
1018 4789 1138 4856 reliaiosi
1157 4790 1299 4857 utriusque
1312 4802 1406 4855 senus,
1419 4791 1445 4842 ct
1456 4789 1574 4842 manime
1584 4802 1717 4858 pauperes

73 4880 238 4937 annana
251 4895 278 4936 se
296 4880 400 4935 vluna
425 4896 479 4937 esse
504 4882 636 4950 imparem
662 4885 735 4937 tanto
758 4882 863 4946 honori,
917 4882 1070 4936 doluerunt.
1081 4883 1151 4937 Erat
1169 4878 1241 4936 enirn
1254 4881 1391 4937 allbolica
1400 4881 1537 4951 reiraimr's
1548 4882 1717 4947 {eruentissi-

72 4975 118 5029 ino
130 4976 217 5039 oneri,
237 4978 376 5046 reputans,
397 4974 519 5029 inducias
543 4974 723 5043 respondendi
737 4977 864 5046 petiit,et
916 4991 975 5031 mus
994 4977 1144 5039 institutor,
1164 4979 1190 5030 et
1215 4964 1396 5031 ecclesiasticae
1408 4974 1543 5031 libertatis
1566 4977 1718 5031 strenuissi-

73 5068 105 5121 sic
115 5070 186 5142 {tipo
208 5067 328 5138 eiapsres,
354 5067 459 5137 aliqud
476 5067 532 5122 dies
555 5066 592 5121 ad
611 5068 723 5122 Vincula
747 5070 776 5125 S.
791 5071 866 5124 Petri
916 5084 975 5124 mars
990 5069 1124 5137 defensor.
1140 5069 1233 5125 Noluit
1246 5085 1311 5125 snae
1322 5073 1353 5124 ut
1372 5069 1564 5125 ecclesiasticus
1575 5069 1640 5124 ordo
1655 5085 1715 5123 ma·

74 5163 212 5218 muttum
223 5162 314 5217 latuit.
325 5159 379 5217 Sed
391 5160 501 5215 tandem
513 5162 563 5215 aia
572 5162 702 5228 incentus,
718 5166 744 5217 et
754 5162 791 5216 ad
804 5177 864 5232 apo
916 5163 996 5217 nibus
1010 5163 1139 5218 laccorum
1152 5163 1310 5234 subiaceret,
1320 5163 1367 5217 sed
1384 5162 1494 5226 eamn,
1504 5167 1530 5218 el
1541 5178 1645 5217 morum
1658 5176 1716 5217 san-

73 5256 185 5311 stalioarn
205 5254 295 5311 amem
321 5255 352 5309 oi
369 5252 534 5324 perductus,
556 5269 630 5325 papa
650 5255 728 5313 CLIX
753 5257 864 5325 septimo
916 5258 1019 5319 ditate,
1036 5261 1061 5311 et
1081 5258 1186 5313 ordinis
1199 5257 1329 5327 dipisitate
1340 5257 1544 5327 praemiseram
1559 5254 1717 5326 puodillum

75 5350 178 5406 ialard.
199 5350 271 5406 itaii
283 5346 437 5408 adimatur,
460 5350 486 5401 et
511 5347 654 5416 iireaorius
676 5350 728 5405 Vli
747 5349 864 5419 appella·
918 5349 1003 5405 latere
1022 5365 1075 5405 uon
1094 5352 1205 5421 poterit,
1220 5353 1374 5421 quicunque
1386 5350 1505 5419 ejusdem
1520 5348 1660 5419 apostolici
1673 5361 1718 5401 re·

72 5446 121 5498 tur.
134 5441 216 5512 cuins
225 5439 452 5513 praeminum
471 5440 556 5495 solum
569 5442 600 5495 in
617 5440 711 5508 italia,
725 5442 772 5497 sed
786 5445 866 5497 etiam
920 5448 1025 5512 pestem
1037 5443 1341 5514 diliparterperleperit.
1357 5446 1500 5513 Postquam
1524 5447 1613 5497 amun
1627 5443 1657 5507 iu
1669 5455 1717 5508 pu·

71 5537 97 5590 in
108 5536 256 5593 teutonicis
272 5532 412 5605 partibus,
426 5533 571 5601 refrenata
587 5538 625 5589 est
643 5535 813 5590 sercmdotum
827 5538 869 5590 in-
923 5534 1157 5591 bernationesedes
1169 5537 1333 5606 apostolica,
1345 5538 1397 5592 imo
1412 5538 1494 5591 totius
1514 5537 1637 5593 &clena
1653 5533 1719 5585 drio-

71 5626 869 5698 cantirrartio:suiicel‚auodpradecessorejusin1talia,
924 5628 1006 5684 decim
1026 5643 1108 5684 annos
1128 5634 1153 5684 et
1179 5644 1265 5684 unum
1284 5645 1401 5685 marisam
1426 5628 1544 5696 legitime
1563 5625 1716 5683 decertarit,

69 5722 113 5779 boc
132 5726 192 5793 ipse
215 5722 246 5775 iu
265 5722 322 5776 tota
347 5720 383 5775 iia
397 5719 460 5776 iesca
485 5721 618 5778 cctmlica
641 5721 783 5792 pronibere
808 5728 863 5779 stu·
922 5722 1031 5778 tandem
1056 5723 1152 5777 eahae
1169 5722 1236 5789 luce,
1269 5737 1339 5778 amco
1364 5722 1562 5779 incantationis
1576 5715 1720 5776 Domina?

68 5816 138 5873 duit.
920 5818 1001 5877 1085,
1022 5816 1167 5871 indictione
1191 5818 1297 5880 octana,
1315 5830 1371 5872 vm
1389 5813 1449 5870 iiol.
1470 5814 1545 5866 lunii
1557 5807 1715 5865 subtractus,
