3870 6164
154 274 204 332 tar
713 284 964 344 manasserus
983 319 1018 330 -
1036 291 1141 347 emsa.
1160 292 1239 349 xuu.
1479 356 1484 363 ,
1748 284 1800 356 'art

153 399 239 456 ticum
261 399 371 469 indicet,
395 403 466 460 etin
477 413 570 462 sanma
592 405 756 479 jubilatione
781 410 987 483 inflammet-'A
1005 413 1028 470 si
1042 413 1121 472 nobis
1134 413 1322 473 inobedientes
1336 416 1486 473 exstiterint
1505 426 1533 474 et
1550 418 1578 475 in
1594 418 1717 478 fraterno
1736 421 1801 480 odio

154 500 184 548 ut
198 493 316 565 perfecte
328 495 424 552 sciatis
442 497 591 556 humanam
613 499 785 574 fragilitatem
802 503 913 574 deflere,
922 514 950 562 et
1001 523 1155 577 remanere,
1171 507 1282 565 diabolo
1309 509 1465 584 instigante,
1490 511 1646 582 maluerint,
1670 514 1710 571 illi
1737 515 1800 588 qui·

153 585 320 644 ineffabilem
335 589 388 646 Dei
406 589 601 663 benignitatem
615 610 790 667 cognoscere,
806 597 875 653 utin
889 599 948 672 ejus
1002 600 1066 659 dem
1081 617 1113 658 er
1136 601 1214 674 cujus
1226 603 1305 674 culpa
1329 602 1372 660 vel
1384 603 1510 676 snperbia
1524 621 1576 678 pax
1594 606 1645 664 ista
1666 623 1803 666 remanse-

153 695 249 736 amore
273 697 383 755 semper
398 694 552 743 crescentes
565 686 599 743 ad
614 688 675 761 ejus
697 699 801 747 certam
821 691 948 748 notitiam
1001 694 1047 763 rit,
1062 694 1178 767 gratiam
1191 695 1277 752 sancti
1298 696 1371 754 Petri
1391 695 1555 781 auferimus,
1577 715 1706 774 eumque,
1730 703 1801 759 sicut

154 780 182 829 et
207 775 364 832 mirabilem
377 776 510 849 leudam,
532 780 635 838 coelesti
649 791 737 840 matre
748 783 877 855 ducente,
893 800 950 842 me·
1002 787 1161 846 membrmn
1180 787 1280 846 diaboli
1303 797 1332 846 et
1351 788 1537 848 desolatorem
1557 792 1721 852 Christianae
1733 795 1800 852 reli-

154 867 267 924 reamini
279 870 431 940 pervenire.
716 896 719 909 ·
1003 881 1102 956 ponis,
1124 882 1329 940 onmomnibus
1344 882 1497 941 fautoribus
1518 885 1586 956 suis,
1610 886 1801 947 festinabimus

186 964 258 1018 Data
268 964 380 1036 Romae,
394 980 427 1023 tv
447 967 541 1024 Nonas
557 968 642 1043 [Καὶ]
652 970 784 1041 ianuarii,
801 971 951 1032 indictione
1003 975 1228 1034 acommunione
1243 976 1405 1034 Christianae
1419 977 1556 1036 societatis
1572 979 1750 1056 abscindere,
1762 981 1800 1040 ita

156 1054 283 1112 mennda.
1004 1077 1035 1126 ut
1048 1069 1153 1126 nullam
1166 1070 1294 1142 deinceps
1317 1069 1460 1128 victoriam
1479 1071 1506 1127 in
1515 1071 1599 1143 bello,
1611 1073 1715 1132 nullam
1732 1091 1800 1149 pro-

418 1155 595 1213 EPlSTOLA
605 1159 685 1214 xv1.
1005 1163 1162 1236 speritatem
1182 1162 1283 1221 habere
1295 1164 1420 1237 possitin
1432 1164 1644 1223 manicabat
1666 1183 1730 1225 vero
1753 1169 1801 1242 qui

197 1259 239 1302 an
251 1259 478 1306 emereamur
489 1265 718 1309 canunnsnssrr
729 1267 917 1313 serscoeun.
1005 1257 1143 1314 humiliter
1156 1257 1214 1329 paci
1227 1252 1404 1326 consenserit,
1427 1257 1601 1333 debitamque
1615 1260 1801 1320 obedientiam

441 1348 531 1410 (Auno
553 1350 643 1412 1079.)
1005 1351 1162 1424 apostolicae
1180 1348 1235 1408 sedi
1248 1350 1409 1421 exhibuerit,
1424 1359 1576 1410 statuemus
1589 1369 1623 1410 er
1637 1353 1722 1429 gratia
1740 1371 1801 1413 san·

160 1431 335 1500 Amplectitur
346 1436 557 1508 deuotionisejas
567 1441 702 1506 affectum
715 1458 780 1511 erqo
789 1444 877 1499 sedem
890 1460 952 1514 upo-
1006 1446 1042 1501 cti
1064 1445 1139 1504 Petri
1153 1444 1365 1518 inexpugnabile
1376 1445 1519 1519 apostolici
1540 1445 1643 1505 favoris
1656 1449 1801 1517 auxilium,

190 1507 475 1648 {polimtgrtfflptprliposio
490 1513 863 1640 epepnersoff'itcttlhfgtosiagusssti
877 1518 948 1640 illiti
1000 1554 1129 1612 eumque,
1141 1539 1210 1596 sieut
1222 1538 1311 1596 lilium
1322 1547 1425 1596 sanctae
1438 1541 1576 1598 Romanae
1594 1541 1802 1601 Ecclesiaecon-

190 1596 412 1721 wsse'zuipossfg
423 1597 947 1727 sapssnindmasfiessiqwssegffliunff
999 1631 1088 1701 decet,
1114 1631 1149 1688 ad
1173 1630 1354 1689 obtinendam
1372 1633 1562 1690 baereditatem
1586 1632 1801 1710 dignitatemque
1872 1702 1875 1706 Α

189 1727 224 1779 cis
237 1723 402 1777 denuntians
424 1725 540 1778 alterum
552 1740 650 1788 comm,
667 1742 717 1796 per
738 1744 816 1798 quem
831 1731 946 1796 steterit,
1000 1731 1141 1798 paternam
1166 1725 1256 1783 modis
1280 1725 1408 1783 omnibus
1434 1726 1639 1798 procurabimus
1660 1726 1801 1802 adjuvare,

191 1810 290 1865 ”eim
304 1799 444 1879 1111111111).
458 1798 737 1882 911111ῃῖ111111111111111111
751 1799 952 1883 Ῑθ11ἱ,1111111111
968 1802 1034 1875 Bet
1055 1818 1185 1876 omnibus
1203 1818 1364 1876 Christianis
1380 1820 1410 1876 in
1432 1819 1557 1895 partibus
1581 1820 1643 1890 illis,
1667 1830 1699 1878 ut
1721 1822 1746 1879 ei
1763 1821 1803 1880 fa·

190 1882 262 1929 emo,
273 1881 321 1935 qrn
330 1867 480 1935 apostolicae
493 1867 552 1921 seda
564 1868 703 1932 obedierat,
720 1870 758 1924 ad
777 1870 950 1926 obtinendem

195 1936 694 2007 gmeditagmpmmmjuwudum·
703 1942 873 1998 Proepmau,
881 1945 950 2002 Nar,
1004 1920 1086 1970 veant
1104 1928 1221 1985 cumque
1232 1912 1267 1971 ad
1280 1910 1459 1970 obtinendum
1469 1913 1651 1987 principatum
1660 1915 1800 1989 adjurent,

190 2009 313 2066 tenensis
323 2011 441 2079 episcopi
454 2009 620 2080 ejtcssrctris
631 2012 715 2066 sutura·
732 2015 861 2069 consulat,
1005 2007 1151 2080 apostolica
1181 2007 1343 2064 auctoritate
1372 2008 1574 2081 praecipiemus.
1598 2007 1737 2081 Quidquid
1757 2024 1804 2067 au·

190 2104 372 2163 Graecinus
382 2101 536 2174 episcopus,
548 2119 643 2160 servus
657 2120 798 2162 servorum
805 2106 868 2177 Dei,
884 2104 950 2165 dile·
1003 2107 1062 2156 tem
1073 2099 1107 2157 de
1124 2099 1177 2158 hoc
1191 2101 1330 2158 31110111
1344 2100 1552 2183 108111θώ111]
1576 2099 1670 2172 1111111,
1685 2112 1805 2176 quanto·

160 2196 238 2253 ctoin
252 2196 362 2254 cbristo
373 2192 452 2251 fratri
471 2198 671 2256 Brasueanro
693 2199 866 2257 Gerundensi
892 2201 950 2274 epi·
1006 2193 1063 2252 eius
1074 2194 1153 2251 nobis
1168 2193 1263 2251 litteris
1281 2193 1486 2265 intimarc,imo
1509 2194 1533 2252 sl
1548 2195 1805 2269 opportunumfue·

160 2304 238 2364 scopo
254 2289 373 2347 salutem
387 2296 416 2345 et
427 2290 608 2361 apostolicam
623 2291 850 2350 benedictionem.
1006 2288 1052 2357 rit,
1078 2289 1196 2362 teipsum
1214 2289 1294 2346 nobis
1320 2298 1517 2363 representare
1536 2287 1653 2348 curabis.
1667 2293 1806 2349 Praeterea

190 2384 267 2442 Sicut
286 2398 337 2456 per
354 2381 444 2440 filium
466 2391 594 2442 nostrum
608 2386 803 2444 blaesiliensem
825 2387 953 2445 abbatem
1006 2379 1042 2439 de
1056 2381 1139 2440 fratre
1146 2390 1193 2439 tuo
1208 2383 1387 2451 Narbonensi,
1400 2384 1489 2457 magis
1500 2399 1585 2458 quam
1597 2384 1731 2442 hactenus
1746 2383 1806 2444 fue·

162 2476 320 2546 didicimus,
335 2485 461 2549 paratum
476 2493 536 2534 esse
549 2486 578 2535 te
589 2478 654 2536 dicis
667 2479 695 2536 in
711 2480 864 2538 obedientia
879 2489 907 2538 et
921 2481 952 2537 fi.
1007 2474 1055 2545 ris,
1068 2476 1130 2532 volo
1149 2484 1176 2532 te
1189 2492 1248 2533 esse
1263 2476 1426 2547 sollicitum3
1441 2476 1505 2550 quia
1519 2493 1570 2551 ego
1591 2478 1658 2536 satis
1669 2478 1704 2536 de
1719 2478 1808 2553 perdi-

162 2570 267 2628 lelirare
279 2573 312 2627 Β.
328 2570 401 2627 Petri
418 2569 576 2628 firmissimo
589 2573 681 2630 animo
702 2583 729 2631 et
740 2574 876 2631 constanti
891 2591 954 2648 per.
1009 2569 1084 2625 tione
1096 2569 1167 2625 illins
1182 2567 1271 2637 doleo,
1288 2578 1315 2626 et
1336 2571 1425 2626 miror
1437 2571 1462 2627 si
1474 2579 1505 2627 tu
1521 2572 1610 2640 iilum,
1630 2571 1674 2629 cui
1699 2573 1807 2645 gemina

161 2663 299 2735 n'rtere,et
311 2663 463 2721 secundnm
471 2675 638 2738 praeceptum
645 2675 769 2726 nostrum
782 2668 865 2726 vitam
877 2676 955 2726 tuam
1009 2661 1187 2735 germanitate
1209 2662 1341 2732 cohaeres,
1356 2661 1392 2720 ad
1410 2663 1529 2719 salutem
1543 2678 1601 2720 non
1620 2662 1715 2721 studes
1729 2665 1809 2722 redu-

163 2756 282 2832 drinceps
294 2773 442 2831 moresque
464 2774 642 2832 componere,
655 2762 786 2834 cupisque
801 2769 830 2818 et
849 2761 955 2819 deside·
1010 2771 1082 2825 cere,
1096 2770 1160 2812 cum
1180 2754 1248 2811 scias
1259 2756 1322 2827 quia
1335 2770 1385 2828 pro
1399 2756 1458 2812 sola
1474 2756 1516 2812 vel
1539 2756 1643 2812 carnali
1657 2756 1698 2813 rel
1723 2757 1807 2830 spiri-

163 2867 271 2927 raeprae
289 2851 396 2909 caeteris
420 2853 468 2924 qni
482 2853 645 2926 inpartibus
668 2854 766 2912 vestris
788 2863 854 2912 sunt
879 2855 959 2913 nobis
1010 2849 1077 2907 tuali
1103 2846 1238 2905 affinitate
1251 2847 1381 2921 alicujus,
1402 2848 1574 2906 Christianus
1586 2849 1673 2916 bomo
1694 2849 1722 2905 in
1738 2850 1808 2907 tanti
1853 2862 1860 2875 ··

161 2944 328 3004 familiariter
338 2944 489 3004 adhaerere.
515 2946 569 3004 Sed
582 2956 610 3004 et
628 2963 680 3005 nos
693 2947 728 3005 ad
752 2948 958 3022 suscipiendum
1010 2941 1129 3017 periculo
1147 2941 1253 2998 articuli
1269 2941 1389 3014 seipsum
1406 2940 1638 3015 debetapponere
1653 2942 1735 3014 [forte
1760 2958 1809 3018 op·

164 3046 241 3099 tantae
252 3038 407 3097 devotionis
419 3037 553 3097 affectum
565 3041 658 3100 sinum
670 3049 791 3115 paternae
803 3042 956 3099 dilectionis
1010 3052 1123 3117 ponere,
1133 3037 1231 3093 Earn.
1242 3038 1283 3095 itu
1294 3037 1356 3091 etin
1368 3036 1424 3093 cod.
1438 3033 1566 3108 Morini.
1575 3038 1704 3109 Ageergo
1712 3043 1740 3093 et
1752 3035 1810 3094 fra--

163 3133 344 3202 ostendimus,
359 3141 386 3191 et
397 3132 487 3191 modis
510 3133 639 3190 omnibus
653 3134 697 3207 pio
709 3136 780 3193 circa
802 3152 853 3193 nos
867 3139 953 3194 amori
1008 3139 1087 3187 terna
1107 3129 1240 3187 charitate
1260 3144 1407 3186 succensus
1427 3129 1504 3186 illum
1527 3144 1561 3186 cr
1576 3137 1678 3186 nostre
1708 3128 1807 3186 fiducia

164 3227 358 3311 proferemus,
386 3226 423 3283 ita
441 3227 520 3300 plane
544 3236 576 3284 nt
599 3237 629 3285 tu
651 3229 731 3295 (siout
755 3231 901 3303 promittis)
928 3211 992 3287 inC
1010 3223 1206 3282 admonitionis
1224 3223 1383 3297 aggredere,
1401 3237 1625 3281 commemorans
1641 3222 1678 3279 illi
1692 3231 1721 3280 et
1740 3238 1809 3296 prae·

164 3336 254 3380 amore
273 3321 349 3377 Petri
371 3329 400 3378 et
416 3319 601 3379 sollicitudine
614 3322 805 3380 ecclesiastice
818 3324 956 3397 religionis
1009 3317 1105 3374 teritos
1116 3317 1246 3390 ¹⁰¹¹ssaelae
1260 3317 1349 3374 11111113
1361 3331 1499 3386 emelim,
1510 3324 1539 3373 11
1552 3316 1737 3389 imiimiuum
1749 3316 1809 3390 111111

164 3423 187 3472 et
204 3414 286 3489 pacis
299 3413 448 3473 chistianae
456 3430 566 3488 semper
580 3431 732 3486 excrescas,
748 3416 920 3492 dignumque
930 3426 957 3476 re
1010 3411 1062 3469 sibi
1070 3410 1172 3469 divinae
1192 3410 1302 3468 ultionis
1315 3410 1461 3467 imminere
1471 3408 1610 3483 iudicium
1625 3410 1647 3466 si
1661 3410 1732 3469 forte
1751 3425 1812 3484 pos

163 3509 308 3583 apostolica
330 3505 512 3565 familiaritate
537 3524 572 3566 ex
598 3508 754 3567 obedientia
773 3511 958 3571 sincerissima
1011 3504 1048 3564 sis
1062 3520 1125 3561 eum
1138 3505 1172 3562 ab
1186 3503 1245 3577 iu⁵⁰
1259 3503 1357 3561 m⁰¹²i⁵
1370 3512 1483 3561 1111111111
1510 3502 1605 3561 limine
1624 3518 1763 3572 10101318,
1782 3511 1811 3562 θῒ

163 3602 269 3661 reddas.
292 3605 387 3675 ltaque
407 3602 546 3674 inprimis
577 3604 724 3676 negotium
748 3604 825 3673 tibi,
839 3604 873 3663 de
900 3621 958 3678 quo
1011 3598 1047 3657 de
1060 3598 1145 3656 salute
1156 3597 1248 3655 fratris
1267 3613 1325 3654 non
1343 3597 1435 3655 solum
1448 3596 1539 3655 cordis
1552 3595 1703 3670 gaudium,
1716 3611 1812 3655 verum

165 3696 280 3755 nultum
299 3710 439 3765 curamus,
471 3695 650 3769 injungimus.
681 3698 873 3772 Comperimus
886 3700 960 3757 enim
1013 3692 1095 3749 etiam
1117 3690 1271 3749 marimum
1291 3698 1401 3750 aetemae
1418 3689 1634 3749 retributionisa
1655 3689 1748 3750 divina
1762 3690 1814 3749 ler-
1897 3706 1900 3711 ·

166 3788 233 3862 qnod
250 3789 326 3846 inter
345 3787 417 3846 filios
437 3788 597 3862 Raymundi
617 3791 776 3865 Berengarii
797 3808 844 3865 per
857 3793 961 3850 vanita-
1013 3786 1097 3860 gitnte
1111 3784 1257 3859 praemium
1271 3783 1434 3856 promereri.

168 3889 219 3940 ern
231 3890 262 3940 ct
282 3882 450 3955 superbiam,
461 3891 489 3940 ct
500 3884 618 3941 maxime
631 3900 679 3957 per
697 3885 841 3943 consilium
864 3886 961 3959 impio-
1048 3882 1119 3936 Data
1130 3881 1241 3948 Romae,
1255 3885 1353 3951 qtnno
1368 3880 1461 3936 Nonas
1473 3876 1560 3951 [Kal]
1582 3877 1715 3948 ianuarii,
1741 3877 1811 3937 indi·

169 3990 238 4049 rom,
259 3975 392 4034 nimirum
411 3992 444 4033 ex
465 3975 566 4033 invidia
581 3976 692 4048 diaboli,
707 3977 843 4037 discordia
862 3981 959 4037 oritur.
1013 3973 1106 4032 ctione
1125 3968 1257 4031 secunde.

171 4068 200 4139 lt
213 4084 266 4142 ego
282 4069 346 4127 inde
356 4068 437 4125 nimis
449 4069 608 4139 contristor,
629 4078 688 4127 tum
705 4087 754 4142 pro
768 4088 863 4130 amore
877 4074 961 4146 patris
1271 4076 1448 4134 stretona
1456 4076 1547 4133 XVll.

176 4174 273 4233 comm,
292 4163 339 4236 qui
364 4164 493 4220 mesatis
511 4180 545 4221 ex
560 4179 614 4236 quo
632 4166 762 4238 cognovit
782 4164 887 4236 dilexit,
901 4176 962 4224 tum
1176 4186 1217 4227 an
1233 4184 1382 4227 rnnansrt
1403 4182 1650 4228 cuunracrusnrs.

180 4252 253 4313 etiam
269 4256 331 4331 qnia
344 4272 427 4330 super
439 4256 618 4315 Christianam
639 4268 760 4331 gentem,
776 4260 881 4333 quaein
898 4277 984 4343 par·x
1309 4264 1401 4329 (Anno
1430 4268 1521 4329 totu.)

183 4344 244 4405 labus
254 4350 307 4407 illis
320 4366 419 4422 magno
437 4350 587 4425 impiorum
609 4354 823 4411 sarracenorum
838 4353 902 4411 odic
924 4345 961 4411 la·
1051 4358 1231 4416 Gnaeonrus
1251 4356 1407 4428 episcopus,
1429 4369 1573 4411 servorum
1589 4353 1653 4424 Dei,
1675 4357 1711 4412 ti.
1735 4358 1810 4430 (395)

186 4435 267 4501 braic
292 4444 476 4519 dignoscitur,
497 4461 579 4520 gare
592 4448 680 4504 sentio
693 4448 848 4520 periculum
871 4448 963 4507 immi·
1015 4450 1160 4508 venerabili
1183 4447 1350 4507 Cluniaoensi
1376 4446 1468 4505 abbati
1494 4453 1523 4504 et
1544 4446 1709 4505 charissimo
1729 4448 1811 4507 fratri

189 4542 246 4593 lere.
254 4537 334 4596 Unde
343 4539 521 4612 praecipimus·
532 4538 580 4597 tibi
602 4549 634 4597 ut
646 4540 782 4614 adJunctis
805 4550 895 4599 tecum
916 4559 960 4600 rc·
975 4582 1001 4647 D
1015 4544 1132 4602 salutem
1145 4550 1174 4601 ct
1186 4541 1365 4616 apostolicam
1383 4539 1615 4598 benedictionem.

189 4618 271 4695 lisinis
289 4631 383 4689 ricinis
408 4631 461 4690 tuis
486 4632 638 4704 abbatibus,
659 4635 961 4706 scilicetTumeriense,
1052 4639 1080 4696 Si
1097 4637 1218 4696 Romani
1237 4635 1273 4694 ed
1287 4643 1393 4693 vestras
1416 4643 1523 4708 partes,
1545 4633 1616 4693 sicut
1636 4642 1769 4694 vestrates
1778 4634 1815 4694 ad

186 4712 338 4794 limitanea,
359 4734 388 4782 ct
398 4725 490 4783 Sancti
505 4726 641 4798 cucufati,
656 4736 685 4785 et
706 4744 884 4802 quoscunque
895 4732 963 4790 alios
1017 4747 1079 4803 nos,
1095 4747 1167 4804 saepe
1181 4730 1313 4797 venirent,
1329 4727 1498 4801 frequentius
1512 4728 1563 4785 tibi
1581 4728 1678 4787 litteris
1690 4744 1740 4788 seu
1751 4746 1816 4788 ver·

182 4802 261 4874 Deuin
281 4819 410 4877 amentes
423 4820 538 4879 clericos
551 4822 689 4895 laicosque
704 4823 806 4896 poteris
830 4824 962 4896 invenire,
1018 4825 1060 4883 bis
1073 4825 1187 4900 qualiter
1205 4824 1276 4883 circa
1289 4838 1341 4881 nos
1350 4828 1485 4895 geruntur
1497 4838 1560 4897 quae
1574 4831 1682 4881 terrena
1693 4833 1759 4882 sunt
1773 4824 1816 4882 vel
1908 4888 1913 4911 ,Ι

173 4906 263 4969 ffloen
283 4911 427 4971 interillos
441 4912 591 4973 reformare
611 4924 639 4972 et
657 4931 820 4991 componere
840 4918 962 4978 studeas.
1018 4919 1138 4978 coelestia
1161 4918 1361 4988 indicaremus,
1379 4918 1427 4975 sed
1438 4917 1513 4991 quia,
1524 4917 1593 4975 dum
1609 4918 1675 4976 satis
1694 4917 1815 4977 intendis

171 4986 284 5089 Quodsi
306 5007 479 5082 acquiescere
493 5008 603 5068 monitis
614 5010 710 5068 vestris
735 5011 852 5071 fortasse
870 5014 965 5071 nolue-
1019 5014 1122 5072 aulicos
1135 5012 1252 5084 nutrire,
1266 5011 1301 5070 de
1315 5011 1425 5069 rusticis
1439 5027 1536 5085 parum
1550 5011 1601 5069 tibi
1615 5020 1657 5069 est
1668 5027 1752 5082 curm,
1775 5013 1818 5069 ul·

159 5086 239 5167 '¹¹²l,
250 5103 364 5160 ostensis
388 5103 427 5160 eis
450 5096 637 5176 praesentibus
654 5105 754 5163 litteris
772 5106 807 5164 ad
816 5106 965 5165 tenendam
1019 5117 1062 5166 tra
1075 5108 1135 5165 lraec
1144 5106 1227 5167 debes
1240 5104 1275 5163 ad
1288 5105 1454 5164 memoriam
1469 5104 1610 5172 reducere,
1629 5106 1693 5179 quia
1713 5120 1818 5180 pauper

155 5180 227 5246 ⁰⁰³
242 5199 362 5271 trengam
382 5196 572 5255 firmissimam
593 5214 678 5272 usque
698 5198 735 5257 ad
754 5199 964 5259 determinatum
1018 5211 1113 5261 noster
1125 5201 1222 5275 etpius
1231 5199 1404 5275 Redemptor
1424 5200 1465 5257 sic
1484 5198 1513 5256 in
1533 5199 1603 5257 coelo
1630 5200 1742 5273 angelos
1767 5215 1816 5273 pa·

149 5260 488 5359 ¹0'irprrserauctoritate
502 5299 595 5348 nostra
606 5293 783 5367 constringite
809 5293 880 5352 infra
890 5295 965 5369 quod
1020 5297 1112 5354 scebat
1126 5306 1157 5353 ut
1171 5296 1201 5353 in
1215 5295 1294 5353 terris
1314 5302 1471 5368 peccatores
1485 5309 1543 5350 non
1556 5293 1647 5351 solum
1655 5309 1711 5351 non
1724 5293 1819 5367 despi-

143 5358 229 5436 ⁶0s
243 5383 310 5443 tales
329 5384 398 5443 illuc
410 5400 444 5443 ex
468 5385 554 5443 latere
572 5394 667 5444 nostro
680 5388 791 5446 nuntios
802 5387 965 5463 dirigamus,
1020 5399 1104 5461 ceret,
1117 5389 1257 5448 sedetiam
1270 5405 1335 5447 cum
1348 5388 1388 5446 eis
1408 5388 1501 5445 cibum
1513 5395 1643 5445 sumeret.
1656 5388 1721 5458 Cur,
1737 5386 1820 5447 irater

139 5453 341 5535 Wcausam
359 5476 419 5535 litis
432 5493 529 5535 corum
540 5478 577 5535 ita
589 5479 664 5553 iuste
677 5479 814 5539 diffiniant
824 5489 857 5538 ut
870 5497 927 5539 non
937 5499 966 5541 re
1021 5483 1194 5553 charissime,
1206 5497 1261 5539 non
1275 5479 1429 5557 perpendis,
1439 5495 1498 5537 non
1507 5479 1666 5538 consideras
1675 5480 1706 5536 in
1716 5487 1820 5552 quanto

132 5540 332 5650 &padam
358 5571 472 5647 alicujus
493 5588 544 5630 nec
562 5574 676 5646 praemio
701 5590 751 5631 nec
778 5573 871 5633 farore
885 5576 967 5634 defle·
1021 5577 1151 5651 periculo,
1179 5576 1209 5632 in
1232 5584 1336 5649 quanta
1357 5573 1467 5632 miseria
1481 5581 1575 5631 sancta
1592 5580 1715 5630 versatur
1728 5574 1822 5632 Eccle-

127 5634 256 5719 etent
266 5665 354 5724 Porro
366 5662 423 5724 boc
441 5664 494 5724 illis
507 5665 591 5725 deber
604 5666 721 5726 firmiter
735 5668 870 5746 inculcare
892 5670 966 5743 quia,
1022 5672 1063 5729 sia
1075 5673 1087 5726 t
1101 5668 1156 5727 Ubi
1167 5677 1232 5729 sunt
1242 5668 1288 5742 qui
1302 5684 1332 5728 se
1344 5676 1442 5742 sponte
1451 5680 1500 5740 pro
1510 5680 1607 5727 amore
1615 5665 1667 5724 Dei
1681 5672 1822 5739 opponant

213 5818 283 5914 ram)
296 5845 622 5920 nugoamnauuauue
635 5848 769 5923 intelligit.
