3870 6164
263 325 313 382 sse
342 304 347 309 '
606 319 633 376 s.
655 317 815 374 ornemus
829 317 875 372 vu
893 318 990 372 esen
1008 315 1146 372 ernnust
1163 315 1251 371 rsus
1272 316 1290 370 s.
1311 343 1346 356 -
1364 311 1566 373 nnosssnun.

261 449 330 506 tiam
341 447 452 505 habeas.
476 445 556 515 Quod
571 451 667 499 tamen
679 441 729 498 tibi
748 442 777 497 in
791 451 836 499 tua
850 441 916 512 vita,
927 456 984 497 non
999 441 1058 497 loco
1075 446 1220 508 Aremota
1233 438 1309 496 omni
1323 437 1477 505 occasione,
1487 424 1561 508 qu'od
1576 433 1684 506 justitia
1695 431 1811 489 dictares

260 551 321 611 tuo,
335 553 496 598 concessum
511 553 570 593 esse
591 550 753 609 cognoscas.
1108 533 1151 591 dis
1160 532 1288 589 omnibus
1300 529 1466 603 exsequaris.
1478 527 1559 598 Quod
1578 535 1674 584 autem
1685 529 1715 582 bt
1721 565 1777 582 .....
1798 540 1810 597 p

297 638 368 691 Data
383 636 494 700 Romae,
514 630 624 688 decimo
639 637 716 687 serto
728 627 872 686 Kalendas
886 628 964 698 iulii,
988 627 1056 685 indi·
1109 635 1153 682 ter
1169 625 1241 682 lilius
1255 633 1349 681 noster
1372 623 1541 695 interrogare
1554 620 1668 689 curavit,
1683 617 1799 692 quidde

261 728 352 785 ctione
365 725 497 784 secunda.
1110 735 1126 777 a
1145 719 1309 778 simoniacis
1322 721 1474 774 nescientes
1490 724 1518 772 et
1537 715 1594 771 sinc
1613 712 1700 786 pretio
1716 712 1810 770 ordina

492 828 669 885 EPlSTOLA
683 827 823 882 XXXIX.
1110 813 1266 886 apostolica
1289 810 1361 868 sedis
1380 808 1537 867 misericors
1558 823 1672 864 censura
1694 805 1810 864 decerna

348 939 389 980 an
408 936 594 981 nssnsnnnn
613 933 785 977 nrrsconun
804 933 965 977 cunm,
1111 907 1255 964 observare
1266 914 1293 962 te
1313 904 1450 969 volumus,
1469 918 1516 959 cos
1530 902 1579 974 qui
1592 910 1657 958 ante
1670 909 1782 972 tempus
1806 903 1810 957 l

552 1019 648 1083 (Anno
670 1017 765 1079 1079.)
989 1033 993 1039 ·
1111 1016 1189 1074 papae
1209 1001 1267 1058 sine
1282 998 1425 1056 venalitate
1448 1013 1464 1053 a
1486 995 1649 1054 simoniacis
1662 992 1698 1051 ad
1712 993 1810 1066 aliques

260 1116 301 1168 ne
311 1113 497 1181 panamensis
511 1109 634 1167 sceleste
648 1109 726 1163 eiecto
746 1109 834 1162 muita
847 1107 885 1162 ad
897 1122 925 1163 se
942 1111 1057 1163 crumina
1112 1093 1179 1151 dum
1192 1093 1310 1167 promoti
1325 1100 1399 1161 sunt,
1412 1091 1434 1147 si
1448 1097 1544 1147 umen
1558 1087 1611 1144 vita
1626 1102 1723 1144 eorum
1733 1086 1809 1159 irrep

288 1183 399 1252 perlem
419 1182 514 1248 referi»
538 1195 598 1250 (Μ
615 1181 705 1234 ⁰m⁷li⁰
718 1183 775 1249 iP⁵⁰
789 1179 951 1235 “dilidam
970 1196 1057 1234 men·
1112 1187 1195 1245 sibilis
1209 1203 1267 1244 esse
1280 1185 1426 1260 probatur,
1441 1199 1489 1256 per
1509 1197 1609 1239 manus
1623 1179 1810 1252 impositiones

296 1254 364 1307 dm
384 1253 455 1336 ''²4²ss
469 1254 514 1307 ⁵⁵¹²
527 1255 616 1306 minus
627 1251 716 1333 ,ΜΨ
729 1249 877 1334 “P⁰⁸⁸.⁰l²'⁰‘†
897 1253 1059 1335 “mmm
1112 1281 1238 1338 firmatos
1254 1280 1283 1336 in
1301 1279 1359 1336 suis
1380 1276 1525 1336 ordinibus
1540 1289 1700 1348 permanere
1713 1282 1742 1330 et
1755 1272 1810 1330 mis

294 1322 329 1377 ob
343 1339 371 1378 eo
385 1324 529 1392 delepeater
543 1323 575 1377 de
589 1323 696 1391 objectus
717 1337 880 1385 ecamensis,
899 1322 1004 1376 obsolve
1018 1323 1059 1376 cel

294 1394 480 1449 ceodeeaeere'.
505 1397 543 1450 De
556 1394 599 1448 bis
622 1395 671 1462 qui
691 1408 709 1446 a
731 1394 892 1449 simoniacis
916 1395 1059 1448 nescientes·
1113 1389 1203 1447 9⁰⁵⁸&

292 1471 319 1520 et
333 1466 539 1520 siaeoennlitcte
551 1464 743 1519 ordientimut
752 1464 819 1534 quid
827 1464 1057 1521 emtieudemste·
1148 1471 1221 1525 Data
1234 1471 1343 1536 Romae,
1357 1465 1504 1523 undecimo
1517 1463 1657 1522 Kalendas
1670 1463 1687 1519 J
1689 1461 1747 1532 ulii,
1763 1459 1810 1519 ind

292 1538 358 1596 tuit.

291 1629 636 1702 Gnnoonsusepiscopus,
648 1643 744 1684 sersus
757 1628 970 1695 nervorumve,
983 1631 1058 1686 llas·
1114 1560 1241 1618 secunda·
1380 1663 1554 1720 EppgTOLp
1575 1662 1638 1718 XL,

258 1739 360 1782 ranno
369 1722 641 1795 Cumanocpiscopo,
649 1721 805 1793 salutemjet
818 1721 997 1794 apostolicam
1007 1724 1056 1780 be·

257 1818 453 1877 nedictionem.
1068 1828 1092 1891 Β

290 1914 349 1968 Tua
368 1912 458 1979 nobie,
480 1908 565 1968 irater
585 1908 761 1979 charissime,
783 1909 876 1966 missis
889 1908 987 1965 litteris
1007 1925 1055 1965 cu·
1401 1890 1498 1954 (Α11110
1519 1884 1616 1956 ¹⁰⁷9·)

256 2005 327 2062 rasit
344 2004 470 2060 infimarc
490 2002 601 2060 dilectio
614 2001 790 2074 arnulphum
804 2001 993 2075 Pergamensis
1005 2004 1055 2057 Ec·
1112 2004 1146 2057 Ut
1155 2001 1291 2055 ecclesiam
1300 2002 1394 2058 seneli
1403 1999 1533 2068 sepulcri,
1548 2013 1629 2066 quom
1640 1997 1745 2052 Simoni
1758 2010 1810 2066 rep

255 2099 345 2154 clesiae
357 2098 476 2154 electum
488 2104 585 2153 nostro
600 2095 714 2152 libenter
728 2103 756 2151 et
770 2094 882 2151 consilio
895 2094 1007 2151 credere
1028 2104 1056 2151 et
1144 2074 1299 2135 ⁰⁰¹¹”ni‘ffl1
1314 2072 1428 2127 liberem
1442 2070 1574 2124 dimum·
1589 2067 1663 2135 0¹¹⁰‘1
1677 2067 1809 2151 ”fluidi

1144 2159 1176 2198 ee
1194 2158 1221 2198 se
1232 2147 1311 2212 putet
1325 2143 1437 2203 babae,
1455 2156 1483 2195 se
1496 2155 1584 2194 mrem
1599 2140 1683 2207 lepeto
1696 2155 1728 2193 sn
1740 2154 1810 2194 costes

257 2197 393 2263 praecepto
414 2189 535 2247 obedire.
555 2192 614 2246 Nos
636 2187 763 2260 equidem
784 2196 884 2244 vestrae
905 2187 1054 2256 charitatis,
1145 2217 1246 2268 nomm
1270 2214 1393 2269 dicturas
1411 2214 1566 2282 praesertim,-
1585 2211 1718 2279 alioquin,
1744 2213 1810 2266 seue

254 2285 326 2342 sicut
338 2283 436 2352 nostis,
449 2282 625 2354 experientiae
639 2279 825 2337 indubitanter
834 2280 983 2338 credimus.
999 2282 1054 2337 Ve·
1143 2285 1452 2341 excommunicationes
1464 2283 1552 2353 lepeto
1561 2284 1656 2335 ineam
1669 2282 1756 2336 lotam
1768 2294 1810 2336 se«

255 2386 413 2434 rumtamen
435 2375 520 2433 multa
541 2375 575 2433 de
598 2373 728 2447 praedicto
743 2375 801 2430 siro
825 2373 860 2430 ad
875 2383 999 2431 nostram
1020 2390 1055 2431 cx
1144 2361 1293 2411 maturum·

256 2469 439 2543 quommdam
464 2468 597 2525 relatione
618 2483 766 2541 pervenero
790 2466 1009 2539 notitiamque
1032 2467 1055 2523 si
1144 2468 1320 2526 Ganeonms
1332 2467 1486 2539 episcopus,
1502 2477 1596 2519 servus
1610 2479 1753 2521 servorum
1767 2465 1810 2522 De

256 2579 331 2632 vera,
346 2562 420 2636 quod
441 2563 521 2630 absit,
537 2576 595 2619 csse
614 2561 776 2629 constiterit,
791 2575 842 2617 nos
859 2560 939 2618 valde
951 2560 1055 2618 contri·
1109 2575 1178 2618 sons
1199 2560 1371 2634 [banzensi

255 2664 340 2726 stant,
352 2665 381 2713 ct
394 2657 422 2712 in
432 2672 466 2712 eo
478 2671 536 2712 non
549 2655 601 2712 levi
617 2663 681 2711 sunt
695 2654 800 2710 ultione
815 2653 967 2726 plectenda.
983 2654 1055 2710 Con·
1145 2655 1295 2712 Ecclesiam
1310 2654 1399 2711 Sancti
1414 2657 1534 2728 Sepulcri
1554 2657 1589 2715 de
1605 2658 1681 2711 Novo
1693 2652 1775 2722 Vico,
1791 2668 1810 2726 q

255 2751 379 2823 queritur
392 2749 466 2806 enim
476 2750 568 2806 Gorao
581 2748 662 2804 miles
673 2747 731 2821 ejus
744 2755 772 2803 et
785 2746 897 2820 signifer
906 2763 970 2803 cum
981 2746 1053 2804 duo·
1107 2752 1144 2809 ris
1162 2749 1282 2805 ecclcsiae
1300 2749 1558 2822 Hierosolymitanae
1573 2759 1601 2806 et
1619 2745 1755 2804 censualis
1776 2745 1810 2819 cjt

255 2845 307 2901 bus
315 2842 445 2901 fratribus
457 2852 540 2915 atque
550 2841 737 2899 cohaeredibus
745 2842 811 2909 suis,
825 2839 966 2897 castellum
978 2840 1054 2912 quod
1108 2843 1217 2911 dicitur,
1238 2841 1302 2898 huic
1316 2850 1411 2899 nostro
1425 2842 1525 2900 clerico
1538 2842 1642 2899 Simoni
1665 2839 1810 2913 regendam

254 2937 356 2994 dicitur
380 2936 476 2993 Rocba
499 2934 536 2991 de
561 2934 694 3003 Glizione,
719 2933 938 3006 quodbactenus
959 2942 1055 3006 utpote
1107 2934 1307 3003 mendavimus3
1327 2950 1411 3007 quam
1439 2936 1475 2991 ab
1498 2936 1574 2991 omni
1600 2933 1724 2990 molestia
1751 2940 1810 2989 ete

255 3030 358 3104 proprii
382 3029 452 3102 juris
475 3028 535 3085 sine
563 3028 640 3085 omni
665 3026 881 3083 contradictione
905 3034 1055 3083 tennerunt
1108 3029 1185 3085 niosa
1199 3027 1326 3085 omnium
1345 3027 1491 3085 bominum
1515 3027 1688 3084 infestatione
1707 3025 1810 3082 liberas

254 3132 335 3197 atque
349 3122 539 3196 possederunt,
555 3136 631 3177 nnnc
644 3128 701 3176 mm
717 3119 769 3176 sibi
782 3135 865 3191 quam
879 3119 1054 3175 consortibus
1108 3122 1243 3191 volentes,
1263 3120 1314 3176 sub
1339 3122 1421 3177 tutela
1436 3130 1531 3178 nostra
1552 3136 1611 3176 csse
1633 3119 1810 3177 decernimus

254 3216 311 3273 suis
327 3214 507 3288 asupradicto
520 3213 665 3285 Arnulpbo
679 3212 822 3281 violenter,
838 3220 875 3280 et,
888 3211 964 3285 quod
978 3212 1054 3268 dictu
1071 3195 1094 3260 C
1110 3224 1220 3287 propter
1240 3214 1371 3286 quoniam
1385 3223 1411 3269 te
1430 3214 1506 3270 illam
1521 3215 1661 3287 tyrannice
1675 3211 1810 3269 invasisse

252 3309 330 3366 nelas
350 3318 401 3378 est,
425 3307 612 3364 fraudulenter
625 3322 685 3364 esse
698 3306 870 3378 subreptum3
892 3305 938 3362 cui
960 3313 1054 3361 tamen
1107 3306 1209 3377 vimus,
1233 3315 1261 3364 te
1288 3308 1417 3379 praesenti
1440 3308 1541 3380 pagina
1566 3320 1792 3376 commonemus,

253 3403 331 3459 militi
356 3403 433 3475 prius
455 3399 599 3473 cujusdam
625 3399 701 3472 quasi
723 3400 876 3456 securitatis
888 3407 917 3456 et
930 3397 1053 3467 foederis,
1108 3405 1199 3458 Deum
1216 3408 1243 3456 et
1254 3409 1366 3457 sanctos
1384 3400 1522 3472 apostolos
1535 3400 1583 3457 tibi
1598 3400 1636 3455 vis
1650 3399 1810 3470 baberepro

253 3503 386 3569 tanqsmm
399 3494 435 3552 ad
446 3494 599 3551 tollendum
613 3493 772 3566 suspicionis
794 3501 910 3560 metum,
926 3491 1053 3566 quaedam
1108 3495 1142 3550 ab
1161 3495 1303 3552 invasione
1324 3493 1463 3567 praedictae
1483 3495 1604 3550 ecclesia
1626 3492 1660 3549 de
1683 3500 1810 3548 caeteros

253 3588 340 3645 fertur
362 3587 457 3643 callide
470 3594 643 3642 sacramenta
658 3585 816 3657 prebuisse,
838 3594 875 3653 et,
903 3585 1053 3658 postposito
1108 3588 1217 3659 penitus
1249 3585 1357 3655 debeas,
1391 3586 1548 3658 nullamque
1575 3586 1688 3642 ulterius
1717 3583 1810 3656 panesa

253 3680 305 3736 Dei
316 3679 428 3748 umore,
443 3678 601 3750 cupiditatis
612 3676 757 3749 perlidiam
767 3677 921 3735 incurrisse.
933 3680 991 3734 Nec
1005 3677 1054 3733 tali
1108 3681 1184 3737 nroni
1197 3681 1360 3749 molestiam,
1373 3679 1414 3735 vel
1430 3680 1533 3735 clericis
1547 3679 1582 3736 ibi
1598 3682 1656 3735 Deo
1671 3677 1810 3735 servienti!

254 3770 570 3828 contentusiacinoreB
573 3809 629 3826 .....
644 3769 833 3842 presbyterum
846 3769 951 3842 praelati
969 3771 1054 3827 Gorzi
1108 3773 1179 3829 ferre
1193 3773 1474 3847 praesumas3sed(ut
1491 3773 1595 3829 dictum
1609 3773 1662 3842 est)
1678 3769 1810 3828 liberasti

252 3861 417 3936 [Gorzonis]
432 3862 563 3918 clericum
577 3861 612 3918 de
625 3860 751 3935 praedari,
767 3872 794 3919 et
808 3863 875 3930 suis,
898 3871 930 3919 ut
944 3864 1052 3932 asserit,
1107 3866 1312 3938 perturbatione
1335 3882 1430 3923 secura
1453 3875 1555 3922 sanctae
1577 3863 1810 3936 Hierosolymitan

253 3955 383 4014 omnibus
404 3954 521 4027 spoliare
539 3969 597 4010 non
620 3954 727 4010 metuit.
752 3956 887 4011 Praeterea
911 3952 1053 4026 pestiferas
1106 3959 1206 4028 clesiae,
1220 3959 1263 4015 cui
1278 3958 1399 4015 fidelium
1415 3959 1491 4014 illam
1506 3957 1618 4015 devovit
1629 3958 1757 4026 intentio,
1771 3959 1810 4013 Dt

252 4048 415 4107 simoniacae
428 4046 540 4103 haeresis
563 4046 705 4103 nundinas
718 4062 855 4117 exercere,
870 4055 897 4103 et
918 4047 989 4103 inter
1003 4064 1053 4104 cae·
1105 4052 1186 4124 pitio,
1200 4068 1232 4108 er
1247 4060 1340 4109 nostra
1355 4052 1557 4108 auctoritatem
1571 4058 1738 4122 perpetuum
1759 4064 1810 4107 con

252 4151 311 4199 tera
333 4139 587 4197 archidiaconatum
613 4140 803 4212 pergamensis
817 4139 945 4197 Ecclesiae
970 4142 1050 4213 quin·
1105 4154 1160 4200 tur.
1176 4145 1291 4215 Quodsi
1313 4145 1414 4217 aliquid
1429 4145 1545 4216 justitiae
1558 4144 1587 4200 in
1609 4140 1769 4215 supradicta
1796 4158 1810 4200 c

1399 1789 1441 1831 ΔΙ)
1455 1787 1609 1831 ΒΟΙΟΝΕΠ.

254 4234 381 4308 quaginta
395 4234 526 4290 librarum
540 4233 627 4305 pretio
641 4233 796 4290 vendidisse
806 4233 973 4305 perhibetur.
990 4236 1052 4291 Huc
1090 4247 1133 4293 te
1145 4238 1247 4293 babere
1259 4237 1387 4304 confidis,
1403 4245 1468 4294 ante
1491 4238 1614 4310 legatum
1628 4244 1757 4293 nostrum
1769 4236 1809 4294 Di

253 4327 359 4384 accedit
374 4326 449 4399 quod
462 4341 558 4383 servos
580 4326 642 4395 Dei,
663 4342 732 4398 quos
748 4334 779 4382 ut
789 4327 948 4400 religiosum
962 4327 1051 4384 sirum
1105 4332 1263 4401 episcopum
1283 4331 1310 4385 in
1336 4330 1461 4399 consilio,
1476 4330 1552 4403 quod
1572 4329 1695 4402 proxime
1716 4327 1810 4386 celebr

252 4420 331 4478 decet
344 4420 425 4492 tueri,
439 4429 468 4477 et
481 4419 509 4475 in
523 4421 632 4476 cunctis
651 4418 780 4492 adjuvare
792 4419 914 4490 deberet,
930 4429 1051 4477 econtra·
1104 4431 1156 4489 est,
1169 4431 1196 4478 te
1210 4431 1373 4495 presentare
1385 4422 1506 4491 debebis,
1523 4423 1613 4479 sciens
1626 4421 1678 4477 boc
1692 4420 1770 4493 quod
1783 4422 1810 4479 in

252 4516 294 4571 rio
309 4513 438 4571 iniectare
462 4521 490 4570 et
505 4513 655 4570 molestare
678 4522 803 4569 conatur.
818 4518 886 4570 Tuae
900 4513 983 4585 igitur
993 4513 1088 4616 fra·D
1105 4523 1201 4572 contra
1219 4516 1353 4587 justitiam
1375 4525 1401 4572 te
1422 4515 1550 4572 volumus
1564 4529 1747 4587 praegravare.
1761 4514 1790 4571 Si

254 4607 388 4663 tenuitatis
412 4605 567 4663 sollicitudo
591 4605 768 4678 corripiendo
794 4607 852 4662 sive
878 4605 1050 4663 exhortando
1105 4609 1209 4665 nsonita
1221 4618 1327 4677 nostra,
1342 4610 1399 4665 imo
1419 4609 1468 4665 Dei
1487 4610 1569 4665 verba
1583 4606 1670 4680 (qtsod
1689 4607 1795 4681 obsiti)

252 4699 361 4756 studeat
373 4708 454 4771 atque
470 4699 611 4771 provideat
624 4709 758 4770 quatenus
770 4697 931 4771 saepedictus
946 4699 1048 4757 electus
1101 4711 1291 4769 contemnens,
1304 4702 1338 4758 ab
1352 4703 1443 4758 illicita
1460 4711 1489 4759 et
1500 4702 1644 4756 interdicta
1657 4700 1801 4757 invasione

253 4791 315 4848 baec
341 4792 436 4848 omnia
450 4791 595 4848 emendare
608 4791 726 4859 festinet,
750 4800 778 4848 et
802 4799 860 4849 tam
873 4807 965 4849 coram
988 4796 1047 4849 Deo
1100 4795 1181 4853 dictae
1203 4796 1365 4852 ecclesiaste
1385 4795 1511 4851 cohibere
1532 4794 1663 4860 nolucris,
1678 4810 1810 4852 excomm

251 4899 435 4956 quamcoram
445 4883 601 4940 bominibus
611 4926 619 4952 ‚
630 4887 735 4941 bonum
748 4885 936 4943 testimonium
947 4885 1048 4942 habere
1101 4890 1215 4958 tionem,
1230 4905 1313 4960 quam
1328 4889 1356 4944 in
1376 4898 1402 4944 te
1416 4904 1464 4960 pro
1484 4889 1541 4959 ipsa
1555 4885 1667 4943 ecclesia
1687 4887 1810 4959 legatus]

252 4987 390 5050 procuret.
404 4979 505 5034 Slvere
520 4978 561 5034 vel
580 4979 674 5034 omnia
697 4978 772 5046 haec,
791 4979 834 5035 vel
849 4979 977 5053 quaedam
991 4979 1047 5035 ior·
1100 4985 1182 5054 Hugo
1197 4983 1306 5039 Diensis
1321 4982 1508 5054 episcopusin
1530 4980 1647 5036 consilio
1662 4980 1810 5039 Pictavens

251 5079 322 5129 tasse
336 5086 437 5145 negare
458 5071 589 5141 voluerit,
613 5071 740 5128 volumus
765 5080 846 5144 atquc
873 5072 1047 5145 praecipimus
1100 5075 1172 5133 latus
1191 5084 1243 5144 est,
1259 5076 1419 5141 auctoritate
1438 5073 1589 5147 apostolica
1604 5072 1810 5133 confirmamus.

251 5173 283 5222 ut
297 5173 361 5237 apto
377 5174 501 5237 tempore
520 5174 548 5222 et
580 5166 640 5223 loco
668 5174 771 5223 nostrae
797 5167 863 5222 sicis
883 5167 1047 5224 auctoritate
1136 5173 1207 5226 Data
1220 5169 1370 5239 lateranis,
1386 5178 1483 5241 quarto
1494 5164 1635 5223 Kalendas
1647 5167 1736 5237 lunii,
1748 5168 1810 5227 indi

250 5273 314 5315 cum
328 5257 364 5317 de
377 5258 491 5332 objectis
498 5259 621 5334 diligenti
637 5261 841 5319 examinatione
862 5259 1006 5332 discutias,
1019 5269 1048 5319 et
1100 5262 1231 5319 secunda.
