3870 6164
80 268 136 327 tlt
577 264 840 355 recinentibus.
860 294 896 311 -·
913 267 1003 326 ACTA
1022 268 1051 325 S.
1070 268 1243 327 enecone.
1684 275 1736 331 118

78 391 285 452 nauseantibus
294 391 329 449 de
344 406 417 449 novo
432 391 569 450 Pedatiam
585 398 660 464 (1441
679 394 780 467 jugiter
792 403 883 451 extor-
898 399 985 462 Anes
998 394 1051 451 sibi
1065 410 1120 452 nen
1135 395 1223 468 potuit
1234 393 1390 468 subjugare,
1405 398 1465 453 linx
1484 402 1627 468 tamqtram
1647 394 1734 453 vieto·

77 490 188 563 quebat.
204 488 267 556 1114,
288 489 348 543 Deo
371 496 399 544 et
421 487 576 546 hominibus
600 489 721 556 odiosus,
746 490 774 545 in
792 505 881 545 44444·
936 492 1026 547 riorus
1037 490 1064 545 in
1075 491 1217 546 Franciam
1231 495 1306 559 (145)
1323 491 1464 549 remearit.
1480 490 1579 547 Statim
1601 491 1736 549 immensa

78 585 182 643 tissinra
197 590 279 641 nocte
298 579 450 640 nativitatis
471 582 880 656 11444141,14444401441411111-
935 586 1133 658 Episcopomm
1156 584 1332 642 multitudine
1347 593 1505 656 convocata,
1527 600 1584 643 non
1599 586 1655 659 egit
1674 601 1741 660 grav

78 680 184 737 carinm
211 677 362 733 Dominum
389 677 555 750 Gregorium
579 682 702 751 Papam,
733 678 880 735 1114444414
935 680 987 737 4144
1001 684 1060 736 Deo
1077 695 1128 752 pro
1142 679 1239 752 adepta
1261 681 1386 748 victoria,
1401 680 1449 737 sed
1466 680 1605 737 elevatum
1618 689 1661 738 est
1686 696 1738 737 cor

79 773 203 832 solennia
214 771 414 839 celebrantem,
428 771 462 827 ab
480 773 557 828 altari
577 782 680 831 sancte
693 773 744 829 Dei
762 773 880 830 (1441141-

80 870 132 937 414,
145 866 219 940 qued
229 865 328 923 dicitur
346 864 381 922 44
396 867 531 939 Praeceps,
548 883 614 924 ausu
628 868 757 941 sacrilego
772 868 878 941 rapuit!

80 971 109 1020 et
123 977 189 1018 curn
209 961 263 1018 suis
275 960 454 1032 complicibus
477 960 511 1018 ad
535 962 695 1034 praedictam
707 963 805 1019 turrim
823 962 878 1017 vio·

77 1058 169 1114 lenter
176 1064 317 1127 asportare
332 1055 523 1128 praesumpsit.
539 1056 623 1114 Unde
640 1057 809 1114 universitas
823 1062 880 1114 lio-

77 1166 226 1209 manorum
240 1150 321 1206 inira
343 1165 392 1222 pro
412 1151 550 1207 invasione
572 1151 614 1207 sui
639 1152 779 1207 Pontidcis
799 1152 879 1208 velte·

77 1255 186 1304 menter
203 1249 314 1314 exarsit,
327 1254 356 1300 et
369 1246 397 1300 in
418 1243 513 1301 eadem
528 1256 609 1302 nocte
627 1246 716 1318 ipsum
739 1247 766 1301 14
783 1247 878 1303 eadem

76 1340 144 1397 turri
156 1339 281 1397 districte
293 1338 410 1395 obsedit.
428 1342 507 1396 lianc
521 1347 612 1396 autem
623 1339 697 1396 facto
710 1341 839 1409 Romani,
850 1351 878 1398 et

76 1433 174 1492 1444144
193 1433 318 1490 funditus
330 1434 535 1503 destruxerunt,
561 1442 587 1490 et
606 1434 696 1506 ipsum
714 1436 877 1507 sacrilegum

75 1529 202 1586 44441144
214 1528 407 1597 trucidassent,
425 1528 475 1584 nisi
489 1543 553 1584 eum
565 1529 630 1585 boni
657 1529 778 1601 Magistri
799 1529 877 1586 disci·

75 1624 155 1696 polus
167 1625 270 1679 Beatus
283 1622 406 1680 Pontifex
420 1638 452 1679 ex
467 1623 565 1680 mortis
580 1624 700 1695 periculo
723 1624 874 1681 liberasset.

934 775 1002 848 ejus,
1016 782 1086 831 etse
1100 790 1182 847 super
1195 790 1223 831 se
1234 774 1316 831 414414
1327 775 1470 843 extollens,
1490 775 1519 831 in
1529 782 1635 832 tantam
1650 775 1734 833 auda·

933 869 1004 925 ciam
1018 870 1209 942 vesaniamque
1223 870 1362 943 prorupit,
1384 877 1416 925 ut
1433 872 1543 926 Patrem
1560 885 1642 927 suum
1666 870 1734 928 Gre·

934 964 1039 1037 goriam
1055 966 1167 1037 Papam,
1190 964 1235 1036 qui
1258 963 1352 1021 sedern
1375 964 1562 1035 eapostolicam
1579 980 1627 1037 per
1648 965 1732 1021 trien·

933 1059 1009 1115 nium
1025 1059 1050 1114 in
1072 1075 1137 1131 pace
1154 1066 1288 1127 tenuerat,
1304 1059 1453 1132 impiorum
1471 1059 1587 1116 consilio
1606 1059 1733 1117 abdicere

933 1154 1116 1226 presumpsit,
1137 1163 1164 1209 et
1177 1154 1212 1209 ab
1231 1154 1350 1211 Ecclesia
1367 1161 1502 1226 quantum
1519 1153 1546 1209 in
1565 1169 1597 1209 eo
1617 1151 1732 1211 141441-

933 1249 1032 1321 pellere
1047 1264 1160 1322 operam
1174 1257 1202 1305 et
1221 1248 1343 1305 studium
1362 1263 1412 1321 pro
1434 1247 1536 1304 viribus
1553 1252 1627 1315 (144)
1643 1247 1730 1307 dedit.

932 1344 1059 1400 Decrevit
1085 1343 1167 1399 etiam
1197 1343 1366 1415 firmiterque
1397 1342 1559 1411 constituit,
1589 1350 1620 1398 ut
1641 1340 1734 1398 nullus

931 1438 1058 1509 deinceps
1076 1439 1242 1510 Episcopus,
1264 1439 1305 1494 vel
1326 1438 1434 1506 abbas,
1456 1452 1504 1493 seu
1525 1440 1600 1506 Dux,
1619 1443 1668 1492 aut
1682 1436 1734 1492 elia

932 1533 1087 1606 principalis
1101 1548 1226 1605 persona,
1241 1531 1331 1589 eidem
1346 1532 1480 1605 Gregorio
1492 1539 1633 1604 tamquam
1652 1535 1734 1605 Papae

932 1628 1101 1700 aliquatenus
1117 1626 1231 1684 obedire
1239 1627 1362 1684 deberet.

76 1721 137 1793 Quo
154 1716 240 1787 facto,
250 1718 435 1774 celebraturus
453 1732 517 1773 curn
535 1719 693 1786 Fratribus,
709 1719 873 1775 4441114114-
966 1728 992 1779 4.
1009 1725 1048 1779 Ut
1061 1730 1152 1779 autem
1166 1723 1235 1778 banc
1254 1720 1432 1794 perniciosam
1447 1719 1652 1792 dispositionem
1667 1733 1732 1791 pos·

75 1812 165 1870 clesiae
178 1812 307 1869 tidelibus
319 1813 355 1869 de
369 1828 445 1869 more
458 1813 621 1878 convivium,
636 1814 671 1869 44
692 1816 875 1870 Lateranense
891 1779 914 1841 B
929 1824 972 1873 set
984 1814 1132 1872 efficaciter
1144 1816 1301 1888 adimplere,
1320 1814 1467 1888 quemdam
1487 1814 1642 1871 1141444444
1666 1815 1732 1869 Par-

76 1907 207 1980 palatinm
219 1907 361 1963 remeavit.
378 1910 408 1962 ln
426 1906 544 1963 4444444
561 1923 626 1964 vero
640 1907 683 1965 die
696 1915 759 1979 post
772 1908 876 1965 Pascha
930 1927 1064 1979 mensem,
1078 1910 1268 1968 detestabilem
1285 1910 1429 1976 clericum,
1443 1917 1471 1966 et
1482 1908 1550 1966 aiios
1568 1907 1732 1965 execrabiles

75 2002 192 2075 populns
212 2004 356 2058 Romanus
371 2000 499 2058 eumdem
514 2003 641 2059 Gentium
665 2017 728 2059 cum
749 2003 876 2060 omnibus
931 2006 1018 2074 viros,
1044 2021 1107 2062 curn
1123 2006 1217 2062 litteris
1230 2006 1286 2063 suis
1310 2008 1430 2061 Romam
1452 2003 1614 2073 transmisit,
1637 2010 1732 2076 quate-

76 2095 129 2153 rnis
140 2096 322 2169 complicibus
339 2096 368 2151 in
391 2096 472 2152 rebus
491 2097 608 2169 propriis
630 2097 831 2166 condemnavit,
848 2106 875 2155 et

75 2191 100 2247 in
113 2198 278 2264 4444444444
292 2189 328 2247 ab
340 2191 409 2247 urbe
422 2194 545 2247 Romane
559 2191 684 2247 exclusit.

108 2293 135 2340 4.
161 2283 302 2343 Posthac
323 2292 416 2341 autem
429 2284 598 2357 supradictus
621 2286 768 2343 Guibertus
790 2286 875 2343 licen·

74 2381 140 2436 11441
150 2379 307 2436 4414414441
322 2383 482 2436 Ravennam
505 2395 520 2436 a
540 2381 662 2436 Domino
675 2381 808 2453 Gregorio
823 2382 873 2439 do·

75 2474 129 2530 lose
155 2474 271 2547 petivit,
305 2480 439 2547 quatenus
465 2489 529 2530 eum
564 2474 663 2530 laedere
694 2475 875 2548 opportunius

74 2576 183 2642 posset,
208 2583 292 2640 qnern
313 2566 498 2625 fraudulenter
520 2583 550 2625 se
572 2568 681 2641 diligere
704 2570 873 2628 ostendebat.

74 2666 142 2721 11414
165 2662 215 2720 ubi
236 2666 397 2720 Ravennam
413 2663 682 2736 devenitpostposito
718 2665 875 2737 juramento

72 2757 145 2830 quod
156 2759 189 2814 in
200 2758 405 2815 consecratione
421 2772 469 2814 sua
488 2757 642 2815 Alexandro
657 2760 738 2830 Papae
760 2758 874 2832 ejusque

73 2853 276 2910 successoribus
290 2850 401 2919 fecerat,
413 2868 475 2908 curn
493 2850 652 2908 'lbeobaldo
665 2852 873 2922 Mediolanensi,

929 2118 981 2158 uus
1000 2117 1109 2157 causam
1131 2101 1216 2171 ipsam
1232 2098 1361 2156 vivaciter
1382 2107 1410 2156 et
1434 2098 1567 2171 intrepide
1586 2111 1731 2170 proseque·

928 2204 1032 2252 rentur.
1044 2195 1108 2266 Qui,
1120 2194 1219 2250 nelarie
1233 2194 1367 2266 legatione
1391 2201 1527 2266 suscepta,
1540 2198 1732 2264 processerunt

929 2288 1064 2360 usquead
1089 2290 1195 2347 Urbem
1215 2306 1223 2343 ε
1239 2296 1268 2345 44
1280 2288 1417 2345 venientes
1435 2287 1470 2344 ad
1488 2286 1650 2344 Pontificem
1664 2293 1730 2342 tuns

928 2384 956 2439 in
971 2385 1080 2457 synodo
1094 2383 1274 2451 residentem,
1291 2383 1319 2438 in
1338 2382 1434 2454 primis
1448 2381 1530 2455 Regis
1550 2381 1651 2437 11414444
1666 2393 1732 2451 pree·

928 2487 1089 2546 sectarunt,
1113 2487 1141 2535 41
1161 2486 1360 2552 consequenter
1384 2491 1431 2548 per
1451 2490 1483 2532 os
1504 2475 1590 2549 ipsius
1612 2474 1730 2531 Rolandi

929 2588 994 2628 curn
1008 2572 1094 2628 nimio
1109 2571 1179 2628 fastu
1193 2581 1222 2628 et
1236 2571 1418 2639 contumacia,
1431 2570 1514 2626 locuti
1528 2578 1596 2626 sunt
1614 2569 1642 2624 in
1655 2568 1729 2625 hunc

930 2664 1068 2723 modurn:
1086 2666 1161 2723 111414
1173 2682 1224 2722 444
1243 2666 1379 2723 Dominus
1396 2672 1490 2722 noster
1509 2664 1729 2731 Remiserim,

929 2760 964 2815 dc
976 2760 1089 2816 consilio
1104 2762 1304 2832 Episcoporum
1326 2774 1439 2817 suorum
1455 2767 1482 2814 44
1511 2758 1678 2831 Principum,
1700 2765 1732 2815 ut

929 2868 959 2909 44
972 2868 1033 2924 444
1047 2853 1152 2908 noviter
1166 2853 1199 2910 de
1213 2860 1286 2909 statu
1304 2851 1433 2909 Ecclesiae
1455 2853 1560 2908 censuit
1580 2859 1608 2906 et
1628 2852 1730 2908 irrevo-

72 2948 171 3004 etaliis
184 2948 329 3005 cervicosis
349 2947 489 3019 Episcopie
504 2946 678 3004 Lombardiae
697 2948 873 3019 conspiravit,
927 2946 1047 3004 cabiliter
1069 2948 1164 3003 statuit
1193 2945 1270 3002 vobis
1298 2946 1402 3020 publice
1433 2944 1669 3009 demonstremus,
1702 2951 1730 3000 et

71 3050 152 3116 44444
172 3043 304 3099 adversus
325 3045 465 3098 Pastorem
485 3057 567 3097 suum
586 3042 691 3098 occulte
712 3042 875 3099 seditionem
929 3040 1076 3097 efficaciter
1091 3056 1298 3114 prosequamur.
1315 3040 1383 3096 lude
1403 3038 1531 3112 estquod
1545 3038 1729 3111 precipimus,

70 3137 201 3194 41444414.
226 3136 309 3193 Unde
331 3134 434 3192 factum
458 3144 500 3192 est
522 3137 594 3208 quod
623 3136 770 3209 expeditio,
789 3152 872 3209 quarn
890 3155 912 3217 (3
929 3147 1000 3193 etex
1014 3137 1175 3192 auctoritate
1189 3135 1271 3208 Regis
1291 3133 1472 3208 precipiendo
1494 3132 1660 3190 mandamus
1680 3131 1730 3188 tibi

71 3229 197 3289 Pontifex
223 3246 272 3302 per
295 3233 401 3286 Ducem
425 3229 599 3288 Gotifredum
625 3230 736 3303 ejusque
756 3246 870 3286 uxorem
927 3231 1069 3303 Gregorio,
1087 3239 1118 3287 ut
1131 3230 1164 3288 dc
1184 3230 1341 3302 Apostolica
1354 3228 1425 3285 Sede
1443 3229 1501 3285 sine
1515 3243 1596 3285 more
1616 3226 1731 3284 descen·

69 3326 205 3383 illustrem
218 3324 392 3381 Comiamem
408 3325 548 3381 blatildam
566 3332 647 3397 etque
662 3325 730 3381 alios
743 3325 869 3395 Nobiles,
926 3323 985 3392 das,
1007 3333 1034 3380 et
1048 3324 1148 3381 amodo
1162 3323 1198 3380 44
1213 3326 1329 3395 Papatn,
1344 3324 1416 3380 sicut
1430 3323 1512 3378 vitam
1527 3330 1604 3378 tuam
1629 3321 1728 3393 diligis,

69 3430 165 3477 contra
189 3419 687 3477 1144444444441444444414414414
712 3420 812 3487 hostes,
838 3419 871 3476 de
926 3416 1731 3486 14441141444414444444441144144444441141444ρί441

69 3514 240 3572 lombardia
262 3515 443 3583 excitaverat,
470 3515 499 3569 in
524 3512 719 3570 detrimentum
741 3515 870 3571 Ecclesiae
925 3512 1111 3569 Cardinniibus
1132 3511 1230 3569 eodem
1245 3511 1329 3567 modo
1343 3511 1526 3585 iniungimus,
1542 3521 1573 3568 41
1594 3517 1729 3583 recepturi

68 3609 219 3668 disturbata
243 3613 375 3683 4144444
392 3609 509 3681 dirupta.
532 3612 582 3666 Per
597 3611 742 3681 Hugnuem
762 3626 871 3682 quoque
926 3607 1085 3664 Pontificem
1097 3605 1132 3663 ad
1150 3606 1273 3679 ejvvsdem
1290 3606 1373 3677 Regis
1392 3606 1567 3677 praesentiam
1586 3588 1729 3667 festinetis.

68 3703 237 3772 Candidum,
255 3705 357 3776 Regem
373 3704 520 3759 llenricum
535 3713 562 3759 et
575 3704 728 3760 liebertum
742 3705 868 3762 Guiscar·
925 3701 1031 3772 Quibus
1045 3700 1220 3772 blasphemiis
1230 3701 1344 3768 auditis,
1358 3708 1453 3757 contra
1468 3699 1595 3758 eumdem
1614 3701 1728 3758 Pontid-

69 3798 140 3856 dum
154 3806 247 3855 cenna
268 3797 396 3854 eumdem
410 3796 570 3854 Pontificem
587 3798 748 3855 omnimodo
767 3799 871 3855 studuit
926 3796 964 3852 cis
978 3796 1194 3852 conviciatorem
1206 3803 1264 3850 tota
1279 3796 1405 3866 synodus
1420 3795 1456 3851 ita
1470 3795 1644 3854 vehementer
1655 3812 1730 3853 exar-

69 3893 213 3965 instigem.
234 3894 303 3950 41444
317 3891 358 3949 414
371 3892 536 3965 apostaticus
555 3893 630 3949 omni
646 3892 709 3949 dolo
724 3901 752 3950 et
771 3893 871 3949 malitia
926 3890 971 3957 sit,
986 3890 1058 3965 quod
1081 3890 1131 3945 nisi
1148 3889 1189 3962 pia
1213 3889 1396 3946 mansuetudo
1417 3890 1488 3946 beati
1511 3894 1590 3965 Pepae
1605 3890 1730 3965 Gregorii

69 3987 187 4060 plenus,
202 3987 245 4058 qui
262 3988 320 4060 jani
341 3987 463 4043 secundo
485 3985 523 4043 ad
537 3987 701 4058 apostasiam
716 3987 804 4043 redire
824 4003 870 4043 ne·
926 4000 956 4041 se
970 3985 1131 4058 objecisset,
1147 3984 1237 4056 ipsum
1259 3983 1351 4040 fideles
1366 3984 1494 4042 Ecclesiae
1509 4001 1574 4042 cum
1597 3986 1730 4060 lapidibus

69 4096 210 4156 quaquam
224 4080 341 4137 erubuit.
360 4080 461 4137 Eodem
476 4089 600 4152 tempore
614 4082 756 4138 Dominus
768 4082 870 4153 Grego·
925 4081 1115 4135 trucidassent.
1144 4079 1194 4134 Die
1216 4094 1279 4135 vero
1304 4079 1387 4136 altera
1411 4078 1507 4136 litterae
1526 4079 1561 4136 ab
1585 4080 1731 4154 Episcopis

70 4176 127 4234 rius
141 4176 216 4233 circa
231 4176 352 4233 mediam
372 4175 613 4250 Quadragesimam
627 4175 779 4233 Concilium
801 4176 869 4232 cele·
925 4173 1142 4232 llltremontanis
1158 4172 1280 4230 Pontifici
1303 4173 1485 4244 suntdelatar,
1504 4175 1531 4231 in
1550 4175 1650 4248 quibus
1670 4191 1731 4233 eon-

69 4271 168 4340 bravit,
182 4271 212 4327 in
226 4286 281 4343 quo
300 4271 478 4343 saepedictum
494 4270 671 4339 Guibertum,
687 4272 750 4343 quin
765 4279 875 4329 vocatus
929 4270 1077 4327 1144444444
1089 4284 1118 4325 44
1132 4284 1246 4336 4444444,
1271 4278 1299 4324 44
1314 4268 1429 4324 nimium
1450 4269 1592 4344 deliquisse
1608 4288 1616 4326 r
1635 4279 1731 4342 postu·

68 4367 161 4423 venire
182 4366 369 4439 contempsit,
384 4365 418 4422 ab
442 4365 593 4438 Episcopali
615 4364 705 4422 officio
736 4373 875 4438 tamquam
935 4364 1026 4420 labant
1050 4379 1158 4436 444444
1183 4363 1306 4432 veniam,
1331 4371 1359 4419 et
1378 4378 1490 4419 omnem
1509 4363 1543 4420 de
1564 4372 1664 4421 caetere
1678 4364 1729 4421 sibi
1789 4434 1798 4445 ι

69 4460 695 4537 444144444444444414,444444444411444444
712 4460 873 4528 Candidum,
929 4459 1112 4515 obedientiam
1133 4458 1279 4514 observare
1300 4457 1414 4513 firmiter
1437 4456 1653 4530 spoponderunt.
1680 4457 1729 4513 Vix

68 4555 226 4614 4444444414
237 4554 362 4627 Apostoli
377 4553 482 4613 dictum
494 4534 560 4621 (Tit.
575 4569 624 4618 ru,
642 4560 695 4622 to).
710 4555 874 4611 Hereticum
890 4550 915 4613 D
930 4555 1022 4626 itaque
1036 4554 1128 4610 sedato
1142 4553 1272 4619 tumultu,
1295 4550 1440 4625 synodalis
1454 4559 1584 4608 tractatus
1606 4553 1633 4608 14
1654 4559 1730 4610 tran·

68 4650 216 4708 bominem
229 4658 291 4722 post
306 4650 422 4721 primam
433 4658 461 4705 et
470 4649 617 4705 secundam
628 4650 873 4705 commonitionem
928 4649 1062 4720 4411111414
1083 4648 1214 4720 processit
1232 4665 1239 4702 :
1255 4647 1301 4702 sed
1323 4662 1385 4701 cum
1410 4655 1519 4718 tempus
1538 4645 1595 4720 jam
1618 4647 1731 4705 instaret

69 4742 172 4813 devite,
193 4752 325 4819 perpetuo
344 4744 377 4801 ab
391 4744 511 4802 Ecclesia
529 4743 717 4816 sequestravit.
734 4743 786 4800 sed
809 4760 871 4800 eom
926 4741 1080 4798 absolvendi
1094 4741 1246 4814 synodum,
1261 4738 1403 4807 Pontifex,
1420 4739 1514 4798 habito
1533 4757 1596 4799 cum
1617 4751 1729 4799 eentum

70 4840 122 4898 1444
131 4837 360 4903 inltalieiiercnt,
374 4841 597 4897 Saxoneseontra
610 4841 711 4910 Regem
724 4838 871 4895 Heuricum
925 4846 953 4894 44
977 4837 1072 4894 decem
1100 4835 1240 4907 Episcopis
1265 4835 1364 4892 41111441
1390 4835 1523 4903 consilio,
1548 4837 1575 4892 in
1599 4836 1728 4894 eumdem

68 4932 180 4992 lortiter
192 4934 374 5002 rebellarunt,
394 4948 427 4989 ea
441 4933 564 4989 videlicet
576 4932 738 4995 occasione,
754 4933 872 5004 4414414
928 4936 1042 5005 Regem,
1058 4931 1103 5003 qui
1128 4930 1255 4987 14414414
1269 4932 1404 4987 unitatem
1426 4929 1551 4987 scindere
1571 4930 1727 5000 4144444414,

71 5042 143 5086 onus
157 5026 333 5103 importabile
345 5027 483 5102 satagebat
503 5026 666 5100 imponere:
683 5027 754 5085 unde
777 5027 873 5083 accidit
926 5025 1215 5083 excommunicationis
1227 5026 1389 5083 sententiam
1405 5025 1537 5097 pretulit,
1553 5034 1581 5083 et
1594 5042 1680 5100 usque
1694 5024 1729 5107 ad
1746 5030 1781 5073 ⁸
1878 5078 1881 5083 .

71 5122 147 5195 4444
160 5125 233 5191 ilex,
248 5121 277 5180 in
291 5137 375 5179 manu
391 5121 476 5179 valida
496 5130 524 5180 et
536 5120 710 5179 multitudine
724 5120 808 5194 gravi,
823 5122 872 5177 Sa·
927 5122 1089 5195 condignam
1110 5119 1321 5179 satisfactionem
1344 5123 1508 5179 senteutiam
1535 5121 1624 5195 ipsam
1647 5118 1728 5177 firmi·

73 5214 182 5273 4441444
198 5216 403 5291 exinproviso
427 5216 538 5273 intrarit
562 5235 569 5273 2
596 5215 645 5272 sed
672 5215 802 5289 quoniam
826 5230 873 5273 eos
926 5225 968 5273 ter
990 5216 1127 5274 observari
1142 5216 1278 5288 precepit.
1295 5214 1376 5285 Quod
1392 5228 1481 5288 neque
1499 5214 1727 5287 reprehensibile,

75 5308 221 5385 1144444441
244 5311 359 5380 1444114,
388 5311 529 5369 victoriam
562 5310 687 5385 quamvis
719 5309 873 5368 cruentissi·
926 5326 1091 5369 necnovum
1111 5310 1251 5385 abaliquo
1274 5309 1404 5366 aestimari
1421 5308 1525 5366 debet:
1547 5324 1612 5367 cum
1635 5305 1727 5369 asan·

73 5418 149 5465 441444
160 5404 264 5467 habuit.
283 5405 400 5481 Quippe,
411 5404 508 5462 414414
528 5404 704 5478 prudentibus
721 5403 872 5473 dicebatur,
926 5414 1035 5464 ctorum
1049 5410 1161 5463 Patrem
1175 5404 1358 5462 sanctionibus
1378 5404 1496 5461 minime
1507 5402 1688 5477 discreparet,
1701 5411 1730 5462 et

74 5500 192 5575 quinque
215 5500 301 5559 millia
322 5502 449 5559 virorum
471 5514 503 5555 ex
527 5507 603 5573 parte
623 5499 706 5574 Regis
720 5499 750 5555 in
774 5498 872 5557 eodem
926 5516 941 5559 a
963 5501 1085 5574 pluribus
1107 5499 1240 5557 Romanis
1263 5497 1442 5557 Pontificibus
1459 5498 1513 5556 boc
1533 5499 1624 5573 ipsum
1645 5499 1728 5557 etiam

73 5591 144 5653 bello
156 5592 313 5655 4441444444
332 5601 546 5655 :verumtamen
570 5595 633 5668 quia
651 5592 762 5653 eosdem
783 5596 870 5655 saxo·
924 5610 976 5671 pro
991 5594 1142 5653 minoribus
1156 5595 1244 5655 444414
1258 5592 1408 5669 reperiamr
1423 5592 1536 5653 facturn.

104 5738 183 5807 1144)
204 5728 566 5833 1114414414441441444
586 5738 701 5811 utraque
720 5748 787 5793 voce
809 5732 872 5792 vide
925 5734 1077 5801 nic,latius
1099 5749 1201 5793 nomen
1222 5733 1277 5793 boc
1299 5732 1447 5805 sumendo,
1470 5733 1543 5791 11444
1565 5729 1647 5790 etiam
1673 5728 1728 5788 vicl

72 5804 215 5883 mm·
266 5844 269 5849 ·
341 5836 345 5845 ·
374 5826 377 5831 ’
925 5808 1078 5871 4114444444
1098 5807 1224 5867 lectatur.

104 5874 547 5951 (cormariacensem
569 5874 740 5952 dietmaro
757 5870 873 5942 mmcd
928 5822 1627 5954 ····(tteinssolaus·minosesets,pecvatoetbos.
1664 5886 1671 5897 ·
1730 5882 1737 5901 »
