3884 6158
694 328 797 384 LIBER
813 327 948 385 SEXTUS.
967 356 1003 370 -
1021 326 1128 384 EPIST.
1147 327 1254 385 xxxw.

156 335 205 391 Idi
1748 332 1799 388 538

151 458 200 515 sisa
212 456 297 524 (sicut
314 455 422 512 dietum
445 455 496 527 est)
509 455 644 528 sacrilego
660 469 728 511 ausu
743 462 840 511 contra
858 455 948 510 iuter·
961 459 989 523 Α
1002 455 1055 510 stia
1067 453 1163 523 tenuit,
1176 453 1281 511 eisdem
1290 453 1341 511 sub
1352 462 1461 526 pastore
1473 453 1614 527 reilgioso,
1630 453 1658 510 in
1673 457 1799 512 liumana

149 550 257 609 dictum
281 558 409 607 nostrum
429 549 553 607 detinere
565 549 721 616 tentaverit,
737 547 946 604 admonitusse·
999 549 1119 604 Ecclesia
1142 547 1279 615 ordinato,
1300 548 1401 620 privari
1430 548 1531 620 absque
1553 549 1663 604 ratione
1684 563 1739 603 non
1752 546 1800 605 de·
1908 561 1914 569 ·

147 644 213 710 mel,
230 652 314 716 atque
324 643 438 712 iterum,
451 650 480 698 et
491 641 584 708 tertio,
599 658 647 714 per
659 641 851 698 convenientes
864 639 945 698 iudu-
1000 641 1071 697 beat.
1091 643 1264 712 Quapropter
1273 639 1448 698 dilectionem
1457 650 1536 698 tuam
1551 657 1700 698 monemus
1713 650 1743 698 ut
1754 656 1798 698 res

146 738 216 804 cias,
241 734 429 793 sirmondum
453 735 663 808 contempserit,
691 735 761 790 iram
782 743 811 791 et
822 733 946 792 feruorem
1000 735 1073 800 illas,
1088 749 1171 806 super
1181 734 1283 805 quibus
1309 733 1440 806 praedicta
1455 735 1663 792 matisconensis
1677 735 1798 791 Ecclesia

145 829 412 902 omnipotentisDei
421 836 516 886 contra
525 844 555 886 se
569 843 618 901 per
631 829 947 885 excommunicationem
1001 827 1136 901 queritur,
1152 827 1175 882 si
1189 841 1276 899 usque
1290 826 1324 886 ad
1338 842 1419 899 supra
1434 829 1578 885 memorati
1597 827 1690 884 lratris
1709 829 1800 884 nostri

141 922 330 995 apostolicam
352 922 519 994 provocabit.
534 920 734 979 Obedientibus
750 937 817 978 reru
837 928 945 994 aposto·
1000 929 1110 994 tempus
1118 919 1252 993 possedit,
1262 919 1391 991 deluceps
1399 936 1511 993 quoque
1520 929 1569 977 aut
1578 921 1670 993 quiete
1678 921 1797 978 retinere

140 1015 197 1073 lica
210 1017 388 1085 auctoritate,
403 1023 432 1071 et
444 1016 519 1072 beati
532 1015 610 1071 Petri
623 1014 714 1085 nobis,
731 1014 796 1071 licet
813 1015 946 1087 indignis,
1001 1015 1153 1088 permittas,
1169 1021 1217 1068 aut
1228 1012 1423 1069 concambium
1445 1020 1604 1086 competens
1616 1013 1732 1071 reddere
1742 1023 1797 1071 stu·

137 1124 280 1166 concessa
302 1115 448 1183 potestate,
460 1116 639 1181 peecatorum
652 1123 768 1165 suorum
779 1107 888 1164 reniam
906 1108 948 1164 iu·
1001 1107 1075 1165 deas.
1100 1106 1181 1180 Quod
1199 1106 1309 1163 siinter
1322 1121 1370 1163 ros
1382 1106 1454 1163 banc
1474 1122 1584 1162 causam
1608 1122 1665 1163 non
1683 1108 1798 1179 potestis

139 1200 302 1275 dulgemus.

177 1298 253 1352 Data
272 1295 508 1365 liomte,sceundo
532 1296 596 1352 Kal.
612 1295 725 1369 Aprilis,
742 1294 894 1352 indictione
907 1309 949 1351 se·

141 1387 245 1446 canda.
329 1419 336 1429 ·

380 1483 558 1540 EPISTOLX
590 1484 713 1539 XXXII.

196 1591 242 1633 sn
256 1590 457 1635 rsnrrnsnrntt
469 1590 644 1634 narscoemr
663 1589 889 1634 pinnatensem

443 1673 534 1738 (Anno
568 1675 661 1737 tute.)

148 1765 278 1833 Iotpums
285 1763 366 1832 doram
380 1765 418 1820 od
425 1768 567 1834 Hisponem
584 1764 642 1834 ejus
653 1778 814 1833 permenam
825 1769 945 1835 spectast-

1001 1200 1055 1273 Ipsi
1069 1214 1245 1272 componere,
1261 1199 1389 1255 volumus
1407 1197 1520 1256 fratrem
1534 1207 1661 1256 nostrum
1667 1201 1797 1258 Diensem

1001 1294 1161 1366 episcopum
1175 1301 1204 1349 et
1225 1292 1319 1348 Sancti
1346 1291 1423 1348 Pauli
1451 1293 1578 1349 abbatem
1594 1293 1705 1364 negotio
1734 1292 1798 1349 huic

1000 1388 1391 1458 interesso,quatenuseorum
1406 1385 1529 1444 adbibita
1549 1385 1688 1459 diligentia
1713 1385 1798 1442 linem

1000 1480 1036 1537 lis
1047 1479 1167 1537 iuvenire
1178 1487 1286 1536 rectum
1304 1487 1333 1536 et
1345 1495 1498 1552 congruum
1509 1464 1617 1548 ualeat,
1631 1496 1663 1536 ac
1682 1480 1798 1535 ulterius

1000 1574 1072 1630 inter
1085 1589 1134 1630 ros
1154 1572 1289 1630 dissensio
1304 1573 1378 1629 nulla
1402 1580 1555 1630 remaneat.
1572 1574 1636 1629 Sine
1652 1572 1798 1629 concordia
1885 1642 1888 1648 .
1910 1642 1918 1667 Ι

1001 1682 1122 1739 namque
1142 1683 1229 1739 neque
1251 1667 1460 1739 religiositatem
1481 1666 1598 1722 dicimus
1616 1667 1697 1737 (sorte
1717 1664 1797 1721 duci·

998 1775 1070 1817 mus.
1091 1763 1202 1829 Herm]
1218 1759 1371 1832 quidquam
1388 1760 1488 1826 valere,
1511 1774 1600 1832 nequa
1624 1758 1701 1816 aliud
1713 1773 1794 1830 opus,

175 1839 227 1898 tm,
250 1836 343 1891 “blm
360 1837 409 1891 διὸ
427 1835 708 1892 wwmmwll'ffliwlss
732 1849 817 1906 lma
834 1838 946 1891 mailli
959 1860 983 1923 Β
998 1855 1050 1910 etsi
1072 1853 1176 1911 bonum
1190 1852 1323 1921 rideatur,
1334 1851 1518 1925 aliquidesse.

177 1907 305 1962 mandor.

178 1999 359 2058 eucerius
365 1999 521 2073 episeopus,
527 2014 622 2056 sersus
629 2015 772 2057 errorum
779 2001 842 2068 Dei,
859 2003 945 2057 lenu-

148 2107 242 2151 ssnro
259 2093 421 2150 Pictaricnsi
434 2092 562 2167 episcopo
577 2093 695 2150 salutem
715 2103 743 2151 et
762 2094 943 2165 apostolicam

145 2184 374 2244 benedictionem.

175 2280 309 2337 Pervenit
319 2279 355 2337 ad
368 2294 448 2336 aures
461 2287 569 2336 nostras
583 2278 657 2353 quod
671 2278 743 2336 bona
754 2281 893 2354 Rorgonis
907 2281 943 2338 de

144 2372 265 2447 (aequm
281 2388 353 2447 quae,
368 2381 480 2430 mortuo
494 2374 565 2448 ipso,
583 2375 613 2429 in
627 2381 791 2445 potestatem
805 2375 939 2448 germani,

144 2467 250 2524 scilieet
270 2467 397 2539 Hugonis
416 2467 505 2522 nostri
521 2465 613 2523 fidelis
627 2474 654 2523 et
674 2465 739 2535 lilii,
755 2467 818 2540 jure
839 2467 941 2525 debent

143 2559 308 2628 macedone,
332 2561 414 2633 Hugo
433 2558 557 2616 Delezini
578 2557 622 2632 [de
645 2560 803 2627 Leziuiaco3
829 2563 859 2615 m
881 2562 940 2617 cod.

143 2654 210 2711 nuc.
224 2653 378 2722 Delerzini]
393 2652 496 2726 injuste
514 2653 687 2725 presumpsit
709 2653 843 2710 invadere.
859 2654 940 2711 Unde

144 2747 204 2819 quia
226 2747 469 2819 prenominatum,
480 2748 627 2818 Hugonem
644 2746 777 2803 clericum
799 2756 937 2815 nostrum,

144 2847 169 2896 et
182 2854 230 2899 res
240 2841 328 2913 ipsius
339 2841 368 2896 iu
376 2839 493 2896 tutelam
503 2839 663 2911 apostolieae
673 2839 747 2896 sedin
760 2840 941 2912 suscepimus,

144 2930 307 2990 iratemitati
319 2941 375 2989 tun
396 2930 540 2989 invitando
560 2932 735 3004 precipimus
757 2941 788 2988 ut
802 2947 886 3005 super
898 2932 942 2990 bis

143 3042 235 3086 mrem
249 3028 309 3085 vice
317 3034 412 3084 nostra
424 3042 534 3100 gerens,
544 3025 766 3083 duciGuilielmo
774 3025 834 3084 baec
843 3027 940 3085 eadem

144 3120 322 3195 significando
345 3135 484 3193 suggeras,
508 3128 642 3193 quatenus
666 3121 695 3175 iu
724 3119 775 3177 bac
799 3121 884 3177 etiam
910 3137 939 3178 re

144 3223 277 3287 quantum
291 3214 372 3270 beato
385 3216 467 3270 Petro
480 3214 518 3269 sit
531 3212 619 3269 ildelis
631 3213 768 3270 ostendat.
793 3216 896 3270 Verum
911 3214 939 3271 in
952 3230 975 3294 ρ
992 3265 1045 3324 que

143 3307 240 3380 primis
253 3305 379 3363 volumus
392 3315 423 3364 ut
439 3305 550 3362 dilectio
569 3314 617 3362 tua
631 3304 739 3362 studeat
752 3314 939 3364 memoratum

144 3401 373 3458 leziniacensem
403 3398 673 3474 [Deleziniacensem]
694 3414 727 3454 ex
746 3407 823 3471 parte
845 3409 939 3457 nostra

142 3508 203 3552 mm
210 3494 273 3567 jam
297 3492 373 3550 dicto
395 3492 467 3550 duce
493 3493 648 3559 convenire,
672 3508 723 3548 nec
737 3507 793 3548 non
814 3493 890 3549 illum
905 3493 939 3550 de

141 3588 301 3663 temeritate
314 3601 363 3643 sua
375 3583 564 3660 redarguendo
575 3584 609 3642 de
618 3583 804 3641 satisfactione
817 3601 937 3643 mouere.

142 3679 266 3751 Quodsi
294 3679 454 3736 admonitus
477 3677 574 3745 semel,
600 3680 702 3734 iterum
729 3693 761 3735 ac
781 3680 875 3749 terlio,
892 3695 939 3753 per

142 3781 330 3847 competentes
354 3771 477 3829 inducias
505 3772 535 3826 in
560 3772 707 3843 pertinacia
727 3788 777 3828 sua
801 3772 940 3830 duraverit

143 3866 318 3924 etmandatis
331 3864 432 3922 nostris
446 3865 607 3922 inobediens
627 3865 742 3938 Justitiae
758 3882 856 3937 parere
875 3883 939 3923 con·

144 3959 297 4034 tempserit,
307 3959 458 4030 apostolica
467 3960 633 4016 auctoritate
643 3959 854 4031 praecipimmut
862 3976 938 4030 eum,

146 4064 283 4124 quousque
296 4052 461 4123 resipiscens
473 4051 565 4108 ablata
580 4052 716 4114 restituat,
745 4051 853 4109 vinculo
874 4068 938 4109 ana-

147 4142 268 4202 thematis
282 4145 388 4217 illiges}
405 4144 480 4217 quod
490 4143 568 4201 idem
582 4143 761 4216 postmodum
782 4160 833 4201 nos
847 4144 939 4202 irma-

151 4241 283 4295 mnenon
295 4235 414 4295 dubites.

181 4331 251 4388 Data
262 4333 374 4400 Rome,
390 4328 485 4387 idibus
497 4330 613 4402 Aprilis,
626 4331 723 4387 indict.
738 4330 867 4407 secunda.

372 4433 553 4490 EPISTOLA
567 4433 705 4488 XXXIII.

213 4540 255 4585 ss)
277 4539 432 4584 undennis
451 4540 597 4583 unstrut
622 4538 869 4584 cntttttectttsntn.

435 4618 528 4691 (enno
562 4623 654 4686 sure.)

162 4704 186 4762 Ul
196 4713 273 4783 lonc,
283 4729 346 4785 qun
365 4714 568 4769 matisconensis
589 4713 705 4767 Ecclesia
717 4716 805 4782 quiete
815 4714 938 4783 possede-

183 4791 231 4850 ιιι,
246 4786 282 4840 ab
302 4786 362 4855 ipso
375 4784 468 4838 obluta
486 4789 535 4838 aut
549 4786 676 4838 restituat
695 4789 743 4837 aut
756 4783 860 4838 cambio
873 4800 940 4839 mm·

182 4862 281 4923 perstet,
296 4858 340 4910 st'n
353 4857 454 4920 minus,
467 4856 562 4911 llimtsi
572 4857 691 4925 episcopo
706 4855 830 4908 etcbbuti
846 4856 943 4912 Sancti

183 4927 260 4983 insui
272 4928 307 4981 la's
320 4928 391 4981 mim
403 4941 446 4982 cos
455 4926 628 4980 seminanda
645 4927 832 4982 committitur.

1032 1950 1104 2004 Data
1118 1950 1228 2015 Itomae,
1238 1946 1347 2003 decimo
1364 1954 1462 2002 ootaru
1472 1945 1536 2002 Kal.
1551 1945 1627 2010 Maii,
1642 1943 1740 2003 indict.
1755 1960 1785 2002 se

997 2041 1098 2098 cunda.

1227 2143 1406 2199 EPISTOLX
1427 2142 1562 2199 XXXIV.

1014 2260 1056 2302 sn
1076 2258 1237 2302 onnurnun
1254 2259 1518 2303 sncnrsrrscouues
1536 2256 1777 2302 succurrissent.

1295 2349 1389 2419 (Anno
1416 2348 1510 2417 1⁰79.)

996 2451 1284 2521 contiramiprimoius
1294 2451 1459 2520 dignitatem
1473 2450 1648 2519 Luqducensi
1667 2448 1795 2505 Ecclesiae

1030 2536 1111 2590 super
1122 2526 1238 2590 quotuor
1254 2524 1410 2591 prouincias
1427 2536 1582 2585 comessum,
1598 2521 1741 2575 dummodo
1754 2521 1796 2576 St'·

1031 2594 1151 2646 monime
1163 2593 1381 2663 archiepiscopus
1400 2593 1562 2647 circaeam
1579 2594 1675 2655 suerit.

1029 2693 1367 2766 Graecarusepiscopus,
1387 2708 1480 2749 sersus
1494 2708 1638 2750 serrorum
1659 2692 1716 2761 bei,
1743 2695 1798 2751 Ge·

999 2801 1095 2843 numo
1104 2786 1282 2855 [Gannemo]
1296 2784 1467 2857 Lugduueusi
1475 2785 1687 2858 archiepiscopo.

1031 2880 1152 2952 Antiqua
1173 2866 1331 2935 sauctorum
1355 2881 1478 2948 Patrum,
1491 2877 1590 2950 quibus
1606 2879 1671 2935 licet
1691 2878 1795 2950 indigni

995 2981 1023 3029 et
1036 2973 1116 3045 longe
1134 2972 1241 3029 meritis
1253 2973 1381 3044 impares,
1409 2971 1439 3026 iu
1452 2970 1687 3028 administratione
1712 2971 1795 3043 hujus

992 3066 1064 3122 sedis
1077 3065 1259 3134 succedimus,
1277 3065 1400 3137 vestigia,
1416 3066 1444 3120 in
1458 3072 1591 3136 quantum
1602 3063 1690 3121 divim
1701 3063 1796 3137 digna-

992 3158 1031 3215 tio
1043 3160 1187 3231 permittit,
1199 3158 1303 3215 imitari
1312 3157 1510 3225 desiderantes,
1538 3157 1595 3229 jus,
1606 3157 1681 3229 quud
1693 3157 1794 3213 unicui·

1070 3252 1255 3308 Ecclesiarnm
1277 3251 1442 3322 promerito
1462 3258 1490 3306 et
1518 3248 1652 3321 dignitate
1676 3250 1720 3306 sui
1741 3251 1794 3322 ipsi

992 3345 1177 3413 contulerunt,
1194 3358 1245 3401 nos
1268 3359 1302 3401 ex
1326 3358 1423 3399 eorum
1442 3343 1612 3400 successibus
1638 3342 1793 3400 considera·
1879 3373 1883 3380 ·

992 3437 1277 3508 tionedecetillmsum
1289 3437 1676 3506 etimmutabilaconsersare,
1691 3445 1791 3494 etmu·
1893 3444 1896 3449 '

991 3534 1098 3590 nimine
1126 3532 1301 3589 decreturum
1314 3541 1475 3589 nostrorum
1490 3531 1525 3589 nd
1538 3539 1699 3604 perpetuam
1712 3530 1794 3587 stabi-

991 3625 1096 3682 litatem
1119 3627 1306 3683 corrobcrare.
1328 3626 1511 3697 Quapropter,¹
1524 3626 1599 3697 quia,
1613 3624 1793 3684 dilectissime
1881 3682 1885 3689 ,

992 3721 1022 3776 in
1037 3720 1147 3778 Christo
1160 3719 1247 3777 frater
1260 3720 1396 3789 debuine,
1424 3719 1569 3792 postulasti
1591 3719 1702 3777 anobis
1727 3736 1795 3794 qua-

992 3823 1071 3873 tenus
1083 3815 1249 3889 dignitatern
1270 3816 1305 3872 ab
1327 3816 1546 3872 antecessoribus
1560 3815 1663 3871 nostrIs
1681 3831 1792 3872 conces·

991 3924 1051 3965 sam
1066 3910 1202 3977 Ecclesiae,
1219 3911 1264 3966 cui
1281 3913 1341 3965 Deo
1354 3918 1466 3966 auctore
1480 3924 1597 3981 preesse
1609 3908 1791 3982 dIgnosceris,

992 4002 1233 4069 confirmaremus,
1246 4012 1275 4059 et
1294 4018 1410 4076 quaeque
1423 4019 1472 4059 sua
1490 4003 1524 4060 ab
1538 4000 1716 4059 infestatione
1745 4005 1794 4060 be

992 4095 1048 4151 stili
1061 4096 1217 4168 apostolicas
1230 4096 1302 4153 sedis
1316 4097 1476 4153 defensione
1496 4104 1649 4164 tueremur,
1667 4098 1792 4154 inclinati

993 4189 1120 4259 precibus
1134 4191 1191 4246 tuis
1209 4190 1405 4247 confirmamus
1417 4190 1569 4260 primatum
1576 4206 1658 4262 super
1674 4200 1793 4265 quatuor

994 4283 1147 4356 provincias
1171 4283 1349 4354 Lugdunensi
1376 4283 1504 4339 Fcclesiae
1529 4292 1596 4353 tuae,
1611 4292 1640 4340 ct
1666 4300 1714 4356 per
1729 4300 1790 4341 eam

993 4377 1044 4433 tibi
1053 4377 1165 4448 tuisque
1187 4376 1400 4440 successoribus,
1416 4375 1459 4431 bis
1471 4383 1581 4431 tantum
1593 4377 1640 4449 qui
1654 4375 1732 4432 nullo
1746 4378 1789 4431 in·

994 4471 1283 4528 terrenientemunere
1297 4470 1376 4525 electi
1390 4470 1431 4525 vel
1452 4469 1571 4540 promoti
1586 4468 1696 4533 luerim,
1711 4469 1791 4526 ulde-

954 4582 978 4643 1)
994 4564 1068 4631 ficet,
1083 4579 1099 4618 a
1112 4578 1208 4631 manu,
1226 4563 1260 4617 ab
1274 4561 1405 4634 obsequio
1421 4569 1449 4617 et
1462 4576 1478 4617 a
1490 4561 1591 4632 lingua.
1607 4564 1632 4616 Α
1646 4577 1746 4631 menn,
1760 4571 1791 4618 ut

995 4656 1101 4713 nullum
1112 4656 1233 4727 pretium
1243 4671 1379 4727 prorsusa
1391 4670 1421 4711 se
1435 4656 1475 4711 vel
1488 4655 1625 4727 abaliquo
1637 4655 1789 4725 tribuatur3

993 4750 1028 4805 ab
1044 4748 1187 4820 obsequio,
1200 4756 1231 4803 ut
1239 4748 1308 4803 nibil
1323 4747 1388 4803 iude
1400 4748 1504 4804 servitii
1517 4746 1616 4817 faciat,
1640 4750 1712 4805 sicut
1726 4751 1787 4821 qui-

993 4841 1058 4898 dam
1079 4827 1361 4897 intentione'ecclesiae
1382 4840 1550 4913 praelationis
1563 4842 1720 4913 potentibus
1733 4859 1791 4915 per·

993 4935 1067 4991 sonis
1081 4931 1301 5000 solentdeferre;
1316 4933 1441 5007 elingua,
1453 4942 1484 4990 ut
1497 4949 1585 5006 neque
1600 4950 1687 5007 persa
1701 4951 1790 5008 neque

183 5027 360 5086 Gnaennrns
370 5027 521 5100 episcopus,
536 5043 629 5084 servus
640 5041 783 5083 servorum
803 5025 865 5094 Dei,
880 5028 939 5083 Iiu-
993 5044 1040 5101 per
1052 5028 1217 5085 submissam
1226 5043 1371 5100 personam
1381 5044 1475 5101 preces
1487 5026 1622 5084 effundat.
1634 5028 1687 5086 Sed
1702 5045 1789 5101 neque

160 5124 216 5180 tore
231 5121 408 5180 cluniacensi
419 5120 523 5191 abban,
533 5121 690 5178 salutemet
700 5120 879 5193 apostolicam
892 5119 938 5176 be·
992 5121 1036 5178 hle
1049 5123 1097 5194 qui
1110 5138 1160 5194 per
1173 5122 1334 5179 secularem
1350 5129 1516 5194 potestatem
1528 5122 1563 5178 ad
1583 5121 1655 5179 banc
1668 5121 1790 5194 diguita-

159 5212 339 5272 ltdictionem.
990 5222 1049 5271 tem
1066 5216 1251 5286 pervenerint,
1267 5213 1393 5271 videlicet
1409 5214 1484 5271 dono
1510 5215 1552 5270 vel
1576 5215 1790 5271 confirmatione

181 5307 349 5367 landericus
368 5308 587 5376 matisconensis,
612 5306 695 5364 lrater
715 5315 747 5364 et
761 5306 939 5378 coepiscopus
992 5307 1106 5380 alicuius
1120 5323 1243 5378 personae
1257 5322 1320 5379 qum
1341 5316 1445 5365 sanctae
1456 5307 1583 5380 religioni
1598 5308 1722 5364 videatur
1738 5308 1789 5363 ub-

157 5407 245 5475 mm,
264 5401 502 5475 adapostolorum
516 5401 612 5458 limina
624 5401 754 5471 veniens,
769 5409 938 5473 conquestus
992 5400 1075 5469 viare,
1089 5408 1118 5456 st
1140 5408 1237 5457 contra
1257 5416 1354 5472 puram
1378 5409 1407 5457 et
1428 5399 1616 5457 authenticam
1630 5408 1788 5457 sauctorum

155 5499 185 5549 st
199 5495 276 5570 apud
296 5510 349 5552 nos
361 5495 490 5553 Metita
509 5509 568 5552 suae
581 5493 645 5567 jura
667 5510 684 5551 a
701 5502 730 5551 te
752 5494 805 5552 sibi
824 5492 938 5563 auferri,
991 5495 1105 5551 Patrum
1118 5495 1313 5551 auctoritatem
1327 5494 1430 5550 venire.
1444 5492 1497 5550 sed
1511 5493 1554 5548 bis
1568 5494 1703 5551 nimirum
1718 5495 1790 5550 hauc

153 5586 486 5662 meepmdeeesecrum
502 5602 618 5645 suorum
635 5586 826 5660 temporibus,
851 5587 938 5642 etiam
990 5585 1153 5660 dignitatem
1167 5585 1370 5644 concedendam
1383 5602 1442 5643 esse
1453 5586 1605 5655 sancimus,
1620 5587 1668 5659 qui
1681 5602 1749 5658 pura
1763 5594 1792 5641 et

150 5676 376 5751 simoniacorum,
396 5681 488 5753 quiete
505 5680 562 5738 sisa
576 5687 618 5737 est
629 5679 777 5753 possidere.
800 5682 858 5737 llos
870 5695 937 5753 ergo
990 5679 1095 5737 sincera
1109 5680 1243 5737 electione
1263 5680 1315 5735 tibi
1327 5681 1518 5746 successerint,
1531 5681 1611 5735 etita
1623 5695 1671 5751 per
1683 5678 1789 5734 ostium

149 5767 261 5846 lignum
279 5788 339 5831 esse
357 5780 386 5830 et
401 5780 561 5846 competens
580 5771 800 5846 adjudicavimus
819 5781 851 5829 ut
873 5788 935 5844 quae
990 5773 1163 5842 intraverint,
1186 5774 1258 5830 siem
1281 5772 1486 5831 fraternitatem
1511 5779 1590 5827 tuam
1608 5771 1792 5843 cognovimus

148 5860 214 5926 hen
225 5864 399 5940 tstnpcrlbrn
407 5866 625 5940 besbgiosurum
643 5866 758 5926 ccclesia
771 5867 832 5925 siue
850 5866 937 5924 mole·
989 5867 1118 5926 intrasse.
1129 5868 1182 5924 ilis
1193 5881 1259 5924 vero
1268 5865 1318 5939 qui
1329 5865 1407 5923 aliter
1415 5861 1742 5932 benemerentem
1750 5864 1808 5934 mn
