3870 6164
133 268 201 325 tots
638 260 684 316 so
703 257 817 315 orum
835 256 864 313 s.
883 253 1043 312 sauconn
1059 252 1278 310 Anneuotcus.
1436 208 1467 287 .'
1719 246 1782 303 tots

134 392 203 465 ipse,
229 391 271 447 vel
295 389 364 445 fliius
384 384 560 455 Lithulphus,
594 383 647 438 sibi
662 381 773 438 adesset
803 381 926 436 obsesso.
941 384 968 448 Α
982 377 1101 451 oppidis,
1115 381 1234 434 Romam
1246 375 1377 449 perrexit,
1390 384 1417 431 ct
1443 387 1547 446 epape
1562 368 1650 443 hujus
1668 368 1782 425 nomhris

133 488 200 543 Otto
226 485 315 553 itaque
338 480 425 534 filiium
453 493 534 534 suum
555 475 738 548 lithulphum
766 490 829 530 cum
854 473 929 529 mille
982 473 1089 527 Joanue
1103 469 1270 528 duodecimo
1284 468 1390 540 imperii
1405 465 1534 524 diadema
1549 461 1690 536 suscepit,
1707 466 1778 543 Atto

133 578 246 635 armatis
261 574 311 630 sihi
336 573 412 628 misit
436 571 548 639 auxillo,
565 570 611 642 qui
633 569 660 624 iu
685 558 794 625 ltaliam
821 566 932 623 veniens
984 581 1049 622 nem
1070 573 1132 638 post
1142 565 1202 621 haec
1221 565 1329 637 magnis
1350 561 1447 619 ditavit
1461 558 1679 625 muneribuset
1703 557 1780 612 comi·

133 675 272 726 Veronam
292 668 416 723 intravit.
451 665 532 735 Quod
553 664 667 720 audieus
694 662 861 718 Adalbertus
884 676 932 716 rex
983 668 1058 716 tetus
1081 657 1219 715 decoravit
1231 657 1346 713 honore.
1364 655 1416 729 Qui
1444 653 1560 710 taudem
1583 649 1780 718 decollemur

134 762 304 819 obsidionere
318 761 380 816 licta
395 757 530 831 Badginm
548 756 678 829 perrexit.
691 755 934 826 Lithulphusvero
986 752 1072 825 proba
1099 752 1213 808 muliere
1246 749 1386 823 lldegarda
1414 747 1537 816 nomine,
1568 745 1641 802 duos
1683 743 1782 815 reliquit

134 859 243 912 Verona
266 854 378 920 exieus,
406 853 562 924 vespertina
586 850 653 906 hore
678 849 803 905 Battonis
825 855 934 919 pratum
986 846 1068 915 filios,
1079 843 1283 902 Gothofredum
1296 843 1468 899 Brixieusem
1480 841 1661 913 episcopum,
1677 836 1780 894 ct‘lhc·

133 947 253 1016 advenit,
268 947 313 1003 ubi
330 945 427 1002 aderet
439 951 549 1012 Atto;a
565 960 622 1015 quo
643 941 934 1014 susceptushilariter,
987 935 1112 995 daldum.

136 1042 217 1110 male,
250 1039 337 1110 iuquit
359 1042 437 1100 Atto,
467 1044 598 1108 gatonem
619 1050 684 1091 cum
699 1050 780 1090 mure
803 1035 832 1089 in
859 1041 935 1090 arcto
1291 1048 1411 1105 Cppffl·
1432 1049 1479 1104 pv,

137 1133 248 1191 sacculo
262 1131 344 1188 simul
359 1146 418 1187 esse
436 1129 535 1186 fertur.
556 1128 601 1185 Ad
612 1144 697 1200 quem
711 1127 938 1199 Lithulphus,ut
989 1159 1027 1212 De
1042 1153 1181 1210 Theclam
1209 1152 1319 1206 [monis
1330 1152 1396 1221 mo,
1409 1153 1435 1203 e,
1457 1149 1514 1220 ejus
1537 1147 1618 1217 mit-3,
1659 1144 1784 1202 mam

137 1227 190 1282 hoc
211 1225 262 1281 sibi
275 1225 431 1280 enuclearet
453 1221 574 1294 enigma,
587 1219 727 1293 respoudit
740 1239 747 1276 ε
762 1223 825 1277 Nou
846 1219 935 1291 decet,
1024 1225 1135 1292 scillcet,
1147 1224 1285 1290 Bonisoct'o
1296 1226 1323 1277 et
1333 1221 1465 1288 Conrado,
1476 1218 1549 1291 etde
1559 1221 1650 1273 mute
1667 1216 1788 1273 fledaldi

137 1319 228 1391 inquit
249 1323 326 1386 Atto,
343 1316 415 1373 duos
435 1315 582 1372 comitatus
601 1315 629 1369 in
657 1330 714 1369 rino
742 1313 855 1370 homine
878 1330 937 1370 esse
1027 1302 1053 1352 ⁰²
1068 1295 1199 1351 &Wadi-

136 1411 228 1468 simul.
254 1410 404 1481 capiemus
423 1409 517 1481 igitur,
535 1408 625 1480 inquit
653 1407 828 1478 Lithulphus,
849 1407 939 1464 consi·
1024 1406 1180 1463 Tbedaldus
1199 1405 1282 1477 igitur
1301 1411 1364 1476 post
1375 1401 1484 1459 Attouis
1497 1402 1559 1474 eius
1573 1401 1665 1474 putris
1678 1408 1786 1456 moun

137 1505 206 1561 lium
217 1502 282 1575 quid
296 1518 394 1560 sumus
404 1503 503 1558 acturi.
515 1507 581 1557 Atto
596 1499 741 1572 respondit
756 1503 880 1556 :Bonum
896 1509 938 1557 est
991 1516 1103 1557 omnem
1115 1507 1378 1572 petemumservaus
1391 1495 1538 1563 honorem,
1561 1503 1591 1550 et
1603 1493 1724 1549 uirtutes
1736 1493 1786 1549 iui-

136 1606 216 1654 nocte
231 1596 281 1652 hac
297 1597 325 1651 iu
339 1610 405 1668 agro
420 1595 475 1651 isto
488 1595 643 1665 pallescere,
659 1603 697 1661 et,
714 1595 838 1665 corporis
857 1608 931 1650 curre
984 1604 1068 1661 tetus,
1082 1602 1168 1649 terras
1181 1601 1208 1648 et
1221 1590 1322 1663 oppida
1333 1589 1443 1663 propria
1460 1587 1653 1661 molineaus,
1669 1586 1785 1660 prindpl·

138 1692 303 1757 insistentes,
330 1689 376 1760 qui
395 1688 531 1743 Adalberti
551 1687 700 1743 exercitum
725 1687 846 1759 exploret
871 1687 934 1743 mit·
986 1688 1038 1743 bus
1065 1685 1166 1742 exstitit
1179 1695 1261 1740 notus
1290 1682 1441 1740 etcharus.
1459 1682 1509 1739 Cui
1523 1682 1654 1737 Joauues
1676 1678 1785 1752 pontifex

35 1767 38 1771 ’
139 1793 241 1840 temus.
257 1782 339 1853 Quod
353 1780 558 1837 etfactumcst.
571 1782 705 1836 Reversus
717 1779 935 1853 igiturnuntius,
949 1770 974 1833 B
990 1780 1077 1836 multa
1092 1779 1143 1834 sibl
1167 1776 1480 1849 dilectionecoujunctus
1496 1775 1647 1831 civitatem
1667 1772 1788 1830 ooucmft

139 1882 243 1932 Attene
255 1875 346 1947 primo
375 1875 486 1930 invento
503 1893 509 1927 ε
524 1873 605 1928 Tanti
619 1883 695 1938 sunt,
711 1873 812 1944 inquit,
832 1873 937 1941 hostes,
991 1874 1122 1930 feriarum
1138 1877 1222 1939 (953).
1237 1869 1385 1928 Canusium
1396 1877 1520 1926 cmtrum
1535 1868 1629 1924 multa
1657 1866 1785 1940 diligentia

143 1971 195 2037 [ut]
207 1967 229 2023 si
240 1968 327 2024 nostri
340 1966 458 2039 pecudes
472 1973 573 2034 essent,
586 1967 620 2020 ab
646 1965 683 2020 eis
697 1965 803 2021 comedi
814 1974 936 2037 possent.
991 1965 1145 2023 custodivit.
1160 1968 1243 2021 Juxta
1251 1964 1337 2020 otiam
1351 1963 1418 2019 Padi
1432 1962 1551 2028 fluenta,
1561 1960 1673 2032 lougea
1684 1962 1785 2017 lllautm

140 2065 218 2117 Tunc
240 2065 317 2124 Atto,
331 2059 470 2114 silentium
484 2058 579 2113 nuntio
597 2058 755 2129 imponens,
777 2057 813 2113 ad
827 2058 937 2114 Lithul·
994 2058 1146 2116 miliaribus
1166 2058 1272 2125 decem,
1287 2056 1360 2113 idem
1383 2056 1497 2126 dignum
1520 2054 1686 2111 construxit
1705 2068 1785 2110 ooeuo·

141 2153 228 2225 phum
249 2150 364 2219 accedit,
391 2160 418 2206 et
441 2158 546 2205 retorta
571 2150 704 2206 sententia
730 2151 819 2206 nuntii
856 2151 938 2207 verba
991 2153 1069 2209 bium
1095 2152 1169 2223 quod
1183 2159 1294 2207 sanctus
1312 2148 1477 2206 Benedictus
1493 2147 1785 2225 delPadoliroucuuu

145 2245 272 2301 mumvit.
310 2243 397 2312 Adeo,
408 2243 509 2314 iuquit,
531 2243 609 2316 pauci
636 2252 703 2299 sunt
721 2243 824 2311 hostes,
860 2252 891 2300 ut
916 2244 939 2300 si
992 2254 1117 2319 cupatur,
1143 2246 1171 2301 iu
1195 2261 1249 2316 quo
1278 2243 1428 2299 monachos
1450 2241 1504 2297 sub
1533 2240 1684 2298 Benedicti
1708 2240 1785 2313 regula

142 2338 264 2393 bidentes
275 2337 356 2392 assati
377 2345 479 2405 esseut,
492 2351 588 2391 eorum
603 2352 661 2391 uon
678 2336 838 2393 sustinerent
860 2337 940 2393 uobis
992 2340 1121 2413 degentes
1146 2338 1271 2394 instituit.
1296 2337 1448 2409 Conjugem
1471 2334 1570 2391 habult
1583 2334 1710 2391 voiliam
1720 2336 1784 2402 (954)

142 2444 247 2485 carnes.
273 2431 407 2484 Hortatur
425 2429 516 2501 itaque
543 2428 725 2500 Lithulphum
749 2440 780 2486 ut
793 2431 879 2487 armis
898 2446 940 2486 as·
993 2433 1114 2501 nomine,
1127 2448 1177 2489 sua
1191 2430 1321 2487 omuibus
1334 2431 1434 2502 pietate
1449 2429 1622 2500 placentem,
1632 2427 1668 2485 de
1678 2435 1784 2500 queue

142 2523 258 2594 sumptis
272 2522 359 2578 irruat
380 2522 408 2576 in
424 2521 563 2577 Adalberti
584 2523 749 2579 exercitum.
773 2524 940 2596 Lithulpbus
996 2526 1147 2598 procreavit
1159 2524 1229 2581 filios
1240 2545 1247 2580 ι
1258 2523 1429 2581 Tbedaldum
1444 2521 1583 2592 videlicet,
1599 2522 1649 2593 qui
1661 2521 1712 2579 fuit
1729 2526 1784 2576 Are

143 2617 235 2689 igitur,
251 2623 446 2687 prorumpente
459 2631 570 2684 aurora,
580 2631 645 2671 cum
659 2616 715 2672 suis
728 2618 842 2673 armatis
855 2618 940 2676 etiam
995 2621 1061 2676 tinae
1080 2618 1156 2675 urbis
1170 2618 1323 2691 episcopus,
1339 2625 1367 2672 et
1380 2613 1561 2672 Bonifacium
1595 2616 1712 2671 militem
1723 2623 1783 2669 stre·

143 2709 176 2766 ed
189 2708 332 2764 Adalberti
345 2709 497 2765 exercitum
514 2709 688 2780 propinquat.
702 2710 852 2766 Senserunt
862 2712 941 2769 illum
995 2728 1093 2780 nuum,
1112 2710 1326 2783 conradumque
1348 2707 1513 2780 prudentem
1535 2708 1643 2765 virum.
1664 2708 1783 2767 llorieutc

143 2802 274 2869 exouhiae,
298 2801 429 2857 etstatim
445 2801 595 2858 edelberto
609 2803 784 2860 nuntiarunt.
800 2806 862 2876 lpse
876 2821 941 2862 vero
994 2807 1078 2878 igitur
1092 2812 1278 2875 corumpatre
1303 2801 1456 2868 Tbedaldo,
1479 2800 1664 2858 Bouifscium
1685 2799 1782 2858 tumuit

144 2903 287 2968 propterea
309 2893 477 2966 stupefactus
499 2895 583 2967 iussit
610 2895 700 2951 rimari
725 2897 817 2969 qualia
841 2907 942 2965 esseut,
996 2900 1130 2972 primatus
1144 2892 1782 2970 houoregaudere:euiuummornmduodeoot

143 3003 264 3060 suosque
281 2988 360 3060 signo
384 2988 486 3043 vocari.
512 2991 633 3057 interea,
644 2989 737 3046 audita
752 2990 846 3059 misse,
869 3006 941 3047 uuu·
995 3009 1092 3049 saccos
1107 2990 1222 3048 refertos
1232 2989 1360 3058 contulit,
1375 3004 1446 3062 quos
1460 2988 1489 3043 iu
1500 3004 1553 3044 sua
1565 3004 1681 3045 camera
1694 3002 1781 3045 conset*

144 3083 228 3137 hatur
239 3082 264 3137 ei
276 3081 350 3137 mille
359 3097 475 3137 numero
489 3080 582 3138 hostes
595 3098 666 3138 csse.
687 3082 942 3157 Adalhcrtusigitur
959 3085 1084 3180 cvabot.
1096 3085 1190 3140 Voluit
1206 3084 1290 3139 etiam
1305 3091 1345 3150 ut,
1359 3097 1392 3138 eo
1405 3091 1550 3153 praeseutc,
1565 3081 1631 3138 illio
1649 3097 1701 3138 suo
1712 3078 1779 3136 Boui-

145 3190 193 3231 rex
211 3190 276 3230 cum
290 3174 383 3246 paucis
396 3175 511 3230 armatis
530 3175 614 3231 exivit
638 3174 675 3231 ad
696 3177 838 3247 prelium,
859 3192 942 3249 quem
996 3178 1068 3237 facio
1092 3177 1194 3235 subditi
1213 3175 1254 3232 sui
1279 3175 1416 3232 fidelitatis
1440 3174 1606 3248 juramenta
1630 3179 1779 3249 praestarmt
1825 3182 1827 3191 ·

145 3268 213 3324 dum
238 3277 363 3323 conserta
383 3283 472 3340 pugna
492 3266 616 3325 horribili
631 3269 795 3341 Litbulpbus
809 3268 879 3326 ferro
894 3270 945 3327 im·
997 3270 1153 3328 Tbedaldus
1173 3277 1265 3325 autern
1284 3268 1368 3341 ipsius
1392 3267 1525 3324 Bonifacii
1546 3266 1645 3332 freter,
1671 3266 1780 3324 Arcum

146 3370 271 3434 peteret,
306 3360 469 3419 Adalbertus
495 3361 523 3416 in
550 3378 614 3418 eum
639 3361 749 3419 hastam
776 3364 897 3430 vibravit,
918 3372 946 3420 et
999 3366 1151 3438 episcopus,
1172 3362 1312 3435 religionis
1325 3370 1427 3418 sauctae
1448 3360 1592 3417 maximus
1606 3361 1705 3430 catltor,
1723 3373 1780 3416 com

150 3454 293 3510 thoracem
318 3454 471 3526 perforans,
493 3471 525 3512 ac
540 3473 587 3529 per
610 3464 704 3527 pectus
718 3456 848 3525 educens,
868 3457 945 3512 illum
999 3459 1115 3514 missum
1142 3457 1331 3529 episcopatum
1346 3454 1399 3509 sibi
1426 3453 1546 3510 fideliter
1572 3449 1779 3527 gubernaculo

150 3548 202 3603 vita
215 3547 349 3619 privavit:
362 3549 506 3605 Alemanni
519 3566 569 3605 suo
594 3550 715 3606 destituti
734 3549 803 3606 duee
828 3566 946 3607 moeren·
1000 3566 1054 3624 quo
1064 3550 1151 3607 fertur
1165 3565 1221 3605 non
1235 3547 1422 3605 omittendum
1444 3547 1619 3618 exemplum.
1636 3548 1688 3604 Hic
1711 3545 1778 3611 ruht,
1824 3600 1827 3615 ,

149 3649 191 3694 tes
212 3642 472 3697 tremoreconcussi
495 3650 560 3697 suut
574 3643 676 3711 pariter
702 3651 731 3698 et
753 3643 865 3699 timore.
893 3643 947 3700 Sed
1000 3645 1109 3702 damin
1123 3652 1258 3716 tempore,
1271 3641 1345 3716 gravi
1356 3641 1476 3714 quadam
1485 3640 1628 3697 laboraret
1641 3636 1780 3714 egriudh·
1825 3630 1827 3673 ἶ

150 3736 227 3797 Atto,
240 3730 282 3785 vir
302 3732 446 3803 singularis
461 3734 706 3806 magnanimitatis,
719 3735 813 3791 statim
825 3736 946 3804 advenit,
999 3736 1145 3810 corporali,
1160 3745 1189 3792 et
1207 3735 1241 3792 de
1263 3735 1378 3792 sanitate
1405 3733 1475 3789 illius
1500 3732 1604 3789 medici
1628 3735 1780 3807 dapem

150 3830 180 3877 et
203 3838 251 3878 eos
268 3823 417 3878 cohortans
449 3824 484 3880 ad
510 3826 611 3880 bellurn
632 3827 735 3882 viribus
749 3829 898 3899 resumptis
918 3837 947 3884 et
1000 3832 1112 3887 omnino
1127 3830 1180 3886 nisi
1190 3828 1355 3885 adulterium
1365 3826 1564 3894 committeret,
1590 3836 1621 3884 et
1634 3826 1777 3898 amicieju,

149 3915 258 3982 animis,
275 3929 307 3970 eo
321 3914 400 3985 duce,
414 3916 561 3973 durissime
575 3919 722 3989 praeliatur.
737 3920 872 3988 Tandem,
883 3921 948 3976 licet
1000 3924 1034 3981 ad
1051 3924 1116 3981 illud
1131 3921 1298 3996 patrandum
1310 3921 1399 3977 scelus
1412 3919 1588 3988 inducerent,
1613 3937 1664 3994 pro
1687 3918 1780 3976 mullet
1825 3958 1827 3967 ·

150 4026 212 4065 cunt
231 4026 332 4082 magna
359 4026 474 4066 suorum
495 4010 581 4079 crede,
600 4015 665 4067 Atto
692 4027 757 4068 cunt
777 4013 836 4069 suis
860 4013 947 4069 victor
1001 4018 1147 4083 rniserunt;
1162 4032 1223 4088 qnae
1237 4015 1304 4072 dunt
1327 4012 1493 4077 advenisset,
1509 4014 1607 4070 statim
1622 4023 1684 4072 ente
1698 4012 1781 4070 leun

151 4105 254 4172 existit,
265 4114 295 4160 et
310 4104 436 4176 fugatum
456 4104 730 4179 Adelbertumregno
744 4107 869 4179 privavit.
894 4109 946 4178 Qui
999 4127 1080 4166 suum
1092 4111 1182 4183 iguem
1190 4109 1273 4182 jussit
1285 4107 1405 4174 accendi,
1420 4106 1465 4178 qui
1479 4106 1549 4162 lecto
1564 4107 1781 4181 appropinquant,

150 4199 225 4270 regui
256 4198 349 4254 amissi
370 4198 563 4255 confusionem
577 4216 632 4255 nou
649 4201 798 4271 sustineus,
812 4211 946 4275 pertrans-
1001 4205 1096 4276 etjam
1118 4204 1294 4258 flammarum
1311 4198 1468 4257 incendium
1496 4200 1734 4269 sentiens,subito
1749 4198 1783 4254 la·
1825 4264 1827 4273 Ι

151 4293 199 4349 ivit
225 4295 374 4361 Oceanum,
410 4309 457 4349 seu
494 4311 568 4351 mare
602 4294 784 4366 Adriaticum,
826 4298 945 4370 amplius
999 4307 1138 4372 crymetus
1157 4292 1782 4363 exclamavit:vao‚vaemibitdumtraneuolo
1825 4328 1827 4333 ·

149 4388 265 4443 minime
289 4402 456 4444 reversums.
473 4388 515 4445 Ab
554 4404 587 4444 eo
613 4405 722 4462 quoque
748 4390 943 4464 Longobardi,
998 4387 1647 4459 tenuemflammiculamsufferrenonpossum,
1662 4384 1782 4462 quomodo
1824 4382 1827 4443 l

149 4482 257 4538 nullum
271 4480 323 4537 sibi
336 4496 430 4554 regem
449 4481 564 4538 ulterius
578 4490 741 4538 statuerunt.
762 4486 831 4540 Haec
852 4492 945 4540 autern
959 4468 985 4530 D
1000 4486 1021 4542 si
1040 4500 1084 4540 me
1107 4483 1195 4556 perire
1218 4483 1367 4555 continget,
1391 4490 1489 4553 potero
1519 4481 1650 4538 barathri
1674 4477 1781 4538 incendit

149 4586 208 4632 ecta
225 4586 289 4633 sunt
316 4594 390 4633 anno
404 4577 630 4649 octingentesimo
656 4577 750 4647 quinto
769 4576 877 4634 decimo
901 4579 945 4633 in·
999 4593 1126 4649 superare
1137 4581 1148 4635 ?
1161 4576 1254 4632 Scelus
1267 4575 1366 4646 quippe
1378 4573 1452 4630 istud
1469 4572 1503 4627 ad
1517 4573 1598 4630 illum
1621 4590 1668 4631 mo
1687 4581 1781 4647 puteuu

148 4670 252 4724 carneti
269 4670 351 4725 Verbi
363 4670 423 4726 Dei.
447 4671 553 4741 Corpus
582 4669 722 4741 Lithulpbi
742 4672 806 4726 Atto
830 4670 945 4741 habeus,
999 4669 1144 4736 conducet,
1163 4670 1191 4724 iu
1205 4683 1259 4741 quo
1271 4666 1394 4723 funditus
1413 4667 1464 4723 sub
1475 4676 1548 4723 tetro
1556 4668 1623 4740 igue
1632 4668 1720 4742 patiar
1730 4680 1782 4722 ctu·

148 4763 248 4818 educta
262 4779 295 4816 cx
307 4778 340 4818 eo
362 4763 476 4822 viscera,
490 4763 518 4817 in
530 4762 643 4819 ecclesia
661 4765 688 4818 S.
714 4764 839 4835 Prosperi
864 4780 946 4836 sepe·
1000 4764 1095 4821 clatus.
1104 4763 1186 4819 Absit
1192 4763 1283 4834 itaque
1289 4769 1329 4827 ut,
1339 4776 1388 4832 pro
1400 4760 1545 4831 temporali
1552 4761 1684 4829 sanitate,
1697 4768 1781 4817 ctuut

147 4854 215 4910 livit.
243 4856 348 4925 Corpus
370 4854 485 4910 taudem
504 4856 586 4928 digne
610 4856 742 4913 condiens
766 4858 944 4926 aromatibus,
999 4873 1044 4913 me
1075 4857 1213 4929 contingat
1230 4855 1315 4911 salute
1339 4854 1458 4927 privari!
1480 4854 1540 4909 Tali
1566 4853 1651 4927 igitur
1674 4848 1781 4923 exemplo

146 4947 217 5018 patri
234 4947 385 5002 transmisit
392 4948 501 5014 Ottoni,
514 4964 634 5021 eumque
642 4965 691 5022 per
705 4949 845 5006 solemnes
858 4951 943 5007 inter·
999 4949 1119 5022 prudeus
1132 4949 1246 5005 antistes
1268 4947 1412 5008 subditum
1428 4946 1481 5003 sihi
1493 4962 1608 5020 gregem
1619 4947 1733 5010 monuit,
1749 4950 1780 5005 cb

148 5040 261 5095 nuntios
286 5038 413 5095 hortetur
435 5057 470 5096 ne
494 5058 543 5109 pro
580 5058 646 5099 nece
670 5041 728 5110 dlii,
756 5042 804 5116 quui
837 5042 946 5100 fortiter
999 5046 1058 5098 Deo
1067 5051 1214 5110 annuente,
1234 5041 1337 5096 meruit
1351 5040 1508 5095 sanitatem.
1532 5039 1641 5096 Mirum
1667 5034 1781 5096 euenit

148 5132 296 5205 pugnaudo
313 5141 467 5204 corruerat,
482 5149 615 5204 moerens,
643 5135 678 5192 ad
702 5135 810 5192 ltaliam
838 5136 944 5195 tardius
998 5135 1115 5192 modum
1129 5134 1279 5190 detestatus
1291 5141 1332 5190 est
1350 5132 1536 5190 simoniacam
1549 5133 1723 5205 pravitatem.
1736 5130 1780 5186 ue

147 5224 299 5293 festinaret,
313 5241 427 5298 regnum
440 5235 631 5297 penetraturus
640 5244 704 5301 rege
718 5229 867 5300 privatum.
877 5231 943 5286 Otto
998 5228 1092 5285 functo
1104 5228 1195 5301 itaque
1204 5226 1353 5293 Tbedatdo,
1367 5223 1527 5282 Bouifeoius
1541 5234 1571 5282 et
1583 5222 1782 5295 Conradusejm

146 5334 304 5390 quanquam
318 5319 434 5374 nimium
453 5318 487 5375 de
501 5320 550 5376 filii
563 5329 652 5377 morte
673 5322 811 5391 turbatus,
821 5321 943 5380 honora·
997 5321 1044 5377 filii
1059 5322 1130 5377 inter
1138 5336 1167 5376 se
1175 5319 1295 5376 fraterne
1306 5319 1431 5376 vixerunt
1444 5316 1607 5387 concordis,
1631 5334 1713 5394 quem
1731 5316 1782 5374 liert

146 5410 235 5466 billter
247 5421 339 5467 temen
349 5427 381 5468 eo
394 5415 544 5484 sepulturae
558 5414 668 5483 tradito,
679 5415 709 5470 iu
724 5431 808 5471 manu
836 5416 943 5488 potenti
997 5413 1087 5485 plures
1101 5413 1193 5470 aemuli
1211 5413 1335 5469 scindere
1352 5413 1518 5482 niterentur,
1528 5426 1642 5486 semper
1659 5405 1781 5469 nihilomi-

143 5504 250 5560 ltaliam
275 5506 360 5573 veuit,
385 5507 432 5578 qui
445 5523 460 5563 e
473 5508 581 5564 cunctis
595 5509 705 5581 pacifice
732 5518 869 5581 receptus,
896 5525 940 5566 re-
995 5523 1048 5563 nus
1069 5508 1141 5563 iuter
1154 5522 1201 5563 eos
1213 5506 1325 5579 majoris
1338 5504 1491 5562 dilectionis
1504 5506 1650 5563 crescebat
1672 5502 1781 5563 aruns
1825 5560 1827 5579 ,

144 5612 253 5670 guoque
284 5597 335 5653 sibi
363 5600 472 5670 ⁸tradito
505 5617 569 5657 cnm
594 5602 749 5658 civitatibus
779 5611 808 5658 et
835 5601 943 5660 cunctis
996 5599 1152 5658 Bonifaolus
1172 5600 1329 5657 Richildam
1343 5598 1514 5655 comitissam
1524 5598 1652 5657 Gisberti
1669 5590 1781 5672 princip!
1825 5644 1827 5649 .

180 5787 253 5855 litte)
266 5784 433 5843 Ferrariam.
1033 5791 1105 5858 (954)
1120 5788 1260 5847 Guilliam.
1822 5774 1827 5905 f
