3884 6158
138 248 190 301 tte

695 244 793 299 ursan
812 242 945 300 ceruus,
963 269 1000 289 ·-
1019 245 1122 301 uersa.
1144 246 1227 301 uvat.
1635 210 1640 221 ’
1673 254 1682 269 ·
1736 250 1787 303 err

138 384 196 425 non
207 364 383 423 exhibuimus
392 364 544 438 legitimum
563 385 570 419 :
584 365 683 440 quippe
698 366 802 423 nobisa
818 371 877 425 Deo
891 367 934 425 da·
948 372 975 435 Α
989 383 1123 437 coerceas,
1139 377 1165 425 et
1175 367 1260 441 quod,
1272 371 1400 425 llomana
1411 370 1530 427 Ecclesia
1542 379 1677 441 testante,
1691 370 1725 429 do
1739 372 1790 428 im-

139 470 177 518 tee
190 459 330 534 potestatis
349 456 484 516 uindicem
497 475 552 516 non
564 459 625 515 sine
641 475 720 517 causa
732 459 853 534 gladium
872 477 936 533 por·

140 554 268 620 terimus,
283 569 334 609 nec
348 561 441 609 tamen
456 552 483 608 in
502 568 575 621 reos,
590 553 733 626 utjustum
746 551 808 619 fuit,
825 553 937 627 judicia·

139 649 179 705 rie
193 647 269 703 illum
284 663 394 719 semper
414 662 528 703 censura
553 647 764 720 evaginavimus.
789 648 869 704 Nunc
888 663 936 704 au·

139 751 213 808 mm,
228 739 319 796 divina
330 740 503 797 miseratione
513 739 714 812 aliquantulum
727 741 898 812 compuncti,
911 748 939 796 et

139 836 168 892 iu
181 849 232 891 nos
251 833 362 902 rerersi,
377 842 484 905 peccata
505 842 599 890 nostra
615 834 719 908 priores
732 843 828 891 restrae
848 834 936 890 indul·

140 906 307 1002 gendssimae
325 926 479 999 paternitati
502 943 553 983 rios
575 927 729 983 accusando
752 927 931 995 confitemur,

138 1028 280 1094 sperantes
298 1019 332 1077 de
355 1019 431 1076 vobis
446 1020 472 1075 in
494 1018 613 1076 Domino
636 1028 667 1076 ut
685 1021 832 1093 apostolica
849 1028 937 1076 vestra

140 1114 303 1171 auctoritate
322 1112 440 1170 absoluti
459 1112 603 1185 justificari
626 1129 792 1170 mereamur.
814 1115 874 1170 Heu
889 1114 939 1169 cri-

138 1207 239 1264 minosi
253 1222 306 1263 nos
319 1216 346 1263 et
357 1205 492 1263 infelices!
516 1207 613 1279 purtim
635 1206 759 1278 pueritiae
774 1206 938 1264 blandientis

138 1300 324 1369 instinctione,
336 1301 433 1373 partim
443 1301 611 1372 potestativa
626 1308 728 1357 nostrae
741 1308 768 1356 et
783 1301 938 1374 imperiosae

139 1395 267 1468 potentiae
281 1394 416 1459 libertate,
432 1394 530 1466 partim
546 1394 628 1450 etiam
643 1409 754 1463 eorum,
767 1410 884 1466 quorum
895 1410 938 1451 se-

138 1487 254 1544 ductiles
278 1486 439 1561 [seductilia]
457 1487 574 1544 nimium
593 1488 677 1545 secuti
696 1504 793 1544 sumus
813 1488 937 1555 consilia,

138 1581 293 1639 seductoria
308 1580 464 1653 deceptione
484 1581 655 1652 peccavimus
674 1582 701 1637 in
725 1583 826 1638 coelum
842 1589 870 1639 et
890 1598 939 1638 co-

139 1691 195 1731 ram
210 1675 301 1744 vobis,
315 1675 410 1748 etjam
426 1674 501 1747 digni
512 1690 568 1730 nou
580 1690 677 1731 sumus
687 1675 827 1731 vocatione
841 1684 938 1733 vestrae

138 1767 287 1825 filiationis.
303 1770 362 1825 Non
378 1768 468 1824 solum
487 1768 561 1824 eninr
574 1783 625 1824 uos
638 1784 681 1824 res
696 1768 891 1825 ecclesiasticas
901 1770 936 1824 in·
951 1737 975 1799 B

139 1862 269 1931 mutnus,
285 1877 379 1918 verum
395 1877 503 1934 quoque
524 1860 644 1935 indignis
655 1860 830 1933 ·quibuslibet
844 1871 871 1918 et
893 1862 935 1918 Si·

140 1956 266 2013 mouiaco
289 1953 350 2012 felle
371 1955 535 2024 amaricatis,
559 1964 587 2011 et
613 1971 670 2011 non
693 1972 742 2028 per
767 1957 869 2012 ostium
888 1956 937 2013 sed

141 2048 247 2105 aliunde
260 2047 488 2122 ingredientibus,
503 2049 638 2105 Ecclesiae
656 2049 729 2122 ipsas
753 2049 934 2116 veridirlimus,

140 2151 165 2200 et
183 2159 241 2200 non
259 2159 306 2199 eas
325 2152 356 2198 ut
374 2143 495 2215 oportuit
517 2140 699 2201 defendimus.
718 2149 754 2199 nt
775 2160 859 2211 nuvic,
873 2143 935 2216 quia

140 2236 185 2293 soli
195 2236 300 2310 absque
310 2245 398 2293 vestra
411 2237 572 2293 auctoritate
587 2236 720 2293 Ecclesias
732 2236 866 2309 corrigere
880 2252 936 2293 non

141 2346 297 2402 possumm,
309 2346 392 2401 super
412 2329 465 2397 liis,
481 2340 512 2387 ut
526 2331 610 2386 etiam
624 2330 657 2387 de
676 2330 777 2386 nostris
795 2331 934 2401 omnibus,

140 2433 259 2481 restrum
272 2440 327 2480 una
343 2432 370 2479 et
383 2424 527 2480 consilium
540 2431 568 2479 et
577 2423 710 2480 auritium
726 2424 826 2480 obuive
841 2425 938 2496 quaeri-

141 2533 220 2575 mus:
235 2527 360 2575 vestrum
371 2519 574 2575 studiosissime
584 2526 751 2591 praeceptum
764 2519 896 2574 servaturi
910 2519 938 2575 in

141 2611 282 2669 omnibus.
301 2614 334 2668 et
353 2628 426 2668 nunc
440 2611 467 2666 in
489 2611 584 2684 primis
606 2627 655 2683 pro
673 2612 793 2667 Fcclesia
808 2611 936 2667 Mediola-

140 2705 230 2773 nensi,
251 2713 419 2778 quaenostra
439 2707 517 2778 culpa
531 2712 573 2761 est
591 2704 618 2760 iu
641 2720 744 2773 errore,
766 2720 895 2777 rogamus
908 2713 938 2761 ut

141 2810 226 2856 vestra
241 2798 390 2872 apostolica
410 2798 579 2855 districtione
593 2799 723 2854 canonice
735 2799 895 2870 corrigatur,
911 2807 937 2854 et

141 2892 239 2950 exinde
257 2892 293 2949 od
313 2901 428 2949 caeteras
447 2892 626 2965 corrigendas
646 2891 819 2948 auctoritatis
840 2899 938 2949 vestrae

991 464 1122 519 rnurrditia
1147 463 1308 520 clericorum
1324 462 1434 529 statuit,
1458 478 1546 536 neque
1561 464 1676 536 gretiam
1699 479 1788 536 neque
1828 536 1832 545 Ι

990 558 1086 612 odium
1099 556 1225 629 alicujus,
1245 557 1381 614 constanti
1394 556 1556 614 auctoritate
1570 557 1597 612 in
1611 557 1731 615 Ecclesia
1740 566 1788 615 tua

991 649 1166 723 praedicando
1192 665 1329 706 exerceas.
1351 651 1487 707 Casurum
1514 666 1563 722 pro
1587 666 1680 708 amore
1700 651 1787 708 sancti

991 744 1062 800 Petri
1081 743 1160 816 cujus
1187 743 1281 800 limina
1304 744 1477 814 praesentium
1501 744 1617 816 portitor
1636 745 1787 817 requisivit,

991 837 1101 894 studeat
1118 837 1213 909 religio
1228 845 1273 892 tua
1298 836 1401 893 viscera
1426 836 1531 908 pietatis
1557 837 1606 893 sibi
1621 837 1737 909 aperire,
1758 838 1786 894 in

992 939 1123 1004 quantum
1136 946 1200 987 cum
1220 931 1307 987 salute
1329 930 1429 986 animae
1447 945 1504 986 suae
1518 930 1627 988 videtur
1640 931 1689 988 tibi
1709 946 1789 1003 posse

991 1024 1131 1098 fragilitati
1146 1040 1204 1082 suae
1218 1022 1451 1092 condescendere;
1472 1031 1608 1096 quatenus
1624 1039 1682 1081 non
1701 1024 1787 1097 poeni-

992 1129 1048 1177 teat
1063 1135 1126 1176 eum
1148 1119 1215 1174 tanti
1230 1117 1336 1174 itineris
1356 1116 1481 1174 laborem
1501 1116 1627 1186 subiisse,
1651 1119 1700 1175 sed
1719 1135 1786 1192 gau·

992 1214 1065 1281 deut,
1085 1211 1160 1285 quod
1174 1211 1218 1268 diu
1235 1211 1370 1285 quaesivit,
1386 1210 1488 1268 scilicet
1505 1211 1593 1267 sancti
1608 1212 1691 1279 Petri,
1706 1212 1787 1268 mise·

992 1305 1141 1363 ricordiam
1160 1322 1208 1378 pcr
1232 1322 1282 1361 nus
1294 1305 1372 1378 iusta
1397 1313 1493 1360 votum
1512 1320 1593 1361 suum
1617 1303 1787 1376 impetrasse.

1028 1405 1097 1458 Data
1107 1402 1206 1472 Capuae
1217 1399 1324 1457 decimo
1335 1399 1449 1471 septimo
1461 1396 1601 1455 Kalendas
1616 1398 1788 1467 Decembris,

993 1495 1142 1551 indictione
1170 1492 1344 1551 duodecima.

1236 1587 1411 1643 EPlSTOLn
1428 1586 1540 1642 XXXI.

1029 1700 1062 1737 nn
1083 1698 1260 1737 uiurnnscuu
1282 1664 1488 1735 camuanronuu
1508 1693 1745 1736 ancnmnscoeuu.

1289 1779 1380 1841 (buno
1401 1775 1490 1842 1073.)

991 1865 1789 2017 'tt-'tiltllttttttttttrittttttlttttttt

1026 2016 1071 2067 sui
1091 1939 1197 2067 decreto
1222 2015 1310 2065 suncti
1324 2011 1483 2073 Eodmuadi
1503 2011 1619 2064 abbatie
1638 2010 1789 2063 molestiam

1027 2085 1159 2139 calidae.
1184 2084 1272 2139 Mouet
1285 2088 1314 2135 ut
1333 2096 1383 2135 sato
1403 2082 1458 2135 uice
1479 2081 1536 2150 ejru
1556 2080 1698 2134 oudonem
1718 2095 1787 2134 com-

1026 2159 1127 2226 pescat,
1150 2160 1176 2209 et
1195 2166 1282 2223 regem
1297 2152 1468 2208 Guilielmum
1481 2157 1589 2219 enaret,
1603 2166 1636 2205 aa
1657 2150 1746 2205 ullum
1763 2153 1791 2206 ei

1026 2230 1149 2295 fauorem
1173 2228 1294 2295 prestet.
1322 2223 1398 2290 Ortud
1412 2225 1437 2277 si
1458 2226 1588 2291 arfastus

1027 2300 1173 2368 tempserit,
1184 2297 1261 2366 jubet
1274 2299 1369 2350 cumei
1382 2295 1548 2350 balduinum
1566 2294 1601 2348 cb
1637 2299 1688 2347 tem
1701 2292 1788 2348 sedem

1026 2370 1202 2441 apostolicum
1231 2368 1267 2422 cd
1296 2382 1386 2420 corum
1420 2369 1594 2422 contentiones
1619 2363 1788 2419 dirimotdcs

1024 2447 1124 2512 petere.

1026 2531 1356 2602 Gneconrusepiscopus,
1372 2546 1467 2586 seruus
1480 2543 1620 2586 servorum
1636 2529 1698 2596 Dei,
1709 2527 1789 2584 Lan·

992 2638 1103 2683 rurnco
1120 2620 1330 2677 cantuariorum
1345 2620 1372 2674 in
1388 2619 1485 2691 Anglia
1498 2617 1702 2690 archiepiscopo
1715 2617 1788 2674 salu·

991 2729 1047 2777 tem
1063 2726 1091 2772 et
1111 2715 1288 2787 apostolicam
1302 2711 1537 2768 benedictionem.

1026 2815 1086 2868 Nou
1099 2808 1212 2866 minima
1233 2804 1417 2862 admiratione
1440 2805 1555 2876 dignum
1577 2804 1708 2861 ducimus
1736 2819 1789 2875 que

991 2906 1092 2973 fronte,
1106 2917 1160 2975 qua
1173 2906 1267 2955 mente
1282 2898 1425 2954 arfastum
1438 2897 1540 2953 dictum
1553 2898 1711 2968 episcopum
1724 2912 1789 2952 san·

1661 2237 1704 2276 el'e
1730 2237 1790 2277 eort-
1837 2272 1839 2277 .

140 2986 271 3043 ”mulii
283 2986 484 3060 Pmllfe‘llitur·
496 2987 553 3042 N⁰⁸
569 3001 634 3057 ⁰¹80
655 2985 731 3041 *⁰¹³ss
748 2985 775 3040 5¹¹
791 2986 936 3052 munibus,
991 3011 1043 3056 ctae
1063 3003 1196 3055 Romanae
1210 2991 1340 3049 Ecclesiae
1359 2988 1480 3058 illudere,
1504 2999 1531 3046 et
1545 2990 1632 3046 beatae
1647 2990 1789 3049 memorie

142 3081 197 3137 ⁰⁰⁰
213 3080 331 3151 *01θῦῑῆ
343 3078 588 3147 ⁰⁰¹¹t¹⁸f¹¹efffffl¹¹⁸2
600 3086 727 3151 l⁰ss³¹¹t⁹⁵
738 3078 857 3150 idipsum
873 3094 936 3151 sul·
956 3110 978 3173 g
993 3091 1180 3149 Alexandrum
1203 3085 1434 3158 predecessorem
1458 3092 1583 3139 nostrum
1610 3084 1725 3155 eiusque
1743 3081 1789 3139 de·

143 3174 246 3245 pllcllel’
259 3174 454 3246 paternitatem
477 3180 608 3238 Vestram,
629 3180 660 3228 ut
676 3172 757 3227 ss0bl8
777 3172 874 3228 alacris
888 3172 937 3228 ad·
991 3196 1065 3243 crepa
1078 3191 1253 3240 contemnere
1268 3178 1415 3251 patiamini,
1437 3176 1614 3234 Prudgntjgm
1633 3176 1733 3250 qnippe
1747 3192 1790 3233 gg.

142 3266 174 3323 tit
189 3266 379 3325 elementerin
396 3266 533 3322 omnibus.
550 3267 667 3322 Litteras
684 3275 795 3323 nostras
810 3282 865 3321 non
877 3274 938 3338 post
991 3290 1075 3337 guam
1098 3277 1132 3334 gd
1154 3275 1265 3348 plenum
1288 3286 1452 3345 cognoscere
1477 3286 1527 3327 nos
1551 3286 1607 3326 non
1631 3270 1705 3338 latet,
1729 3286 1790 3326 gan.

145 3359 252 3433 lengum
270 3370 379 3433 tempus
401 3375 466 3415 cum
485 3358 654 3416 fidelissimis
668 3360 769 3415 nostris
791 3358 937 3428 babebitis,

145 3467 175 3508 er
194 3453 294 3525 quibus
307 3464 412 3521 nostra,
429 3468 492 3526 quta
510 3451 599 3509 adbuc
618 3452 733 3509 dicenda
747 3460 861 3521 restant,
879 3456 938 3510 Deo

148 3543 231 3616 dante,
248 3546 356 3619 plenius
366 3547 492 3604 audietis.

390 3657 566 3715 epistota
591 3657 688 3712 XXX.

166 3772 281 3814 sardonti
300 3776 334 3813 nn
351 3775 510 3814 utnonnntttt
528 3775 747 3814 sntznuttunttsstt
767 3775 920 3816 sttscoeunt.

437 3857 532 3911 (Anno
553 3857 643 3919 107³.)

154 3948 242 4016 lupuit
256 3947 328 4016 praed
341 3945 448 4000 deicae
461 3961 515 4000 non
532 3952 656 4002 coerceat.
678 3949 768 4001 namet
785 3951 817 4001 ut
840 3946 870 4000 id
891 3947 938 4012 su·

250 4021 315 4071 ciat.
334 4016 510 4072 Conamendct
522 4019 699 4089 praesentium
710 4016 831 4071 lotorem.

181 4119 940 4193 Gnseoerusepiscopus,servusservorumDei,Gnno·

156 4226 226 4270 troo
240 4214 431 4286 [Gannanno]
444 4214 636 4287 salzburgensi
647 4214 775 4286 episcopo
787 4213 903 4270 salutem
915 4223 942 4270 et

156 4307 321 4375 apostolicam
336 4308 567 4365 benedictionem.

182 4401 250 4458 Slea
276 4401 306 4457 iu
327 4401 414 4471 vobis,
435 4418 516 4474 quam
538 4416 681 4474 speramus
703 4399 794 4473 [quam
818 4400 845 4455 in
866 4399 942 4456 vobis

154 4495 344 4564 tpcmbamusl,
369 4511 431 4568 erga
450 4510 501 4551 nos
520 4494 630 4551 dilectio
647 4493 784 4566 flagraret,
809 4493 883 4566 prius
905 4492 939 4549 ad

153 4601 195 4643 nos
208 4599 305 4645 vestrm
314 4604 399 4659 quam
408 4588 552 4646 nostraead
568 4604 615 4644 vos
628 4588 727 4644 litterae
736 4587 937 4659 pervenissent,

154 4696 206 4738 cum
224 4681 253 4739 id
273 4680 390 4739 faciendi
405 4680 511 4739 facilius
526 4682 601 4738 vobis
621 4696 669 4754 per
689 4681 781 4753 plures
795 4680 829 4737 ad
846 4681 937 4736 limina

151 4776 331 4846 apostolorum
348 4774 496 4843 venientes,
514 4791 598 4847 quam
614 4775 693 4831 nobis
708 4791 757 4847 per
772 4789 858 4831 unum
875 4774 939 4830 lriuc

151 4868 178 4923 ad
190 4887 237 4927 vos
245 4868 465 4943 proficiscentem
473 4870 580 4925 occasio
594 4868 761 4925 conferatur.
779 4871 834 4924 Nos
846 4876 939 4924 merten

153 4960 280 5020 insalutati
314 4961 437 5020 officium
469 4962 637 5019 salutationis
667 4961 863 5034 impendimus,
900 4971 939 5028 et,

150 5070 225 5126 quarn
246 5058 381 5126 solemus,
395 5056 549 5114 dilectionis
569 5056 616 5113 tibi
630 5055 815 5111 sinceritatem
831 5053 940 5109 exbibe-

151 5162 215 5205 urus.
237 5149 291 5206 Sed
308 5160 350 5206 est
374 5149 445 5206 unde
457 5148 656 5207 fraternitatem
677 5157 753 5205 tuam
769 5148 939 5220 negligentiae

149 5244 239 5299 merito
249 5243 326 5315 argui
343 5251 482 5315 putamus,
495 5244 568 5315 quod
583 5245 617 5300 de
633 5242 758 5299 castitate
767 5240 939 5307 clericorum,

148 5333 213 5392 sicut
230 5337 313 5393 nobis
327 5336 446 5393 relatum
460 5344 512 5407 est,
528 5337 670 5409 praeceptis
684 5339 819 5391 Romauae
833 5333 940 5408 synodi,

147 5428 187 5485 cui
198 5429 354 5497 interfuisti,
368 5429 528 5487 inobediens
547 5446 632 5502 usque
647 5429 728 5487 bodie
741 5427 866 5483 videaris.
881 5428 940 5497 Qua

147 5520 218 5578 inre
238 5530 348 5579 tantum
370 5524 406 5581 de
428 5531 465 5593 te,
485 5523 653 5580 admirantes
679 5523 790 5596 gravius
803 5522 940 5590 dotcnrus,

146 5624 278 5685 quantum
303 5625 333 5673 te
355 5617 423 5674 illud
452 5617 593 5674 sollicitius
617 5617 723 5689 operari
751 5615 938 5688 sperabamus.

144 5707 223 5765 Unde
234 5711 382 5782 apostolica
394 5719 422 5767 te
439 5710 602 5767 auctoritate
615 5711 796 5767 admonemus
812 5716 842 5764 ut
858 5707 942 5764 cleri-

145 5814 190 5857 cos
205 5808 274 5883 'tuos
285 5804 333 5876 gui
347 5802 464 5877 turpiter
479 5811 687 5871 conversantur,
707 5803 840 5876 pastorali
853 5802 942 5874 rigore

992 3382 1066 3430 ctam
1085 3373 1240 3426 Romanam
1261 3365 1409 3421 Ecclesiam
1419 3365 1508 3437 jurea
1524 3366 1583 3419 Deo
1596 3362 1661 3420 dato
1679 3362 1730 3419 sibi
1743 3364 1789 3419 de·

992 3465 1103 3522 fondere
1118 3460 1309 3526 Ecclesiamm,
1320 3457 1504 3524 sacerdotum,
1515 3457 1707 3529 episcoporum
1720 3461 1790 3512 cou'-

992 3557 1170 3623 secretionem
1193 3562 1219 3609 et
1245 3569 1260 3608 a
1287 3551 1362 3607 nullo
1386 3558 1496 3622 sumpta
1518 3549 1625 3606 licentia
1644 3548 1743 3606 debere
1762 3559 1791 3605 et

993 3667 1073 3725 posse
1089 3649 1243 3708 celebrare.
1260 3645 1314 3702 suis
1328 3653 1355 3700 et
1367 3644 1525 3717 praebuisse,
1542 3651 1570 3699 et
1583 3646 1641 3700 Deo
1652 3649 1791 3698 aunuente
1812 3664 1816 3673 ·

993 3745 1170 3818 praebituram
1184 3738 1369 3796 firmissimam
1381 3737 1464 3794 etlam
1479 3737 1508 3793 in
1521 3736 1575 3792 boc
1587 3734 1791 3804 defensionem,

993 3841 1041 3914 qui
1057 3843 1178 3896 Romam
1192 3833 1328 3902 venerint,
1346 3841 1374 3889 et
1391 3831 1630 3904 sedisapostolicae
1645 3829 1788 3887 consilium

993 3943 1021 3991 et
1038 3932 1171 3990 auxilium
1196 3928 1330 4001 petierint.
1352 3925 1459 3992 Quibus
1480 3924 1606 3981 arfastus
1624 3925 1717 3981 dictus
1736 3924 1791 3996 cpi-

994 4044 1103 4101 scopus,
1124 4040 1178 4097 qua
1204 4037 1274 4079 nova
1305 4020 1418 4077 audacia
1445 4019 1564 4088 resistat,
1595 4017 1645 4074 nisi
1677 4016 1792 4076 fortasse

994 4124 1045 4178 ista
1062 4141 1068 4176 :
1084 4124 1184 4176 Portum
1198 4117 1285 4172 sedem
1297 4131 1383 4170 mecm
1395 4114 1432 4168 od
1450 4113 1626 4183 Aquilonem,
1651 4119 1677 4168 ct
1694 4126 1738 4167 ero
1751 4114 1792 4166 si·

995 4218 1069 4272 ruitis
1091 4214 1228 4271 Altis-simo
1254 4212 1345 4276 (leoiae
1366 4208 1440 4280 xlv),
1457 4207 1624 4279 ignoramus.
1651 4205 1695 4261 Ad
1718 4202 1792 4275 quod

995 4310 1079 4365 etiam
1101 4306 1208 4364 dilectio
1235 4311 1323 4358 vestra
1348 4317 1430 4372 super
1453 4300 1496 4356 bis
1518 4301 1612 4366 sileat,
1634 4314 1690 4354 nou
1711 4298 1791 4355 mini-

997 4418 1074 4458 mum
1093 4382 1237 4455 miramur.
1260 4397 1374 4461 Verum,
1391 4392 1502 4466 quiade
1530 4392 1607 4448 vobis
1634 4407 1691 4447 non
1715 4390 1793 4446 aliter

996 4512 1078 4569 quam
1099 4494 1132 4550 de
1154 4491 1234 4548 nobis
1256 4488 1429 4555 dubitemus,
1455 4484 1650 4542 fraternitatem
1674 4492 1792 4539 vestram

992 4588 1160 4650 corilldenter
1175 4587 1355 4657 deprecamur
1376 4590 1405 4636 ut
1427 4581 1484 4634 vice
1505 4587 1599 4634 nostra
1615 4577 1716 4634 Aufusti
1743 4592 1791 4632 nu·

991 4701 1040 4758 gas
1060 4681 1173 4755 ponitus
1187 4676 1386 4748 compescatis,
1401 4683 1429 4730 et
1441 4673 1527 4729 satrcti
1544 4671 1697 4728 Eadmundi
1711 4669 1792 4727 abba-

992 4782 1058 4834 tiam
1078 4780 1173 4829 contra
1194 4769 1336 4827 decretum
1363 4767 1513 4824 decessoris
1540 4765 1626 4821 nostri
1649 4764 1792 4836 inquietati

993 4871 1067 4927 nullo
1086 4863 1169 4923 modo
1190 4864 1294 4919 sinatis.
1309 4864 1363 4937 Qui
1382 4863 1465 4919 etiem
1485 4878 1548 4918 cum
1563 4859 1691 4917 eumdem
1708 4859 1790 4914 abba·

992 4973 1048 5019 tem
1067 4961 1095 5016 iu
1110 4960 1302 5031 presbyterum
1313 4956 1435 5013 ordinari
1449 4959 1549 5012 Romae
1563 4954 1680 5024 fecisset,
1691 4955 1792 5026 ipsum,

993 5067 1021 5113 et
1044 5052 1241 5110 monasterium
1256 5050 1299 5107 cui
1323 5058 1433 5123 praeest,
1457 5049 1485 5104 in
1501 5048 1614 5104 tutelam
1636 5047 1793 5120 apostoticae

993 5148 1065 5206 sedis
1077 5146 1191 5219 accepit.
1206 5145 1289 5202 Unde
1304 5144 1417 5219 injurias
1431 5144 1504 5200 illius
1517 5143 1546 5198 in
1564 5158 1616 5199 nos
1626 5140 1793 5199 redundare.

993 5243 1164 5300 dissimulare
1180 5255 1236 5295 non
1256 5254 1416 5310 possumus,
1440 5236 1593 5309 presertim
1614 5250 1679 5291 cum
1694 5233 1728 5290 ad
1743 5231 1793 5289 de·

993 5344 1117 5408 spectum
1139 5332 1309 5390 auctoritatis
1327 5340 1428 5388 nostrae
1449 5345 1495 5387 eas
1516 5328 1568 5386 sibi
1591 5327 1709 5398 irrogari
1731 5341 1792 5399 per·

993 5428 1147 5502 pendimus.
1167 5427 1250 5484 Unde
1265 5426 1346 5482 ctiam
1361 5422 1542 5481 Guilielmum
1566 5437 1659 5493 regem
1673 5421 1796 5477 charissi-

995 5539 1082 5590 nrum,
1102 5532 1129 5577 et
1145 5523 1256 5577 unicum
1275 5521 1363 5576 lilium
1378 5529 1481 5575 sauctae
1502 5522 1638 5574 Romanae
1651 5515 1792 5579 Ecclesim,

995 5617 1121 5690 precibus
1139 5615 1240 5671 uostris
1258 5624 1285 5669 et
1304 5614 1360 5669 vice
1374 5621 1471 5669 nostra
1490 5609 1626 5682 superbis
1644 5607 1793 5663 admonere

994 5709 1167 5767 dilectionem
1190 5718 1309 5765 uestram
1331 5720 1482 5778 precamur,
1506 5712 1534 5758 et
1547 5718 1583 5757 ne
1598 5700 1702 5757 arfasti
1717 5698 1794 5755 venis

995 5803 1216 5876 persuasionibus
1230 5800 1396 5872 acquiescat,
1407 5798 1435 5853 in
1444 5812 1499 5867 quo
1511 5811 1560 5852 sua
1569 5792 1715 5863 singularis
1729 5808 1795 5863 pru·
