3870 6164
1505 174 1516 208 ἢ
1565 164 1570 171 .

784 529 865 576 auno
886 528 989 576 oomni
1012 528 1144 575 tttxxxv.

372 721 475 934 S.
555 717 1292 935 GREGORIUS
1365 721 1564 932 VII

763 1047 960 1112 PONTIFEX
982 1045 1168 1111 Ronanus

586 1357 1343 1573 uuouauonuut.

298 1760 597 1856 uuostuu
638 1764 726 1854 ux
767 1695 1298 1857 nunauao'uosto
1342 1759 1634 1852 unusne.

241 1945 364 2006 Salerni
383 1944 532 2025 depositio
553 1945 633 2008 leoli
652 1920 790 2024 Greposii
809 1949 945 2042 septimi,
966 1945 1110 2039 Ecclesia
1134 1946 1281 2009 libertatis
1300 1948 1521 2026 propugnatori
1540 1963 1577 2006 oe
1595 1943 1693 2023 defen

842 2044 919 2088 soris
937 2043 1089 2090 merome.
1112 2040 1115 2047 ·

478 2324 744 2433 tutunus
765 2339 844 2430 EX
871 2333 1177 2429 suavitate
1210 2331 1456 2426 Romanu.

172 2591 291 2645 Lscme
304 2603 349 2645 av.
362 2589 510 2662 Gregorius
527 2591 600 2661 Papa
612 2588 754 2661 sepnmus,
765 2596 844 2645 autea
854 2587 947 2645 Hilde-
959 2588 987 2652 A
1000 2586 1096 2645 tendas
1117 2587 1199 2656 Maii,
1219 2603 1291 2645 aune
1312 2585 1413 2645 Christi
1431 2587 1578 2645 millesimo
1599 2585 1797 2662 septuagesimo

138 2681 271 2748 brandus,
287 2684 385 2740 Suauae
399 2684 428 2739 in
441 2683 571 2740 Hetruria
586 2691 679 2751 uatus,
694 2682 829 2747 doetrim,
841 2683 943 2740 saneti·
996 2683 1087 2743 tertie,
1102 2683 1233 2740 Summus
1252 2680 1378 2740 Pontifex
1390 2682 1507 2747 electus,
1519 2681 1591 2738 siem
1603 2681 1643 2738 sol
1655 2679 1758 2737 effulsit
1769 2681 1797 2737 iu

140 2781 213 2841 tate,
235 2775 372 2848 omnique
387 2776 523 2833 virtutum
538 2792 638 2851 genere
653 2775 816 2848 cumprimis
828 2774 941 2840 nobilis,
995 2775 1081 2833 donae
1096 2775 1145 2832 Dei
1159 2797 1166 2832 :
1182 2791 1248 2832 uem
1262 2784 1359 2849 potens
1372 2790 1456 2847 opere
1467 2782 1494 2830 et
1507 2789 1646 2837 sermone,
1658 2773 1796 2831 Ecclesia-

145 2868 257 2925 mirifice
282 2869 440 2925 uniuersam
454 2872 505 2926 Dei
528 2869 674 2926 illustrarit
689 2869 849 2925 Ecclesiam.
873 2869 944 2924 Cum
966 2868 969 2875 '
996 2869 1236 2941 sticsediseiplinaa
1250 2867 1495 2938 remeatremeat
1509 2867 1700 2940 propagandas,
1716 2867 1798 2924 liher-

146 2962 268 3031 parrulus
282 2962 318 3018 ad
330 2961 400 3019 fahri
415 2962 486 3034 ligna
501 2962 636 3019 adulantis
650 2962 751 3035 pedes,
763 2962 822 3035 jam
838 2961 944 3018 littera·
998 2964 1047 3020 tati
1072 2963 1199 3020 Eoelssiae
1213 2961 1402 3029 restituenda,
1414 2960 1599 3033 exstirpandis
1618 2961 1756 3018 erroribus
1770 2968 1799 3017 et

142 3070 204 3110 rum
228 3056 333 3112 inscius
358 3055 480 3124 luderet,
499 3072 531 3113 ex
553 3056 662 3130 rejectis
682 3065 775 3112 mmen
797 3054 954 3128 segmemia
997 3056 1158 3128 eermptelis
1171 3063 1249 3112 tante
1261 3055 1352 3111 studio
1363 3054 1499 3121 incubuit,
1511 3062 1543 3111 ut
1553 3070 1586 3111 ex
1599 3053 1798 3127 Apostolorum

139 3147 185 3203 illa
206 3148 330 3205 Davidiei
347 3152 480 3206 elementa
503 3150 623 3218 oraculi,
638 3148 862 3206 Dominabitura
877 3148 944 3205 mari
998 3158 1078 3208 aetate
1092 3150 1185 3207 nullus
1197 3149 1362 3206 Pontificum
1378 3147 1464 3205 inisse
1480 3147 1603 3206 tradatur
1616 3148 1663 3220 qui
1677 3148 1799 3220 maiores

138 3257 228 3313 usque
250 3242 285 3300 ad
307 3258 397 3308 mare,
420 3259 487 3301 easu
506 3241 644 3300 formasse
667 3253 808 3309 narratur,
828 3258 945 3300 manum
997 3260 1049 3319 pro
1059 3244 1179 3301 Ecclesia
1192 3242 1242 3300 Dei
1257 3244 1365 3300 labores
1380 3242 1575 3313 molestiasque
1587 3241 1737 3315 pertulerit,
1751 3248 1801 3300 aut
1821 3222 1829 3247 κ
1892 3286 1896 3291 .
1916 3257 1922 3269 ‘

139 3339 220 3409 pueri
232 3334 362 3394 ductante
376 3338 495 3394 Numine
509 3354 517 3393 ε
531 3352 586 3409 que
601 3336 802 3411 significaretur
814 3338 873 3410 ejus
887 3336 946 3394 iere
998 3340 1044 3412 qui
1071 3354 1121 3411 pro
1144 3339 1205 3411 ejus
1230 3336 1356 3393 libertate
1378 3336 1468 3392 aerius
1491 3335 1662 3407 pugnaverit.
1686 3335 1801 3408 Aliquot

139 3432 339 3503 amplissimam
349 3432 376 3488 iu
387 3431 493 3489 mundo
502 3433 704 3489 auctoritatem.
716 3436 835 3489 Romam
845 3430 945 3489 deinde
998 3434 1177 3507 provinciana
1189 3431 1346 3488 Simoniaea
1357 3431 1600 3502 labeexpurgasit.
1613 3431 1713 3488 Contra
1724 3431 1799 3487 Heu·
1848 3472 1854 3481 .

139 3524 295 3598 proiectus,
307 3526 359 3580 sub
372 3527 545 3598 protectione
554 3525 642 3583 saneti
659 3525 732 3582 Petri
747 3525 878 3582 educatus
892 3535 944 3582 est.
1000 3527 1047 3584 risi
1064 3524 1238 3596 imperatoris
1260 3523 1361 3597 impios
1382 3531 1512 3590 conatus,
1531 3521 1614 3580 fortis
1636 3537 1684 3596 per
1705 3522 1800 3580 emnia
1869 3586 1872 3593 ,

140 3620 255 3675 iuvenis
273 3621 403 3678 Eeelesiae
424 3620 582 3677 libertatem
601 3637 616 3677 a
638 3620 711 3677 laicis
725 3634 903 3692 oppressam,
914 3635 947 3675 ae
998 3621 1111 3689 athleta,
1132 3617 1285 3692 impavidus
1305 3616 1464 3690 permansit,
1479 3631 1563 3688 seque
1585 3630 1633 3688 pro
1649 3630 1730 3672 muro
1747 3615 1800 3673 du·

140 3712 305 3784 depravatos
317 3715 574 3772 Ecclesiastieorum
586 3730 680 3771 mores
695 3713 882 3771 vehementius
894 3713 943 3771 do·
998 3714 1056 3771 mui
1072 3713 1153 3770 lsrael
1163 3728 1265 3785 ponere
1273 3727 1329 3768 uon
1339 3711 1443 3776 timuit,
1453 3727 1485 3767 ae
1494 3708 1626 3767 eumdem
1637 3709 1799 3780 Heurieum,

139 3807 213 3874 lens,
228 3808 256 3864 in
271 3809 441 3866 Cluniseeusi
455 3815 636 3877 momsterio,
652 3808 699 3867 uhi
711 3809 762 3866 sub
774 3810 868 3882 regula
880 3823 943 3865 san·
998 3808 1027 3864 in
1036 3805 1204 3880 profundum
1215 3807 1350 3863 malorum
1364 3806 1533 3878 prolapsum,
1545 3803 1666 3863 bdelium
1677 3819 1801 3863 eommu-

141 3903 181 3961 eti
196 3903 332 3960 benedieti
343 3905 503 3962 austerioris
516 3905 580 3962 ritae
591 3867 984 3977 observantiaeotsuiporeB
1001 3901 1084 3958 nioue
1098 3916 1238 3975 regnoque
1251 3899 1374 3973 privavit,
1389 3907 1473 3971 atque
1484 3897 1612 3957 subditos
1622 3898 1738 3972 populos
1746 3898 1802 3957 tlde
1846 3917 1849 3929 ·
1910 3914 1921 3961 ,·

143 3995 268 4051 maxime
288 3996 411 4069 vigebat,
427 3997 555 4053 monaehi
571 3997 699 4059 habitum
720 3998 852 4067 induem,
867 4005 944 4053 tanto
1002 3998 1025 4054 ei
1036 3994 1100 4052 data
1112 3995 1243 4052 liberavit.

142 4088 253 4161 pietatis
274 4088 373 4146 ardere
396 4090 499 4148 divium
520 4091 659 4164 majestati
673 4090 861 4161 deserviebat,
884 4099 944 4147 uta
1037 4091 1303 4151 Laca10.v1.Dum
1317 4088 1468 4143 Missurum
1489 4086 1624 4144 solemnia
1640 4095 1799 4163 perageret,

143 4181 247 4237 sanetis
269 4181 392 4253 ejusdem
414 4183 533 4240 eoenebii
553 4184 676 4257 patribus
688 4185 769 4241 Prior
782 4183 817 4240 it
829 4184 942 4240 electus.
1002 4185 1060 4242 visa
1075 4193 1116 4243 est
1128 4184 1191 4241 viris
1207 4184 1258 4256 piis
1270 4181 1399 4240 columba
1421 4183 1522 4241 eeoelo
1537 4180 1660 4256 delapsa,
1685 4181 1802 4240 humero

142 4273 216 4340 Sed,
232 4273 322 4331 divina
344 4277 512 4348 presidentia
527 4278 633 4350 majora
646 4278 680 4334 de
695 4294 728 4335 eo
739 4277 899 4351 disponente
915 4276 945 4332 iu
1002 4281 1061 4353 ejus
1074 4279 1171 4337 dextro
1185 4277 1316 4348 insidens,
1330 4277 1380 4333 alis
1394 4277 1515 4334 extensis
1524 4286 1607 4351 eaput
1621 4277 1679 4349 ejus
1692 4277 1801 4335 velare:
1894 4276 1896 4280 ⁴

143 4367 262 4423 salutem
284 4368 483 4441 plurimorum,
499 4371 628 4429 Cluuiano
651 4372 767 4429 eduetus
783 4371 946 4428 Hildebrau·
1003 4391 1058 4448 que
1078 4374 1260 4450 significatum
1284 4381 1341 4442 est,
1365 4358 1480 4444 Spiritus
1501 4372 1588 4430 sancti
1611 4371 1720 4441 afflatu,
1744 4386 1804 4429 uon

143 4460 215 4528 dus,
231 4463 324 4518 Abbas
346 4464 466 4536 primum
487 4466 647 4522 monasterii
668 4465 756 4523 saneti
777 4465 855 4523 Pauli
870 4473 946 4522 extra
1003 4469 1132 4527 humanae
1145 4468 1296 4542 prudentiae
1308 4466 1462 4524 rationibus
1476 4467 1565 4539 ipsum
1579 4464 1642 4522 duci
1658 4465 1686 4521 iu
1704 4464 1804 4520 Euole-

142 4571 239 4612 mures
252 4559 338 4616 Urbis
350 4560 461 4626 electus,
473 4575 505 4617 ee
520 4560 698 4634 postmodum
711 4563 845 4618 Romanae
858 4560 946 4617 boele-
1003 4565 1049 4621 siae
1060 4565 1201 4637 regimine.
1215 4564 1286 4620 cum
1300 4562 1336 4619 ab
1348 4561 1433 4634 iniqui
1448 4559 1558 4616 Heariei
1574 4559 1695 4616 exercitu
1711 4560 1804 4616 Roma

140 4650 191 4706 siae
217 4652 370 4709 cardinalis
397 4661 519 4725 creatus,
549 4655 601 4712 sub
628 4655 746 4712 summis
773 4655 948 4712 Pontificibus
1003 4659 1078 4732 gravi
1093 4657 1237 4716 obsidione
1258 4665 1439 4728 premeretur,
1459 4654 1604 4712 excitatum
1620 4653 1655 4709 ab
1678 4652 1805 4711 hostibus

143 4745 238 4799 leone
250 4748 343 4816 Nono,
359 4747 468 4804 Victore
485 4746 621 4813 mundo,
637 4748 777 4821 Stephano
793 4751 884 4806 Nouo.
899 4750 949 4805 Ni·
1004 4750 1159 4808 inceudium
1174 4751 1251 4824 siguo
1265 4751 1355 4806 crusis
1369 4749 1507 4806 exstinxit.
1523 4751 1566 4806 De
1578 4748 1636 4821 ejus
1649 4755 1804 4804 manutau·

141 4837 224 4894 eolao
247 4839 393 4909 Secunde,
413 4849 441 4897 et
463 4842 619 4899 Alexandro
643 4841 786 4910 Secussdo,
808 4844 949 4916 precipuis
1004 4844 1068 4904 dem
1086 4862 1101 4902 a
1121 4844 1243 4902 huberte
1263 4842 1418 4902 Guiseardo
1441 4843 1512 4898 duee
1535 4839 1727 4899 Nerthmanno
1743 4855 1805 4899 ets·

141 4934 306 4989 muneribus
321 4943 348 4990 et
366 4936 551 5009 legationibus
574 4938 736 5011 perfunctus
750 4947 808 5006 est,
832 4940 949 4996 sanetis-
1006 4948 1078 5013 ptus,
1093 4939 1238 4997 cassinum
1254 4952 1283 4992 se
1297 4935 1424 5004 eontulit,
1438 4944 1522 5008 atque
1534 4933 1596 4990 inde
1609 4934 1752 4992 Salernum
1770 4931 1806 4990 sd

141 5026 207 5082 simi
223 5035 251 5082 et
262 5028 399 5100 purissimi
412 5031 519 5087 consilii
535 5032 575 5088 uir
589 5048 604 5089 a
620 5032 700 5089 beato
715 5035 797 5090 Petro
811 5035 949 5091 Damione
1005 5029 1347 5089 dedicandam-Eoolesiam
1359 5027 1445 5085 saneti
1458 5025 1579 5084 Matthaei
1598 5023 1726 5100 Apostoli
1741 5040 1806 5082 eou-

142 5129 328 5193 uuueupatus.
351 5124 377 5178 A
398 5125 508 5181 viatore
523 5127 596 5197 Papa
615 5128 741 5184 Secundo
762 5129 949 5201 legatusata-
1002 5126 1100 5183 tendit.
1126 5127 1196 5182 Cum
1224 5123 1371 5196 aliquando
1397 5123 1425 5179 in
1456 5136 1487 5179 ea
1512 5120 1621 5178 civitate
1648 5132 1806 5178 sermonem

144 5221 203 5269 tere
217 5214 245 5269 in
265 5216 383 5272 Galliam
398 5218 514 5286 missus,
539 5219 666 5294 Lugduni
680 5222 841 5294 episcopum
856 5223 948 5280 Simo·
965 5258 988 5323 C
1003 5219 1142 5277 habuisset
1155 5217 1190 5275 ad
1214 5217 1357 5292 populum,
1368 5216 1510 5274 'arumnis
1526 5214 1669 5274 eouieetus
1686 5216 1714 5272 iu
1729 5229 1805 5272 mor·

143 5311 223 5367 niuea
245 5312 307 5370 laha
323 5312 459 5373 infestum
482 5317 516 5375 ad
537 5318 580 5375 sui
601 5318 723 5377 criminis
746 5319 948 5378 cenfessionem
1002 5314 1069 5372 bum
1083 5315 1256 5387 incidttsqlw
1271 5313 1489 5370 simillimum
1505 5311 1647 5384 limittit·
1663 5313 1807 5368 Ρθδῑῐθωθ

141 5405 275 5464 miraculo
288 5408 394 5482 adegit,
403 5412 598 5484 berengarium
616 5413 780 5471 incensitis
795 5414 949 5472 'turonensi
1002 5409 1147 5467 morientis
1162 5407 1290 5482 Gregorii
1304 5407 1389 5466 verba
1403 5405 1481 5464 luere
1495 5422 1502 5460 ε
1517 5407 1608 5465 Ditexi
1618 5402 1766 5480 justitiam,
1780 5412 1809 5462 et

143 5500 181 5558 ad
201 5501 329 5561 iteratam
350 5504 463 5564 haeresis
485 5507 690 5581 abjurationem
713 5509 847 5582 compulit
867 5529 874 5566 :
896 5512 950 5568 Ca-
1004 5504 1077 5564 odisi
1089 5505 1272 5580 iniquitatem,
1284 5513 1429 5579 prepterea
1440 5504 1545 5562 morior
1554 5504 1582 5561 iu
1596 5504 1701 5564 exsilio.
1717 5505 1808 5558 muu-

141 5594 217 5652 dolai
232 5612 344 5670 quoque
357 5599 476 5658 sehisma
491 5617 539 5658 sua
553 5603 657 5660 virtute
671 5603 847 5676 compressit.
1004 5602 1144 5659 merabilia
1159 5610 1222 5658 sunt
1236 5617 1297 5674 quae
1309 5601 1349 5657 vel
1363 5599 1471 5657 fortiter
1485 5600 1626 5666 sustinuit,
1641 5599 1695 5665 rel,
1709 5593 1808 5652 multis
1881 5646 1884 5650 .

179 5694 300 5750 Lxcrto
311 5705 340 5748 v.
355 5696 465 5753 Mortuo
476 5695 635 5755 Alexandro
649 5698 794 5769 Seesuudo,
810 5698 911 5757 invitus
922 5707 951 5757 et
1003 5697 1104 5754 enectis
1117 5696 1145 5755 iu
1158 5696 1226 5753 urbe
1239 5694 1366 5769 synodis,
1379 5694 1518 5769 sapienter
1531 5691 1678 5751 mustituit
1691 5689 1731 5745 sir
1745 5701 1810 5746 uere

138 5799 269 5844 moereus
289 5784 414 5930 gussini
424 5789 567 5935 genium,
582 5805 733 5860 eonsensu,
755 5790 866 5850 decimo
887 5796 947 5850 lta-
1003 5799 1125 5863 sanetus,
1152 5789 1300 5849 cuminum
1322 5788 1432 5860 vindex,
1455 5793 1485 5843 et
1506 5785 1655 5932 aeerrimrcs
1677 5780 1812 5851 tausis

309 5889 403 5932 umes.
467 5878 556 5937 tvm.

94 5923 236 6132 ,pb
1138 6106 1157 6131 .
1442 6012 1602 6093 ‘s
