3870 6164
202 256 251 319 la'
812 259 843 315 S.
863 258 1055 315 (inescatus
1074 261 1118 315 llll
1139 262 1237 318 Puer.
1267 290 1270 295 ¹
1459 256 1469 263 '¹
1817 272 1850 324 lo

200 387 250 445 sali
270 391 351 460 Papae
375 391 410 449 G.
428 392 473 446 W.
491 395 624 460 peccator,
648 385 756 444 devotae
770 384 904 441 orationis
926 381 996 440 sffe-
1009 384 1037 448 Α
1050 392 1081 440 ut
1095 393 1137 442 tot
1150 394 1274 443 moustra
1286 395 1314 443 et
1325 387 1420 445 hestiae
1433 387 1539 460 possint
1553 388 1594 445 vel
1602 389 1722 464 jugulari
1734 392 1776 447 vel
1790 391 1854 449 suh

202 476 289 550 ctum,
304 492 331 540 et
341 483 455 540 humilis
464 481 603 538 servitutis
615 479 756 538 ellectum.
772 478 850 535 Licet
868 475 998 549 sapientia
1052 477 1149 552 iugari.
1163 482 1270 540 Nullius
1285 498 1350 555 ergo
1363 490 1458 551 metu,
1473 482 1574 540 nullius
1590 483 1673 540 minis
1687 485 1721 542 ab
1735 486 1789 543 hoc
1799 488 1854 559 spi·

201 576 262 643 Dei,
278 575 404 634 uniuersa
417 592 480 649 quae
493 591 543 648 per
555 575 641 648 ipsam
652 573 807 642 factasunt,
820 571 999 644 dispositione
1053 573 1142 630 rituali
1163 576 1294 633 eonllictu
1308 585 1461 648 sanctoque
1476 578 1622 635 certamine
1645 580 1805 649 retarderis,
1826 590 1852 637 et

201 673 328 741 mirabili,
343 683 371 730 et
383 673 483 730 ordine
500 669 715 744 imperturbabili
731 669 902 737 moderetur3
925 683 1000 723 nun·
1052 669 1190 727 Gedeonis
1211 671 1284 728 illius
1303 672 1330 726 in
1349 687 1456 729 moreni
1467 671 1504 729 ad
1524 673 1647 746 praelium
1663 690 1850 748 processurus,

200 782 282 840 quam
302 776 396 824 umen
418 766 593 824 commodius
616 764 735 821 consulit
758 765 840 820 rebus
860 762 997 830 humanis,
1052 762 1203 836 lagunculae
1217 780 1251 821 ne
1265 765 1363 822 timeas
1381 763 1552 823 lraetionem.
1569 771 1640 824 Ecce
1656 776 1684 825 te
1702 768 1731 824 in
1744 769 1853 826 sublimi

200 878 283 935 quam
306 878 370 918 cum
395 862 498 934 eligens
514 859 605 917 virum
622 864 677 929 lau
696 863 792 928 unum]
815 858 850 916 de
865 857 953 930 plebe,
969 858 997 912 in
1052 867 1081 914 et
1095 859 1124 914 in
1138 860 1248 931 speculo
1263 860 1385 932 positum
1406 861 1478 918 oculi
1494 862 1618 918 omnium
1641 863 1787 937 vultusque
1804 881 1851 921 su·

200 956 291 1028 populi
315 971 381 1012 eum
395 955 438 1012 sui
458 962 542 1026 caput
563 955 714 1023 constituit,
729 955 757 1009 iu
769 953 848 1025 cujus
866 951 998 1008 nimirum
1050 951 1186 1022 spiciunt3
1202 953 1300 1026 singuli
1314 969 1417 1026 magua
1431 953 1466 1012 de
1478 962 1507 1011 te
1519 955 1614 1013 audire
1627 955 1799 1027 desiderant;
1821 974 1854 1015 et

199 1052 254 1107 vita
280 1058 308 1107 et
329 1049 464 1116 moribus,
488 1064 546 1121 quo
568 1046 710 1104 nitendum
725 1048 770 1116 sit,
791 1047 868 1118 plebs
886 1044 998 1103 inferior
1051 1047 1197 1121 praeteritis
1208 1048 1366 1121 colligentes
1380 1048 1448 1121 quid
1459 1065 1534 1107 nuuc
1548 1051 1576 1107 in
1590 1051 1690 1124 maJori
1700 1051 1795 1111 ollicio
1814 1054 1854 1111 sis

198 1147 287 1202 valeat
299 1145 411 1202 intueri.
427 1143 507 1214 Quod
520 1144 632 1216 quidem
648 1142 812 1199 beneficium
826 1141 928 1198 nostris
940 1143 998 1197 Do-
1050 1148 1179 1210 acturus,
1198 1141 1246 1213 qui
1267 1141 1407 1213 quondam
1423 1142 1527 1214 positus
1549 1143 1578 1199 in
1600 1143 1699 1201 minori
1718 1161 1776 1201 non
1791 1147 1851 1202 sine

77 1232 83 1241 “
187 1239 306 1294 „minum
321 1238 487 1295 concessisse
506 1237 687 1309 temporibus,
711 1236 833 1309 quisquis
846 1252 903 1291 non
925 1235 997 1290 invi-
1051 1233 1138 1306 gloria
1162 1234 1294 1291 militasti.
1316 1238 1354 1291 tt
1374 1235 1483 1308 ineptus
1496 1252 1558 1309 ego,
1580 1237 1628 1310 qul
1651 1247 1679 1295 te
1700 1238 1850 1298 admonere

198 1329 256 1400 det,
267 1331 353 1400 videt,
370 1332 438 1389 dum
453 1341 493 1400 te,
514 1332 574 1405 jam
589 1332 655 1388 olim
671 1330 821 1402 disciplinis
836 1328 997 1386 ecclesiasti·
1050 1342 1217 1400 prtesumam
1227 1370 1234 1397 ,
1246 1337 1460 1402 currentemque
1474 1331 1547 1387 nitar
1567 1331 1710 1409 impellere
1722 1353 1729 1390 r
1742 1350 1805 1391 cum
1819 1343 1851 1392 tu

195 1427 236 1484 cis
249 1427 403 1497 eruditum,
419 1427 492 1484 illius
505 1442 581 1484 nune
594 1426 739 1483 cathedrae
755 1424 820 1482 lecit
833 1440 893 1482 esse
905 1440 996 1481 sesso-
1051 1418 1157 1477 lervorc
1178 1422 1295 1478 mirabili
1314 1423 1419 1496 maiora
1438 1424 1563 1481 molieris
1583 1441 1668 1496 quam
1687 1436 1780 1484 nostra
1801 1445 1848 1485 su·

195 1537 273 1590 rem,
294 1537 310 1578 a
330 1537 384 1594 qua
404 1537 451 1593 per
475 1521 571 1578 orbem
587 1527 723 1576 terrarum
747 1519 841 1576 omnia
860 1520 995 1575 virtutum
1048 1515 1386 1589 spiceturindrmitas3et‚
1400 1517 1524 1589 aquilino
1533 1532 1611 1576 more
1623 1520 1717 1577 omnia
1725 1519 1851 1580 inferiora

87 1605 92 1615 ’
197 1615 300 1672 lumina
314 1613 523 1684 dillunduntur3
541 1625 569 1671 et
590 1613 734 1687 adquam,
750 1614 823 1669 velut
845 1611 873 1667 in
893 1612 996 1668 circulo
1049 1608 1254 1676 transtulimus,
1277 1607 1306 1664 ln
1327 1608 1412 1680 ipsius
1424 1608 1489 1666 solis
1512 1609 1640 1667 ardorem
1659 1618 1722 1669 tuos
1740 1612 1852 1687 inligere

196 1709 286 1784 lineae,
298 1709 335 1766 ad
349 1709 417 1767 illud
431 1709 563 1779 medium,
585 1708 660 1780 quod
679 1709 812 1764 Centrum
827 1706 995 1765 Geometrici
1050 1699 1156 1755 coneris
1170 1699 1293 1756 obtutus.
1310 1720 1323 1751 u

195 1812 313 1873 vocant,
327 1805 453 1861 universe
470 1809 652 1876 convergunt.
666 1805 770 1859 Tantus
783 1809 891 1868 autem,
903 1809 933 1857 ut
946 1817 997 1857 no·
1014 1789 1068 1876 sp
1087 1809 1122 1863 ll.
1146 1813 1185 1866 pe
1206 1810 1393 1866 mmmm
1421 1815 1557 1883 moris,
1580 1819 1607 1870 ,p
1629 1816 1704 1871 cup„
1729 1820 1760 1873 ΒΙ
1786 1818 1851 1875 Gr„

91 1916 111 1933 ν
193 1895 236 1953 bis
251 1897 368 1953 relatum
383 1904 434 1965 est,
450 1896 539 1952 totius
558 1895 651 1968 populi
671 1894 699 1950 in
712 1902 758 1950 tua
778 1895 910 1950 electione
928 1909 998 1950 eon-
1371 1886 1445 1953 sotii
1470 1886 1528 1941 VII·

194 1991 305 2063 spiravit
320 2005 468 2059 assensus,
482 1996 514 2045 ut
524 1990 616 2046 nullus
631 1988 746 2045 omnino
761 2004 793 2044 er
811 1997 887 2045 tanta
903 1987 997 2045 multi·
1088 1990 1113 2039 7.
1128 1987 1679 2060 Marcustntonirrsttarsitiuscolumna,
1691 1998 1851 2050 annotslt.

194 2083 290 2140 tudine
302 2083 374 2140 visus
384 2081 467 2140 luerit
479 2082 632 2139 dissentire.
644 2086 681 2138 Et
694 2082 780 2150 unde,
796 2098 907 2154 quaesu,
920 2092 997 2141 taata
1049 2080 1236 2137 salernitanus
1259 2080 1492 2155 Archiepiscopus
1515 2083 1658 2154 salutatus,
1682 2094 1779 2158 praeter
1801 2088 1851 2143 alia

195 2177 382 2247 unanimitas,
405 2186 480 2234 tenta
502 2177 591 2250 potuit
616 2192 676 2234 esse
700 2176 866 2234 concordia?
889 2177 941 2234 nisi
964 2193 996 2233 ex
1050 2174 1220 2247 Episcopalis
1235 2176 1427 2232 sollicitudinis
1455 2192 1538 2249 opera
1562 2178 1663 2250 quihus
1694 2181 1852 2238 Praelaturae

194 2272 311 2344 Spiritus
346 2272 418 2329 illius
449 2272 599 2340 instinctu,
633 2271 713 2344 cujus
739 2271 804 2328 olim
830 2272 996 2345 aspiratione
1048 2283 1107 2325 sure
1120 2284 1210 2326 annos
1223 2269 1431 2342 quatuordecim
1444 2270 1565 2329 reddidit
1584 2273 1701 2344 posteris
1715 2289 1851 2332 memora·

193 2365 270 2439 plebs
283 2367 418 2440 primitiva
432 2366 605 2424 credentium
621 2381 707 2422 unum
719 2383 768 2424 cor
788 2376 816 2424 et
830 2383 916 2425 uuam
936 2367 996 2423 ani·
1050 2360 1128 2430 biles,
1142 2362 1240 2421 librum
1253 2364 1416 2436 conscripsit
1429 2364 1464 2420 de
1478 2365 1533 2422 rita
1549 2375 1577 2423 et
1589 2367 1672 2439 gestis
1683 2383 1715 2424 ac
1733 2369 1851 2426 transla·
1891 2356 1894 2361 ’

192 2472 267 2516 mem
284 2460 411 2519 habuisse
421 2460 593 2518 describitur.
1049 2455 1124 2513 tione
1137 2458 1169 2513 Β.
1187 2457 1447 2531 Matthaeidpostoli
1462 2467 1490 2514 et
1511 2461 1711 2533 Evangelistae;
1732 2461 1851 2519 necdum

229 2560 256 2610 6.
279 2578 292 2603 «ι
313 2554 422 2612 Gratias
442 2570 508 2627 ergo
530 2559 589 2612 neo
602 2597 610 2623 ‚
624 2555 876 2628 praecellentissime
897 2559 993 2625 parur,
1048 2548 1161 2621 quidem
1172 2551 1253 2608 nobis
1266 2552 1365 2619 risum,
1383 2552 1525 2625 cognitum
1540 2562 1676 2612 tameuer
1688 2554 1852 2629 descriptio-

193 2649 295 2720 gratias
310 2651 386 2716 Deo,
404 2649 502 2721 quisie
519 2658 573 2706 tuae
586 2648 654 2705 lavit
665 2648 809 2716 electioni,
824 2657 856 2705 ut
875 2663 931 2705 non
946 2664 994 2721 pa·
1047 2659 1082 2701 ne
1113 2645 1317 2718 elegantissima
1348 2647 1568 2719 Metropolitauae
1592 2647 1677 2720 ipsius
1707 2651 1848 2719 ecelesia,

192 2750 264 2800 teret
283 2744 404 2800 Ecclesia
431 2743 582 2800 schismati⁴
611 2743 739 2815 Quisquis
753 2741 811 2814 jam
835 2741 919 2814 igitur
945 2749 994 2799 tuo
1048 2753 1132 2811 quam
1146 2738 1211 2794 inde
1223 2738 1396 2813 deprompsit
1407 2741 1602 2799 Ferdinandus
1615 2742 1761 2816 Ughellus,
1779 2760 1848 2818 prae-

103 2820 105 2827 ¹
192 2838 353 2896 sacerdotio
376 2837 560 2903 adversatur,
583 2837 731 2910 cujuslibet
754 2851 814 2892 esse
837 2836 929 2892 meriti
952 2836 992 2892 rel
1047 2833 1187 2906 mittitque
1208 2835 1340 2906 Catalogo
1362 2835 1599 2892 salernitanorum
1620 2835 1849 2910 Archiepisoopo·

191 2931 315 2989 scientiae
335 2931 469 3000 rideatur,
489 2928 524 2986 ad
547 2929 615 2986 illud
635 2930 749 2986 coeleste
767 2929 913 2986 aedilicium
936 2945 993 2986 non
1048 2940 1121 2994 rum,
1136 2933 1205 2981 tom.
1223 2932 1250 2981 7.
1267 2927 1352 2982 ltallae
1365 2942 1459 2984 sacrae.
1477 2928 1529 2983 ldie
1548 2944 1613 2984 cum
1634 2928 1773 2986 tribunam
1795 2930 1850 2986 sive

191 3024 303 3101 aspirat,
318 3025 392 3097 quie,
417 3040 465 3095 per
484 3024 604 3081 tumoris
619 3023 717 3079 vitium
730 3031 813 3094 atque
836 3022 990 3091 discordis,
1047 3017 1170 3074 absidem
1188 3019 1281 3091 templi
1303 3010 1499 3092 descripsisset,
1521 3021 1560 3078 ita
1572 3021 1697 3094 loquitur
1717 3041 1752 3079 :r
1765 3024 1817 3093 Qui
1833 3040 1848 3080 a

192 3118 317 3175 omnium
330 3134 396 3189 pace
410 3118 600 3173 membrorum
620 3132 650 3173 se
668 3117 765 3188 privat.
785 3116 866 3185 Quod
881 3116 992 3188 quidem
1047 3109 1152 3167 dextris
1177 3112 1319 3170 coniicitur
1345 3115 1463 3187 angulus
1485 3116 1516 3171 ln
1531 3115 1589 3172 imo
1612 3116 1705 3188 templi
1735 3117 1848 3174 illustris

191 3211 329 3291 nemiuem
344 3226 476 3267 susumm
496 3226 557 3267 esse
569 3210 745 3278 conlidimur,
760 3209 811 3266 nisi
833 3211 891 3282 qui,
905 3226 995 3282 respe-
1048 3206 1126 3277 plene
1140 3205 1227 3263 laetus
1241 3214 1293 3274 est,
1305 3207 1341 3264 ob
1357 3209 1517 3280 praeclaram
1531 3209 1662 3281 capellam
1678 3210 1847 3267 vermiculati

190 3313 237 3375 otu
251 3305 359 3362 miserae
379 3305 564 3374 conscientiae,
592 3303 699 3377 pondus
721 3314 777 3361 tuae
789 3303 842 3361 sihi
863 3303 993 3361 formidat
1047 3300 1148 3372 operis,
1162 3316 1249 3373 quam
1263 3303 1385 3359 loannes
1397 3302 1431 3358 de
1444 3301 1561 3360 Procida
1580 3303 1769 3361 salernitanus
1788 3320 1847 3361 ere-

190 3398 336 3457 imminere
351 3401 508 3456 sententia.
528 3399 611 3458 Unde
625 3408 654 3456 et
675 3399 721 3456 ille
735 3398 863 3456 diabolus
880 3400 990 3456 Vercel-
1046 3392 1088 3448 ¹5¹
1111 3401 1195 3465 ⁸1q¹¹⁰
1220 3392 1340 3464 d⁰lflllti
1364 3403 1425 3452 tum
1454 3394 1491 3451 (ὼ
1522 3394 1641 3468 plurium
1666 3396 1848 3478 Praeiaturum

190 3495 273 3552 leusis
293 3511 358 3552 cum
373 3497 430 3552 suis
444 3495 626 3567 complicibus
648 3496 772 3552 elaborat
785 3504 817 3552 ut
835 3504 865 3551 tu
880 3494 992 3552 insede
1045 3487 1385 3561 ⁸ltlendidissimasurnas,
1395 3499 1454 3547 tum
1465 3491 1847 3563 veropraecipueobmarmo·

143 3574 147 3591 ’
190 3604 247 3647 non
263 3589 363 3646 debeas
380 3589 549 3655 confirmari,
563 3596 689 3645 metuens
702 3589 785 3645 miser
803 3604 840 3644 ne
864 3588 912 3645 illo
932 3589 991 3646 zelo
1045 3598 1126 3640 reum
1145 3585 1296 3654 tumulum,
1311 3584 1339 3642 ln
1358 3601 1413 3658 quo
1427 3585 1567 3642 Rohertus
1586 3584 1756 3643 Guiseerdus
1779 3586 1847 3642 Gre-

189 3691 249 3750 tuo,
260 3699 314 3752 quo
329 3683 357 3738 in
370 3681 465 3740 hostes
481 3681 608 3739 Ecclesiae
624 3680 801 3739 exardescere
818 3683 900 3751 soles,
917 3698 992 3739 nunc
1045 3676 1114 3749 gorii
1129 3680 1189 3735 Vll.
1204 3679 1306 3735 summi
1319 3679 1470 3753 optimique
1489 3679 1629 3737 Pontificis
1647 3696 1747 3753 corpus
1761 3681 1846 3738 collo-

189 3774 248 3847 ejus
271 3774 384 3848 llagitia,
411 3775 471 3848 ejus
492 3774 646 3844 dedecora,
669 3773 731 3846 ejus
748 3773 869 3832 debeant
891 3775 990 3847 probra
1045 3771 1128 3842 cavit,
1142 3788 1224 3845 quem
1236 3782 1267 3830 ut
1279 3773 1392 3830 ldenriei
1407 3776 1454 3829 lv.
1470 3775 1716 3847 Romanorumque
1728 3773 1847 3845 perlidiae

188 3865 324 3924 damnari.
340 3870 445 3924 Verum
458 3869 587 3925 omnihus
601 3868 682 3924 ironis
696 3883 729 3924 eo
742 3866 801 3940 ipso
815 3869 876 3941 plus
888 3869 989 3940 places,
1045 3864 1236 3936 subtraheret,
1256 3867 1333 3940 quasi
1359 3866 1507 3941 perfugam
1531 3866 1651 3940 hospitio
1674 3876 1815 3939 receperat
1837 3887 1844 3922 ε

188 3975 243 4032 quo
254 3960 383 4032 pessimis
396 3959 523 4032 displices
541 3978 547 4016 :
564 3961 626 4033 quia
641 3976 697 4017 uon
711 3961 770 4016 leve
786 3961 827 4016 vel
842 3960 990 4016 minimum
1045 3959 1123 4032 cujus
1137 3962 1250 4033 nosipsi
1269 3961 1410 4034 reliquias,
1428 3961 1503 4019 nulla
1521 3977 1554 4018 ex
1569 3970 1646 4033 purte
1668 3959 1847 4017 labefactatas

86 4092 90 4098 ι
188 4053 380 4111 testimonium
394 4063 436 4110 est
456 4053 611 4127 probitatis,
626 4053 796 4125 displicuisse
814 4053 876 4109 liliis
890 4054 990 4126 iniqui·
1045 4052 1252 4128 Pontificiisque
1272 4053 1440 4112 indumentis
1460 4064 1590 4124 omams,
1614 4053 1667 4111 hoc
1688 4068 1776 4122 anno,
1799 4052 1845 4126 qui

188 4145 260 4203 tatis.
279 4166 291 4198 r
312 4148 379 4203 Haec
393 4146 550 4203 Willelmus
564 4145 669 4214 Abbas,
692 4145 822 4219 graphice
842 4146 991 4219 depingens
1045 4153 1089 4202 est
1115 4163 1132 4204 a
1156 4149 1339 4206 tumulatione
1367 4148 1425 4206 lere
1454 4148 1706 4223 quingentesimus,
1729 4147 1846 4222 propriis

81 4229 82 4232 ¹
105 4285 110 4296 ,
187 4240 392 4297 vercellensem
403 4241 622 4313 Gregorium,eo
634 4237 991 4312 uomineiudiguum,lden·
1046 4239 1133 4296 oculis
1152 4241 1339 4312 inspeximus,
1356 4242 1525 4315 propriisque
1545 4239 1675 4299 manibus
1689 4250 1844 4298 conuecta·

186 4333 236 4393 rici
248 4336 426 4405 Imperatoris
435 4350 464 4391 rn
480 4333 557 4390 ltalia
570 4333 785 4401 Cancellarium3
800 4332 846 4404 qui
857 4333 917 4404 jhm
926 4333 991 4391 inde
1046 4332 1153 4404 rimus3
1169 4336 1315 4410 locumque
1329 4336 1432 4410 ipsum,
1446 4345 1581 4394 vetustate
1595 4350 1667 4410 pene
1680 4337 1844 4409 collapsum,

186 4427 222 4484 ab
237 4442 310 4484 anuo
334 4434 394 4485 tlt.
408 4443 456 4501 per
477 4427 624 4484 Nicolaum
645 4426 811 4484 Pontificem
832 4425 925 4484 fuerat
945 4443 990 4484 er·
1046 4431 1234 4497 restituimus;
1249 4441 1277 4489 et
1290 4431 1318 4489 in
1331 4432 1498 4489 munsssimi
1511 4448 1543 4488 ac
1556 4432 1683 4506 generosi
1705 4430 1846 4488 pontificis

185 4523 417 4591 communicatus,
432 4538 564 4580 unacum
579 4520 795 4589 Mediolanensi,
808 4522 986 4592 Taurinensi,
1002 4524 1027 4587 D
1042 4521 1186 4592 honorem,
1202 4540 1272 4596 pene
1283 4524 1499 4595 delitescentem,
1510 4524 1671 4597 hujusmodi
1685 4539 1845 4582 monumen·

186 4616 356 4684 Novariensi,
380 4616 523 4686 stiriensi,
547 4624 573 4672 et
585 4615 722 4672 laudensi
745 4615 885 4688 Episcopis
901 4634 908 4673 :
924 4618 987 4690 quia
1040 4624 1102 4674 tum
1116 4620 1268 4688 ereximus,
1284 4640 1297 4668 ι
1313 4621 1404 4691 (quale
1415 4618 1518 4675 scilicet
1537 4617 1564 4673 in
1580 4633 1739 4674 marmorea
1752 4617 1844 4673 tabula

185 4707 294 4766 duobus
305 4718 370 4766 ante
384 4710 463 4767 annis
473 4718 641 4767 conventum
661 4709 814 4767 habuerant
828 4712 983 4783 Fontaneti‚
1041 4711 1191 4769 etiamnum
1205 4720 1353 4786 spectatur,
1369 4719 1398 4769 et
1411 4728 1427 4769 a
1440 4712 1582 4769 Ludorico
1595 4712 1682 4769 Jacob
1697 4713 1724 4768 in
1740 4710 1845 4768 siblio-

184 4800 213 4858 iu
226 4818 281 4875 quo
294 4803 434 4860 communi
456 4804 590 4861 sententia
609 4812 764 4861 statuerant
783 4804 859 4877 quod
876 4805 987 4863 Clericls
1040 4803 1117 4862 theca
1132 4807 1273 4863 Pontideia
1285 4807 1519 4880 etiamrecitatur)
1536 4830 1549 4856 ι
1561 4808 1698 4881 Gregorio
1710 4809 1762 4863 Vll
1776 4811 1844 4863 Soa·

136 4923 139 4927 ·
164 4911 284 4959 „uxores
297 4896 397 4954 hahere
409 4897 518 4967 liceret3
534 4898 582 4970 qui
592 4907 696 4959 tamen,
707 4898 786 4970 jussu
802 4898 914 4955 Henrici
928 4901 985 4955 lm·
1039 4897 1126 4962 aeusi,
1136 4901 1218 4957 Pont.
1230 4902 1295 4974 Opt.
1305 4904 1394 4969 Max,
1403 4899 1734 4959 ecelesiasticaeliherutis
1743 4899 1842 4956 vindici

183 4990 333 5062 peratoris,
357 4990 480 5063 Gregorii
502 4990 668 5047 electionem
682 4989 853 5063 approbarit,
877 4992 984 5049 calamo
1038 4994 1317 5064 acerrimo‚assertori
1326 4993 1709 5067 constantissimorqui,dum
1719 4993 1842 5049 Romani

181 5082 370 5155 potiusquam
392 5085 497 5150 animo,
512 5084 553 5141 uti
575 5083 618 5140 vel
632 5099 666 5138 ex
681 5082 732 5139 hac
754 5082 875 5154 Epistola
890 5083 984 5155 liquet,
1039 5087 1180 5143 pontificis
1202 5088 1394 5144 auctoritatem
1416 5085 1549 5146 adversus
1561 5086 1675 5143 ldcnrici
1699 5082 1842 5156 perfidiam

99 5176 102 5181 ’
182 5190 268 5248 quam
281 5177 441 5234 Willelmus
464 5178 504 5235 sic
523 5177 709 5250 prosequitur.
731 5199 744 5226 ι
760 5179 839 5234 Nunc
857 5193 922 5250 ergo
942 5192 984 5234 ac
1037 5190 1149 5239 strenue
1163 5188 1266 5250 tuetur,
1287 5181 1392 5237 Salerni
1404 5189 1500 5238 sancte
1513 5178 1646 5237 decubuit
1665 5181 1701 5235 Α.
1720 5180 1756 5243 D,
1779 5191 1842 5251 ets,

181 5267 293 5343 cingere
306 5269 395 5343 gladio
407 5279 455 5328 tuo
470 5286 554 5343 super
566 5268 657 5328 femur
670 5278 761 5341 tuum,
776 5269 968 5343 potentissime
973 5288 982 5343 ;
1037 5291 1110 5335 cxx.
1123 5291 1150 5334 v.
1163 5290 1220 5333 vn.
1230 5275 1381 5333 Kallunii.
1398 5278 1436 5332 Μ.
1450 5283 1517 5332 Ant.
1531 5273 1668 5332 coiumm
1683 5271 1842 5345 Massilius,

180 5365 238 5435 illo,
248 5366 372 5437 inquam,
390 5367 491 5440 gladio,
503 5382 586 5439 quem
601 5384 658 5424 uon
670 5366 875 5442 prohibendum
888 5384 983 5425 casea
1035 5369 1228 5439 Bononiensis,
1264 5369 1496 5443 archiepiscopus
1536 5365 1743 5434 salernitanus,
1773 5382 1837 5423 cum

179 5460 311 5533 sanguine
334 5462 472 5534 Propheta
496 5463 658 5533 proclamat,
674 5478 814 5536 quemque
832 5462 983 5520 devoratu-
1035 5463 1108 5520 illius
1126 5478 1237 5535 eorpus,
1254 5472 1320 5536 post
1334 5463 1499 5538 quingentos
1513 5459 1620 5518 circiter
1633 5475 1721 5517 annos
1734 5502 1741 5529 ,
1756 5459 1842 5516 sacris

179 5567 242 5611 rum
263 5569 362 5612 carnes
382 5555 518 5612 mmiuus
539 5554 686 5613 salubriter
712 5556 867 5629 pollicetur.
896 5556 982 5614 Vides
1035 5558 1168 5615 amictum
1183 5557 1281 5615 etlere
1294 5557 1444 5630 integrum,
1459 5554 1669 5629 reperisset3ne
1686 5555 1754 5612 tanti
1768 5558 1840 5611 Pon·

27 5704 31 5716 ,
84 5700 90 5707 .
178 5655 253 5705 certe
266 5648 295 5705 in
313 5649 461 5706 israelitica
475 5658 565 5706 cestra
581 5651 747 5709 Amaleeites
764 5660 793 5709 et
807 5648 980 5720 bladienitas,
1035 5649 1117 5708 tiliois
1140 5650 1299 5725 sepulcrum
1320 5649 1453 5707 memoria
1472 5648 1577 5706 diutius
1597 5658 1713 5716 careret,
1737 5650 1840 5720 Grego-

177 5750 347 5816 ceterasque
361 5752 450 5815 pestes
462 5746 563 5817 pariter
572 5746 754 5818 conspirasse.
771 5748 869 5819 Magna
881 5743 981 5802 solliei-
1034 5743 1078 5801 rio
1100 5747 1178 5802 Xlll.
1204 5745 1368 5803 Bononiensi
1387 5729 1520 5812 sedente',
1546 5747 1586 5802 Μ.
1606 5748 1637 5803 P.
1661 5741 1748 5817 pridie
1770 5739 1837 5797 Kal.

177 5834 395 5911 tudinepgrandi
407 5837 533 5909 comitio,
546 5837 734 5910 continuoque
743 5835 835 5896 nudie
849 5853 919 5910 opus
927 5846 980 5909 est,
1034 5839 1172 5911 Quintiles
1184 5842 1222 5898 Α.
1235 5843 1272 5898 D.
1288 5853 1404 5913 empto.
1418 5844 1464 5899 tt.
1478 5847 1512 5913 ng
