3870 6164
177 265 228 321 ree
585 236 588 241 ’
791 258 818 315 s.
839 255 1031 316 cancarrus
1049 255 1095 312 ur
1112 253 1212 311 rara.
1543 216 1553 233 ‘
1640 220 1643 225 ’
1773 253 1824 307 rae

174 388 293 458 fuerant,
314 385 510 445 subdiaconum
525 383 703 454 cardinalem,
724 383 867 443 custodem
882 382 974 440 altaris
986 388 1013 451 Α
1026 397 1059 438 ex
1079 379 1123 437 iris
1141 392 1171 436 se
1189 362 1359 436 simoniacos
1371 375 1456 437 fuisse
1470 375 1587 434 confessi
1603 373 1659 434 sint
1670 381 1699 432 et
1720 374 1827 448 episco-

175 482 204 544 8.
215 481 287 539 Petri
301 481 416 554 apostoli
435 483 464 539 S.
479 482 516 535 R.
530 481 562 536 E.
584 494 774 546 oeconomum,
789 486 873 550 atque
891 475 971 533 abba·
1023 476 1142 550 patibus,
1153 473 1229 548 quod
1239 479 1373 542 emerant,
1382 469 1575 528 abdicaverint.

174 583 232 633 tem
255 573 413 633 monasterii
435 575 462 630 S.
486 572 563 630 Pauli
589 579 665 628 extra
700 588 796 629 muros
823 571 906 629 Urbis
929 570 969 626 via
1058 569 1198 628 celebrata
1218 566 1572 643 synodo,eteoolesiastiois
1594 564 1711 638 negotiis
1725 581 1826 639 magna
1907 638 1911 646 .

175 669 291 726 Ostiensi
306 667 428 725 crearit:
455 667 534 739 cujus
561 675 655 739 postea
671 665 800 733 consiliis,
827 673 856 722 et
874 672 970 721 aucto·
1026 680 1090 724 eum
1106 661 1432 737 providentiaordinatis,
1447 659 1481 718 ad
1503 660 1611 718 Urbem
1628 673 1752 716 resersus
1772 667 1824 716 est.

174 763 255 820 ritate
268 762 297 818 in
309 760 437 818 omnibus
451 768 541 817 totum
555 759 609 816 fere
626 759 800 833 pontificatus
811 760 853 816 sui
862 768 972 832 tempus
1026 762 1104 818 'runc
1115 775 1131 816 a
1141 774 1209 832 papa
1222 756 1294 831 (201)
1311 757 1449 828 Stephano
1460 756 1502 812 lli
1517 763 1579 828 post
1589 753 1713 812 solemne
1734 768 1825 810 sacra-

81 924 85 929 ,
172 856 310 930 transegit.
328 856 371 913 Ab
385 871 418 912 eo
442 855 517 911 enim
529 854 697 920 admonitus,
719 854 816 911 beatus
836 853 971 927 pontifex,
1026 862 1164 920 mentum,
1178 852 1212 907 de
1226 867 1281 924 quo
1304 851 1332 907 in
1345 850 1404 927 eJus
1428 850 1491 907 Vita
1503 849 1672 905 mentionem
1695 846 1826 916 fecimus,

172 951 242 1008 inter
263 948 314 1007 aha
328 950 500 1023 multaque
521 948 593 1017 fecit,
612 947 751 1021 synodum
767 964 878 1021 quoque
897 949 968 1005 cele·
1026 947 1051 1005 ei
1074 947 1111 1004 ab
1136 946 1265 1005 omnibus
1284 944 1419 1018 episcopis
1445 942 1633 1000 cardinalibus
1659 942 1825 1015 prestitum,

172 1044 270 1113 brarlt,
293 1044 321 1101 ln
335 1059 387 1117 qua
403 1044 532 1117 pleraque
549 1051 644 1100 contm
657 1051 787 1100 urorams
805 1040 971 1111 sacerdotes,
1028 1041 1062 1098 de
1073 1056 1129 1098 non
1144 1037 1268 1114 eligendo
1281 1042 1410 1096 Romano
1433 1036 1609 1111 pontificari
1632 1050 1662 1092 ss
1676 1035 1746 1092 morl
1761 1050 1828 1093 con·

173 1146 199 1196 et
209 1138 381 1196 simoniacos
396 1136 541 1211 episcopos
550 1137 658 1194 decreta
668 1145 769 1194 statuta
781 1144 857 1193 sunt.
1026 1134 1139 1210 tigisset,
1155 1133 1242 1192 donec
1259 1131 1473 1197 Hildebraodus,
1499 1131 1547 1204 qni
1569 1127 1683 1188 maced
1708 1129 1828 1202 impera·

208 1233 248 1290 Eo
275 1247 340 1288 vero
363 1239 487 1310 mortuo,
512 1230 713 1289 hilidebrandus
752 1229 973 1288 subdiaconusa
1026 1227 1272 1302 toremsuperhoc
1290 1227 1398 1300 negotio
1412 1224 1582 1293 mittebatur,
1597 1222 1732 1293 rediisset,
1745 1236 1827 1295 apos-

173 1325 369 1394 claro,senatu,
381 1325 537 1397 populoque
547 1328 677 1381 Romano
688 1325 802 1397 legatus,
817 1323 852 1380 ad
862 1323 975 1396 impera·
1028 1325 1119 1382 tolirae
1136 1321 1320 1394 sedislegatus
1337 1319 1372 1377 ad
1385 1319 1594 1392 imperatorem,
1609 1326 1637 1375 et
1657 1317 1716 1390 eius
1739 1316 1827 1374 fllium

173 1427 261 1476 torem
284 1419 387 1475 missus
414 1426 465 1486 cst,
494 1426 525 1475 ut
548 1434 651 1476 novum
678 1418 712 1475 ab
732 1419 792 1490 ipso
817 1417 973 1491 pontificem
1028 1418 1230 1476 adolescentem
1245 1415 1397 1472 Hearicum
1410 1415 1449 1470 lv
1459 1413 1559 1470 missus
1570 1420 1621 1469 est.

173 1512 324 1587 postularet
340 1531 346 1567 ι
362 1527 446 1585 aquo
462 1527 527 1569 cum
544 1517 617 1579 (204)
629 1512 809 1570 Gebehardus
828 1512 975 1585 episcopus
1064 1513 1135 1568 Cum
1157 1519 1248 1568 autern
1262 1509 1352 1566 audita
1374 1506 1501 1580 Stephani
1525 1508 1567 1563 ix
1587 1513 1677 1563 morte
1692 1504 1827 1573 rediisset,

171 1605 368 1663 Aichstateusis
382 1607 497 1675 electus,
527 1607 678 1680 Victorque
704 1610 732 1665 Il
760 1607 910 1679 appellatus
936 1622 977 1663 es·
1029 1605 1176 1663 Benedicto
1190 1607 1228 1671 X,
1241 1603 1289 1677 qui
1313 1611 1375 1677 post
1391 1618 1455 1659 eum
1478 1600 1655 1674 apostolicam
1678 1599 1770 1656 sedem
1790 1599 1829 1654 in·

175 1707 228 1768 ret,
253 1714 316 1757 eum
348 1702 468 1759 llomam
493 1700 708 1779 consecrandum
730 1700 845 1758 adduxit
871 1721 878 1757 :
905 1700 976 1773 apud
1030 1708 1146 1768 raserat,
1160 1699 1218 1772 ejus
1232 1696 1395 1755 auctoritate
1409 1697 1550 1768 abrogato,
1568 1695 1642 1767 (208)
1661 1694 1827 1751 Nicolausll

174 1793 353 1868 quemetiam
371 1795 531 1868 plurimum,
556 1804 586 1851 ut
600 1802 628 1851 ct
652 1794 726 1867 apud
742 1797 865 1850 Leonem
879 1796 928 1856 lx,
949 1788 1149 1869 ianontifer
1178 1792 1315 1850 maximus
1350 1791 1522 1848 renuntiatus
1543 1798 1605 1846 est:
1623 1788 1669 1860 qui
1703 1786 1827 1844 beneficii

174 1887 489 1956 omnibusvaluit,'orat
508 1889 584 1945 euim
612 1887 654 1946 vir
670 1903 765 1946 rerum
794 1888 976 1962 gerendarum
1028 1905 1146 1954 nmmor,
1169 1886 1242 1960 quod
1268 1886 1341 1944 enim
1369 1883 1492 1958 pontifex
1520 1885 1664 1939 Romanus
1685 1890 1767 1949 esset,
1788 1881 1828 1936 illi

174 1981 270 2055 peritia
283 1981 362 2038 valde
374 1981 464 2039 clarus
475 2000 482 2037 :
494 1983 627 2039 euletiam
640 1983 790 2039 maximam
804 1981 973 2058 religionem,
1028 1992 1170 2057 acceptum
1182 1980 1329 2050 referebat,
1343 1981 1434 2052 ipsum
1452 1987 1515 2051 post
1537 1976 1682 2046 lliincium,
1698 1977 1727 2033 S.
1739 1976 1775 2031 li.
1792 1976 1825 2033 E.

173 2075 289 2148 ibasque
295 2075 496 2132 observantiam
504 2076 673 2149 adjunxerat.
1028 2077 1250 2135 archidiaconum
1265 2074 1374 2132 crearit.
1395 2073 1474 2146 Apud
1488 2072 1632 2130 Nicolaum
1645 2071 1737 2142 ipsum
1751 2076 1826 2125 tauta

209 2173 275 2227 Posi
289 2169 393 2225 obitum
402 2170 522 2227 Victoris
532 2173 555 2226 ll
570 2170 668 2244 diguus
679 2173 806 2231 Romano
815 2171 975 2243 pontilleatu
1028 2172 1115 2246 gratia
1143 2179 1170 2228 et
1196 2170 1358 2226 auctoritate
1371 2167 1464 2236 valuit,
1484 2173 1515 2224 ut
1537 2165 1604 2226 nihil
1625 2180 1658 2223 oo
1672 2163 1828 2224 inconsulto

172 2263 266 2322 adhue
284 2262 466 2321 subdiaconus
492 2263 725 2321 existimatusest.
747 2268 849 2322 Verum
871 2281 937 2322 cum
952 2265 975 2322 ei
1029 2282 1152 2340 unquam
1165 2264 1287 2338 pontifex
1297 2263 1454 2321 decreverit.

174 2357 328 2432 Stephanus
342 2373 410 2431 papa
426 2360 467 2415 ix
493 2358 565 2429 (205)
582 2354 721 2430 praetatis,
736 2362 879 2416 Romanus
904 2375 973 2431 pon·
1065 2364 1126 2434 Quo
1138 2367 1262 2429 mortuo,
1278 2357 1466 2415 ecclesiastica
1486 2354 1620 2412 libertatis
1642 2352 1829 2422 antiocho·

172 2451 238 2510 tifex
257 2461 364 2509 creatus
384 2461 467 2525 esset,
493 2451 565 2525 apud
593 2468 660 2509 eum
682 2469 796 2527 quoque
818 2454 975 2510 inmaxima
1030 2455 1105 2512 mani
1123 2453 1256 2527 pontilicis
1269 2452 1444 2520 electionem,
1467 2466 1499 2507 ex
1524 2464 1606 2507 manu
1629 2448 1828 2521 imperatorum

174 2544 416 2615 auctoritatcfuit3
431 2561 447 2602 a
462 2562 528 2619 quo,
553 2545 711 2604 Simoniaoa
735 2548 795 2604 labe
819 2547 927 2603 ltaliam
950 2557 977 2603 et
1029 2550 1133 2620 eripere
1150 2547 1205 2620 jam
1232 2546 1367 2619 aspirans,
1394 2545 1531 2602 maximus
1556 2551 1656 2601 auctor
1670 2542 1732 2611 fuit,
1751 2549 1783 2598 ut
1801 2541 1828 2598 in

173 2638 292 2698 Galliam
312 2647 483 2712 pervagante,
506 2640 580 2713 (206)
598 2639 761 2713 100010Ιί00
782 2640 852 2698 sedis
872 2641 976 2714 legatus
1029 2643 1162 2702 electione
1179 2640 1298 2698 Romani
1320 2638 1456 2714 pontilicis
1471 2637 1590 2695 Ecclesia
1609 2641 1734 2694 Romana
1748 2635 1829 2692 liber·

174 2733 276 2791 missus
296 2742 338 2790 est
357 2734 386 2790 in
404 2735 506 2791 Gallias
521 2749 586 2790 cum
600 2734 777 2806 'quibusdam
788 2734 930 2808 episcopis,
944 2743 977 2792 ut
1029 2746 1115 2795 tatem
1125 2751 1203 2794 suam
1213 2736 1271 2808 jam
1285 2732 1334 2792 diu
1352 2735 1379 2791 in
1392 2734 1523 2790 electione
1533 2747 1646 2789 suorum
1666 2730 1829 2803 pontidoum

174 2826 293 2905 synodo,
308 2843 394 2900 quam
413 2836 507 2885 contra
528 2827 836 2900 praelatossimouiaoos
849 2827 977 2900 Lugduni
1030 2832 1161 2890 amissam
1183 2845 1347 2902 recuperare
1373 2827 1512 2900 inceperit.
1533 2825 1636 2883 cadolo
1662 2825 1736 2882 enlm
1762 2826 1831 2880 Par·

173 2936 337 2995 congregare
353 2921 483 2994 jusserat,
505 2921 655 2994 apostolica
674 2921 733 2979 rice
755 2921 920 2994 praesideret.
944 2925 975 2978 ln
1031 2926 1120 2982 mensi
1135 2923 1273 2997 episcopo,
1289 2924 1335 2997 qui
1359 2922 1393 2978 ab
1412 2923 1579 2994 imperatore
1600 2919 1703 2977 electus
1728 2918 1827 2989 fuerat,

174 3030 229 3089 quo
252 3015 361 3090 synodo
376 3017 498 3073 maxime
525 3013 704 3072 Hildebrandi
723 3015 812 3072 virtus
826 3017 926 3071 enituit
949 3024 977 3072 et
1030 3019 1171 3091 abrogato,
1193 3022 1266 3084 (200)
1295 3017 1458 3073 anselmum
1489 3016 1648 3088 episcopum
1673 3015 1829 3070 Lucensem

175 3107 492 3183 religioliesidentibus
519 3107 592 3163 enim
607 3108 735 3164 omnibus
755 3107 975 3180 archiepiscopis,
994 3115 1129 3205 cliomae
1150 3110 1252 3167 liberis·
1264 3109 1443 3167 cardinalium
1458 3108 1595 3180 suffragiis
1614 3106 1676 3181 eligi
1702 3122 1829 3181 pmcura·

17 3216 21 3235 ·
63 3188 66 3193 ’
174 3201 319 3276 episcopis,
340 3200 483 3257 abhatibus
507 3200 536 3257 in
571 3200 687 3256 consilio
716 3221 723 3258 ι
757 3200 976 3274 archiepiscopus
1029 3205 1086 3262 rit:
1103 3205 1216 3278 eiusque
1237 3203 1295 3277 jam
1309 3204 1385 3260 electi
1401 3211 1429 3261 et
1457 3201 1606 3260 conscerati
1624 3207 1713 3275 partes
1742 3190 1827 3272 0111111

174 3294 288 3369 quidam
300 3293 488 3351 viriiiteratus
502 3302 530 3350 et
543 3295 686 3367 eloquens,
698 3293 773 3367 quod
786 3294 974 3368 episcopatum
1028 3299 1147 3357 maxime
1159 3305 1260 3355 tutatus
1272 3307 1323 3355 ast.
1337 3301 1370 3353 ut
1383 3297 1470 3370 ipsius
1479 3295 1591 3353 taudem
1603 3310 1685 3369 opera
1699 3292 1828 3351 eflectum

175 3387 287 3444 emisset
305 3397 449 3444 aecusatus
463 3394 514 3445 ast.
539 3389 601 3461 Qui,
622 3388 752 3446 omnibus
773 3388 975 3445 accusatoribus
1029 3402 1082 3461 est,
1095 3402 1126 3449 ut
1149 3396 1222 3460 (210)
1250 3390 1368 3448 cadolus
1389 3391 1457 3463 ipse,
1483 3390 1528 3464 qui
1551 3396 1657 3447 armata
1677 3403 1763 3445 manu
1785 3387 1829 3444 bis

174 3480 230 3539 suis
242 3480 355 3586 profusa
368 3480 513 3556 largitione
523 3483 671 3555 corruptis,
680 3482 707 3538 in
719 3483 854 3556 synodum
870 3482 922 3538 alia
933 3481 976 3539 die
1028 3490 1150 3544 Romam
1171 3494 1294 3554 venerat,
1319 3485 1411 3543 sedem
1432 3487 1465 3541 B.
1482 3485 1554 3541 Petri
1576 3489 1766 3557 occupaturus,
1787 3481 1830 3538 bis

174 3590 310 3645 reserem,
325 3591 425 3649 magna
452 3592 517 3633 cum
539 3576 652 3653 audacia
665 3576 754 3635 dixit:
778 3576 899 3632 Ubinam
913 3585 977 3633 sunt
1029 3581 1112 3638 armis
1132 3580 1232 3637 auxilio
1258 3579 1335 3637 ducis
1354 3578 1489 3637 Gotefridi
1513 3594 1654 3651 repressus
1677 3577 1722 3647 sit,
1747 3583 1830 3649 atque

124 3692 125 3697 ¹
174 3678 345 3727 accusatores
357 3669 602 3743 meiiSurgantin
625 3669 767 3742 publicum
789 3678 884 3726 contra
909 3686 974 3729 me:
1029 3675 1107 3733 Urbe
1122 3674 1248 3749 fugatus:
1265 3681 1294 3731 et
1312 3674 1426 3731 demum
1454 3674 1483 3730 in
1496 3672 1612 3730 concilio
1636 3674 1769 3739 Mantuae,
1792 3670 1829 3726 oh

175 3761 259 3820 modo
278 3761 421 3834 prodeant.
449 3763 559 3819 Cunctis
582 3769 678 3819 autem
700 3764 867 3832 tacentibus,
880 3763 976 3821 Hilde·
1030 3784 1089 3826 eam
1104 3784 1215 3826 causam
1239 3776 1418 3841 congregato,
1444 3766 1619 3840 pontificatus
1641 3764 1666 3822 ei
1681 3780 1715 3821 er
1729 3763 1829 3839 synodi

174 3853 296 3913 brandus
310 3871 425 3929 turgent
444 3865 473 3913 tl
495 3871 525 3912 se
538 3855 572 3913 td
597 3856 675 3913 illum
689 3865 867 3913 convellens:
886 3859 977 3915 Credis
1028 3862 1161 3921 sententia
1173 3862 1321 3936 abrogatus
1334 3860 1427 3929 fuerit,
1450 3860 1624 3918 ordinatione
1644 3858 1790 3917 Alexandri
1804 3860 1829 3917 ll

175 3949 274 4022 inquit,
292 3942 496 4021 archiepiscopi,
511 3951 644 4021 80011001
653 3955 773 4006 cerretum
793 3951 912 4021 ejusdem
923 3967 976 4008 esse
1029 3973 1107 4030 papae
1122 3956 1284 4030 approbata,
1305 3964 1434 4030 tanquam
1456 3971 1518 4030 qua
1539 3954 1668 4028 legitimis
1690 3952 1831 4024 suffragiis

176 4059 236 4100 taem
249 4046 341 4112 Patre,
365 4045 486 4114 Filioque
512 4045 680 4113 substantiae,
696 4050 722 4100 et
736 4045 907 4115 diuinitatis?
917 4045 974 4114 Cui,
1030 4050 1101 4107 facta
1130 4050 1557 4120 fuisset;Alexand1-overoll,
1580 4047 1772 4122 patrimonium
1795 4049 1829 4104 B.

175 4135 337 4205 recredere,
350 4136 536 4209 respondenti,
549 4137 630 4204 dixit;
646 4136 715 4193 Die:
731 4139 823 4196 Gloria
847 4140 926 4195 Potio·
952 4145 977 4194 ot
1030 4145 1103 4201 Petri
1130 4144 1157 4201 in
1174 4145 1335 4217 Campania,
1351 4143 1425 4217 quod
1445 4142 1611 4201 Nortmanni
1630 4147 1832 4215 occupaverant

174 4230 254 4297 aaa,
282 4234 308 4285 et
325 4231 447 4302 Spiritui
473 4235 572 4287 sarecto.
605 4231 730 4302 Cumque
760 4232 977 4306 archiepiscopus
1030 4234 1830 4311 accitoduceGotefrido,cumejusdem,ethlathildisco

176 4322 340 4381 versiculum
354 4324 519 4391 inchoasset,
545 4326 639 4383 Gloria
658 4330 684 4381 et
703 4329 784 4382 Petri
806 4329 977 4384 011011001-
1031 4333 1143 4390 mitissre
1156 4332 1330 4400 exercitibus,
1342 4330 1638 4406 fugatisNortmannis,
1649 4329 1828 4402 recuperarit.

176 4416 265 4490 pedite
278 4416 482 4489 dicebat2sed,
495 4418 614 4488 Spiritus
629 4423 823 4476 soractivocem
840 4420 913 4477 nulla
934 4437 976 4476 ra·
1065 4431 1137 4495 (211)
1165 4426 1322 4482 alexandro
1345 4425 1460 4483 demum
1495 4425 1622 4482 Laterani
1636 4425 1691 4483 rita
1721 4420 1829 4488 functo,
1889 4438 1897 4445 ·

175 4509 251 4567 tione
263 4511 385 4585 prolerre
405 4527 525 4584 unquam
547 4510 645 4584 potuit.
670 4514 796 4585 eumque
817 4513 972 4586 frequenter
989 4519 1070 4582 bote
1091 4519 1342 4592 abrincensem
1364 4528 1436 4577 esser
1455 4521 1482 4576 tn
1497 4519 1582 4577 sacas
1596 4519 1690 4575 astreas
1702 4517 1831 4574 emoriar-

176 4612 311 4677 repeteret
324 4613 353 4662 et
362 4603 426 4660 nihil
439 4604 594 4677 proficeret,
610 4621 779 4679 cognoscens
791 4622 820 4664 se
829 4607 921 4664 diuino
930 4608 975 4679 ju·
1030 4614 1127 4683 simus,
1139 4621 1167 4670 et
1183 4614 1209 4669 in
1223 4616 1349 4671 Romam
1363 4613 1494 4684 Ecclesia,
1517 4621 1560 4670 tot
1574 4612 1739 4687 pontificum
1750 4626 1829 4684 supe-

173 4697 245 4756 dicio
259 4698 427 4767 convictum,
443 4697 477 4755 ad
492 4698 574 4771 legati
591 4699 675 4771 pedes
687 4715 716 4757 se
730 4699 884 4774 projiciens,
901 4717 976 4757 erro·
1028 4707 1136 4765 riorum
1163 4715 1298 4781 tempore,
1322 4709 1399 4769 omni
1414 4710 1546 4766 virtutum
1571 4722 1669 4781 genero
1687 4705 1830 4763 celeberri-

174 4805 236 4848 rem
260 4805 342 4848 suum
363 4806 412 4864 per
431 4791 553 4849 ordinem
576 4791 719 4851 confessus
738 4803 798 4864 cst,
821 4810 885 4852 cum
911 4810 974 4851 vero
1029 4815 1102 4870 mus,
1126 4803 1251 4859 omnium
1294 4802 1482 4873 cardinalium,
1519 4812 1547 4859 et
1571 4799 1647 4867 oleri,
1681 4797 1829 4873 populique

34 4872 40 4905 ³
121 4932 129 4945 .
175 4882 298 4942 omnium
312 4882 418 4956 judicio
432 4884 527 4941 statim
541 4884 684 4959 episcopali
701 4889 977 4946 muneremuletatus
1030 4895 1149 4950 Romani
1165 4894 1301 4968 suffragiis
1324 4897 1428 4968 ingemi
1440 4895 1552 4968 gaudio,
1568 4904 1595 4953 et
1617 4909 1738 4961 summa,
1761 4908 1829 4949 eon·
1911 4892 1924 4915 '

175 4987 254 5043 esset,
271 4978 364 5036 lilerio
384 4979 462 5035 Patri
481 4983 507 5034 at
528 4980 607 5044 Filio,
634 4986 659 5035 et
684 4983 802 5052 Spiritui
826 4987 931 5053 sonato,
951 4981 978 5038 li·
1030 4987 1162 5076 cordique
1185 4988 1310 5044 omnium
1330 4989 1468 5045 voluntate
1483 4989 1603 5062 pontifex
1622 4987 1759 5045 maximus
1784 5003 1829 5044 re·
1891 4990 1898 4999 “

176 5072 242 5131 hera
257 5087 332 5141 voce,
347 5071 509 5143 etexpedita
529 5072 694 5131 decantavit.
711 5075 793 5144 Quod
809 5073 911 5133 factuam
932 5091 975 5132 re·
1031 5082 1171 5138 nuntiatus
1204 5091 1261 5149 est,
1292 5083 1367 5139 nullo
1401 5083 1574 5157 imperatoris
1611 5097 1746 5139 consensu
1782 5089 1829 5136 aut

176 5164 265 5241 liquos
280 5165 407 5240 praelatos
421 5163 591 5223 simoniacos
609 5166 678 5223 adeo
695 5168 850 5240 perterruit,
866 5177 976 5226 utxvrt
1030 5176 1179 5248 voluntate
1193 5177 1363 5253 exspectatis.
1396 5182 1470 5247 (212)
1505 5181 1546 5234 Ex
1569 5192 1622 5251 qua
1654 5191 1683 5232 re
1709 5173 1829 5231 schisma

209 5399 272 5470 (101
304 5398 377 5469 Lege
389 5399 490 5453 lieren.
504 5397 587 5451 Anno
605 5396 675 5453 1051
690 5405 718 5454 01
733 5403 813 5457 1055.
1067 5404 1139 5476 (209)
1151 5407 1213 5460 Bar.
1227 5420 1300 5461 anno
1321 5410 1400 5461 1001.

211 5473 274 5536 (200
293 5467 408 5525 livide
419 5471 521 5524 Baron.
535 5473 616 5525 Anno
630 5475 708 5525 tosa.
1077 5478 1139 5548 210)
1158 5476 1226 5532 ullis
1240 5478 1382 5533 cadalous.

211 5546 284 5607 (200)
309 5544 375 5596 Haeo
391 5540 551 5596 acciderunt
570 5540 621 5596 sub
647 5540 754 5599 Victore
769 5545 805 5601 ll.
820 5545 881 5600 Bar.
903 5560 975 5602 anuo
1079 5552 1140 5611 211)
1154 5549 1217 5603 Bar.
1235 5552 1315 5604 antro
1332 5554 1412 5604 1013.

177 5616 259 5681 1⁰55,
274 5628 353 5669 num.
370 5617 442 5668 ibet
453 5626 530 5682 seqq.
619 5684 625 5696 ·
756 5687 762 5699 .
1066 5618 1137 5689 (212)
1151 5619 1218 5673 liar
1240 5635 1295 5675 non
1313 5618 1364 5677 fuit
1389 5635 1451 5676 vora
1486 5633 1568 5676 causa
1591 5618 1758 5686 schismatis,
1780 5618 1829 5677 sed

211 5686 357 5767 (totlitur.
382 5686 977 5756 1101101050,ου110110111010111οοηο
1029 5687 1176 5746 olrstiuutio
1199 5690 1310 5748 Hernici
1338 5693 1384 5766 qui
1415 5691 1490 5747 initio
1510 5691 1673 5749 electionem
1699 5691 1828 5763 Gregorii

176 5755 294 5810 Ostiensi
309 5754 401 5812 refert.
1029 5769 1118 5816 ratam
1134 5761 1235 5817 habuit.
1886 5754 1891 5764 ’

96 5864 104 5871 --
210 5829 362 5895 (totlitur.
380 5841 452 5884 anno
469 5832 538 5884 1058
554 5833 673 5885 011050.
