3870 6164
133 254 200 309 «ιιι
592 246 735 303 ursus.
754 245 797 303 ur.
817 274 854 287 -
867 212 1076 304 communae
1095 244 1323 303 cuneorum.
1714 248 1784 304 nze

132 374 258 449 quolibet
271 387 370 448 genere
390 369 546 430 sacerdotes
566 371 665 445 eligere
688 370 762 444 licet,
782 371 883 444 qrihus
905 377 971 441 etl
987 372 1073 442 hibet,
1090 371 1165 446 quod
1184 386 1284 444 corpus
1303 370 1403 428 Christi
1417 370 1538 443 accipere
1558 386 1616 429 non
1632 372 1785 446 permittit?

134 469 237 528 morito
257 467 430 526 interdicitur
451 465 596 540 conjugale
610 481 689 539 opus,
709 482 775 523 cum
795 482 854 524 nou
876 466 933 539 jam
986 466 1107 541 qnandiu
1122 466 1197 524 enirn
1218 466 1321 539 impleo
1341 465 1435 523 mariti
1446 463 1580 536 cilicium,
1601 481 1656 524 non
1679 467 1784 542 impleo

134 563 257 622 habeant
270 576 445 620 successores
463 560 643 618 necessarios.
664 561 839 635 Quapropter
856 561 935 634 quis·
986 562 1162 619 continentis.
1186 560 1271 618 lubet
1291 561 1364 617 idem
1383 560 1532 633 Apostolus
1556 560 1585 616 in
1600 560 1653 617 alio
1673 561 1735 618 loco
1754 570 1785 618 ut

134 659 207 733 quis,
222 666 250 715 et
267 657 321 714 hoc
333 665 459 729 tempore
470 655 536 713 illud
551 655 699 714 ludaieum
712 655 874 730 conjugium
889 671 934 712 sa-
987 671 1097 729 semper
1110 670 1233 713 oremus.
1257 658 1286 723 (l
1298 657 1385 712 Thess.
1409 659 1453 724 v.)
1467 653 1549 729 [GH.
1565 656 1654 728 Ergo]
1668 654 1696 711 Si
1710 669 1783 712 sem·

133 751 293 812 cerdotibus
314 753 394 809 licere
417 767 480 808 cum
504 752 672 820 sozomeno,
693 750 734 808 vel
757 751 849 824 potius
871 766 935 808 cum
988 764 1039 823 per
1058 748 1205 818 orandum,
1227 765 1368 821 nunquam
1389 747 1520 823 conjugio
1539 746 1713 807 serviendum
1729 757 1784 820 cst,
1869 822 1874 829 ,

137 846 263 904 Hebione
274 845 414 918 [Ebione]
430 845 676 919 dogmatizatum
686 845 858 920 negligenter
869 843 936 902 illud
988 843 1110 916 quaudo,
1125 843 1344 916 quotiescunque
1358 841 1436 900 uxori
1454 841 1580 901 debitum
1594 841 1691 913 reddo,
1706 856 1786 901 orare

136 940 289 999 inevitabile
300 940 449 998 anathema
469 939 634 1009 consideret,
649 954 703 1010 quo
716 938 774 1012 ipse
786 939 937 1017 Apostolus
988 953 1046 995 non
1060 952 1182 1010 possum.
1198 959 1212 987 r
1228 939 1272 996 Sic
1286 945 1313 995 et
1336 941 1433 995 Petrus
1448 938 1586 1011 apostolus
1606 937 1688 997 docet
1704 937 1786 996 cbri-

134 1033 291 1108 specialiter
305 1033 482 1091 iudaicamm
503 1033 729 1091 observationum
746 1033 936 1106 predicatores
987 1031 1091 1088 sdanos
1105 1038 1139 1090 ut
1157 1030 1302 1088 infirmiori
1323 1031 1433 1091 vasculo
1447 1031 1573 1088 muliebri
1586 1031 1721 1091 honorem
1735 1032 1786 1090 tri·

134 1129 359 1198 anathematizat,
383 1129 498 1185 Galatas
518 1128 691 1202 judaizantes
713 1127 751 1185 ita
773 1126 933 1186 deterrens:
988 1125 1084 1196 buant,
1099 1126 1134 1183 ab
1151 1140 1234 1199 opere
1255 1125 1392 1200 conjugali
1416 1133 1566 1194 cessantes,
1581 1140 1616 1185 ue
1635 1126 1785 1200 impedian-

137 1245 151 1273 ι
167 1223 292 1281 Sedlicet
299 1238 362 1290 nos,
374 1230 422 1278 aut
430 1221 544 1295 angelus
553 1221 588 1280 de
600 1221 669 1279 coelo
681 1221 850 1295 evangelizet
858 1220 936 1279 vobis
987 1227 1035 1277 tur
1048 1235 1145 1278 eorum
1167 1219 1307 1278 orationes
1320 1222 1351 1288 (l
1362 1222 1433 1277 Pete.
1448 1234 1485 1278 m
1491 1232 1512 1289 l.

137 1325 239 1391 prietes
263 1315 336 1389 quod
358 1315 605 1388 evangelizavimus
623 1316 710 1386 vobis,
735 1315 882 1373 anathema
900 1315 936 1372 sit
1022 1314 1187 1389 Quisigimr
1207 1329 1283 1373 sanas
1306 1316 1408 1373 mentis
1428 1314 1573 1389 predictas
1587 1314 1712 1389 Apostoli
1726 1331 1789 1374 sen·

137 1412 256 1480 (Gelu).
273 1433 286 1460 ι
302 1409 380 1469 ldem
394 1425 460 1467 vero
483 1409 626 1467 inculcans
644 1409 785 1483 subjungit
800 1429 807 1465 ε
825 1433 838 1460 ι
854 1413 935 1466 Nunc
987 1409 1087 1466 tentius
1110 1407 1143 1465 de
1165 1408 1317 1466 exercendo
1339 1409 1475 1484 conjugali
1496 1425 1578 1484 opere
1600 1409 1788 1468 sacerdotibus

136 1508 237 1562 iterum
259 1503 344 1562 dico:
360 1504 390 1561 Si
415 1503 478 1578 quis
497 1503 574 1561 vobis
596 1503 822 1578 evangelizaverit
838 1512 938 1576 praeter
987 1502 1115 1573 ascribat,
1141 1517 1260 1575 quorum
1287 1502 1482 1576 quotidianum
1501 1513 1544 1561 cst
1566 1502 1703 1573 officium,
1731 1519 1788 1562 non

138 1600 177 1668 id,
198 1598 273 1674 quod
288 1598 442 1671 accepistis,
458 1598 605 1656 anathema
619 1597 655 1655 sit
667 1599 745 1667 (Gal.
762 1602 812 1667 ιι).
827 1616 843 1651 s
860 1598 936 1655 idem
990 1597 1074 1656 modo
1089 1613 1179 1671 orare,
1202 1598 1249 1656 sed
1262 1606 1291 1655 et
1302 1598 1393 1657 diune
1407 1608 1580 1657 sacramenta
1602 1608 1794 1667 contrectare,

136 1694 237 1768 qnippe
256 1694 357 1751 Paulus
379 1693 469 1767 ipsum
492 1692 645 1765 principem
665 1693 855 1765 apostolorum
878 1695 936 1748 Au·
990 1692 1141 1766 prasertim
1164 1707 1229 1750 cum
1243 1691 1272 1749 in
1291 1693 1464 1752 eodemloco
1478 1694 1561 1752 etiam
1582 1693 1789 1752 ouilibctchri-

137 1787 260 1859 tiochiae,
283 1787 348 1845 licet
368 1785 491 1860 ejusdem
512 1785 585 1843 sedis
598 1785 767 1859 episcopum,
791 1785 938 1843 liberaliter
953 1772 976 1835 Β
989 1786 1089 1856 stiano,
1113 1794 1238 1860 tempore
1269 1787 1401 1845 orationis
1424 1787 1583 1862 iniungitur
1601 1789 1791 1847 continentia?
1907 1838 1914 1845 .

139 1882 285 1955 corripuit,
300 1897 333 1938 eo
346 1879 421 1953 quod
433 1889 540 1953 gentes,
555 1895 611 1937 uon
622 1880 734 1957 quidem
746 1877 936 1954 praedicando,
991 1883 1062 1938 llam
1085 1881 1109 1938 si
1122 1882 1272 1956 Apostolus
1285 1881 1329 1939 hic
1344 1882 1428 1940 etiam
1442 1881 1633 1941 sacerdotibus
1651 1885 1789 1941 carnalem

139 1975 194 2033 sed
208 1991 259 2032 suo
278 1974 405 2048 exemplo
424 1974 563 2047 judaizare
575 1983 695 2048 cogeret,
714 1989 778 2031 cum
792 1989 822 2032 se
840 1973 875 2031 ab
888 1988 936 2031 eo·
990 1976 1117 2049 copulam
1129 1976 1301 2044 concederet,
1316 1975 1440 2049 proiecto
1463 1977 1618 2034 contrmius
1635 1976 1688 2034 sihi
1702 1986 1788 2047 esset,

136 2084 202 2128 rum
216 2068 342 2127 convivio
355 2084 406 2144 pro
420 2068 521 2127 timore
530 2067 692 2126 ludaeomm
705 2066 864 2126 simulando
874 2066 938 2124 suh
991 2069 1038 2142 qui
1057 2069 1094 2127 ad
1114 2070 1209 2127 Titum
1230 2069 1353 2126 scribens
1376 2069 1508 2143 praecipit,
1524 2075 1556 2125 ut
1573 2069 1728 2129 sacerdotes
1741 2087 1790 2129 so-

136 2163 268 2222 treheret.
991 2163 1053 2234 brii,
1065 2163 1132 2237 justi
1145 2163 1212 2231 sint,
1222 2171 1304 2238 atque
1314 2164 1489 2222 continentes
1499 2167 1621 2233 (ilar).
1634 2166 1720 2237 Ergo,
1733 2179 1790 2223 non

171 2260 309 2317 Praeterea
323 2257 381 2331 ipse
395 2256 591 2315 heresiarches
604 2256 714 2314 Hebion
727 2271 792 2314 cum
805 2255 938 2313 omnibus
992 2256 1037 2314 hic
1060 2256 1256 2325 sacerdotibus,
1272 2256 1320 2314 sed
1334 2256 1419 2325 laicis,
1443 2257 1529 2315 ethis
1550 2273 1607 2315 non
1620 2256 1741 2315 solidum
1754 2258 1792 2315 ci·
1842 2244 1845 2249 ’

139 2352 198 2411 suis
212 2351 395 2411 sectatoribus
407 2351 476 2409 inter
490 2351 608 2424 reliquos
621 2350 764 2408 haereticos
777 2339 938 2407 anathema·
993 2353 1071 2421 bum,
1087 2351 1135 2409 sed
1158 2351 1277 2409 lacteum
1292 2359 1390 2424 potum
1411 2350 1548 2408 ministrat
1571 2352 1669 2421 (Hebr.
1689 2357 1735 2423 v),
1759 2360 1792 2411 ut

136 2448 240 2505 tizatm
259 2454 303 2504 cst
322 2462 338 2502 a
360 2444 545 2503 armatissimis
563 2443 669 2518 synodo
684 2443 938 2517 Constantinopoli·
992 2454 1056 2518 puta
1068 2444 1229 2518 neophytis,
1243 2446 1290 2518 qui
1303 2445 1428 2503 nondum
1442 2444 1506 2515 sihi,
1521 2444 1641 2504 necdum
1655 2445 1714 2502 aliis
1732 2444 1791 2503 sui-

137 2550 203 2598 taua
217 2548 246 2599 et
259 2556 275 2597 a
286 2540 366 2598 beato
376 2539 485 2596 Gelasio
493 2554 561 2612 papa
571 2539 600 2594 in
612 2537 764 2611 apostolica
778 2537 854 2605 sede,
864 2536 938 2612 quod
993 2540 1116 2595 licientcr
1133 2546 1211 2595 erant
1228 2538 1367 2595 instructi.
1388 2539 1522 2609 Qualibus
1545 2538 1620 2597 idem
1641 2540 1792 2612 Apostolus

137 2633 285 2692 anathema
308 2633 400 2690 nullus
431 2631 622 2705 subterfugere
654 2631 765 2704 poterit,
786 2631 939 2704 quicunque
992 2631 1159 2690 sacerdotale
1173 2628 1296 2688 cilicium
1312 2632 1421 2704 penitus
1435 2632 1600 2692 intercludit.

136 2729 229 2802 ipsum
250 2727 473 2796 heresiarcham,
495 2743 543 2800 per
564 2726 710 2783 sozomeni
730 2733 822 2798 caput,
841 2726 938 2783 sectari
1028 2723 1134 2782 Eadem
1147 2716 1233 2782 etiam
1247 2724 1352 2781 ratione
1366 2724 1499 2798 probatur
1512 2726 1548 2784 sd
1566 2728 1668 2799 laicos,
1683 2744 1739 2785 uon
1757 2731 1790 2788 ad

138 2822 355 2897 praesumpserit.
993 2817 1151 2877 sacerdotes
1167 2825 1290 2891 spectare
1307 2817 1442 2891 quidquid
1465 2819 1539 2875 idem
1556 2825 1705 2894 Apostolus
1726 2824 1793 2879 scri·

173 2918 247 2975 Csr.
271 2918 351 2973 Xlll.
370 2914 490 2986 Quidam
511 2913 593 2971 etiam
612 2913 662 2970 sibi
677 2912 794 2970 nimium
808 2911 938 2971 videntur
991 2911 1031 2970 bit
1045 2911 1081 2969 da
1099 2910 1249 2969 exercendo
1267 2909 1402 2985 conjugali
1416 2926 1515 2984 opere,
1538 2913 1668 2984 utillud,
1687 2938 1700 2966 ι
1716 2916 1791 2989 quod

137 3011 228 3079 scioli,
248 3018 401 3067 asserentes
425 3007 653 3065 incontinentiam
670 3005 861 3065 sacerdotibus
877 3021 937 3063 esse
990 3007 1054 3064 siae
1069 3023 1126 3065 non
1135 3006 1295 3076 continent,
1310 3005 1428 3062 nubant.
1441 3005 1541 3064 Melius
1554 3007 1677 3066 esteuim
1688 3008 1793 3069 nubere

138 3119 301 3164 concessam
322 3104 351 3160 iu
374 3103 420 3160 illo
443 3102 589 3175 Apostoli:
608 3125 621 3152 ι
646 3102 844 3174 Unusquisque
857 3115 936 3157 suam
991 3117 1074 3175 quam
1087 3101 1170 3166 urill
1187 3100 1247 3157 Gor.
1261 3104 1334 3169 su).
1352 3123 1366 3150 ι
1384 3102 1421 3156 Ει
1433 3100 1531 3158 meiius
1550 3109 1592 3159 est
1601 3101 1725 3177 legitimo
1738 3118 1796 3161 ma·

139 3214 258 3257 uxorem
272 3197 371 3254 habeat
383 3197 414 3266 <i
431 3200 495 3254 Cor.
517 3201 574 3263 vn)
586 3216 614 3251 s.
635 3196 688 3267 Qui
703 3203 819 3252 autnon
834 3193 936 3252 intelli·
954 3168 977 3231 c
990 3197 1044 3253 rito
1057 3194 1165 3252 misceri
1179 3209 1263 3267 quam
1281 3192 1420 3251 iomicari.
1441 3197 1478 3252 Et
1491 3194 1559 3253 illud
1580 3216 1586 3253 :
1604 3221 1617 3246 a
1638 3196 1751 3255 Solutus
1763 3212 1793 3256 cs

140 3301 221 3367 gunt,
236 3307 300 3365 quae
313 3292 473 3364 loquuntur,
486 3305 574 3362 neque
591 3289 625 3348 da
637 3290 738 3363 quihus
748 3288 889 3346 affirmant
912 3292 943 3356 (i
993 3292 1028 3348 ab
1043 3305 1143 3359 uxore,
1159 3288 1216 3345 noli
1231 3304 1355 3361 quaerere
1375 3305 1499 3347 uxorem.
1525 3291 1552 3349 Si
1574 3293 1711 3365 acceperis
1726 3308 1792 3350 uro·

141 3389 211 3443 ilia.
227 3391 269 3453 ι);
285 3392 333 3442 ιιι
347 3385 369 3440 si
381 3383 550 3457 intelligunt,
565 3399 646 3440 suam
659 3384 783 3456 ipsorum
797 3381 939 3439 conscien·
993 3399 1067 3450 rem,
1080 3399 1138 3441 non
1155 3381 1284 3456 peccasti.
1310 3383 1339 3440 si
1354 3384 1480 3457 nupserit
1493 3384 1586 3458 virgo,
1601 3400 1657 3442 non
1671 3386 1794 3458 peccavit

139 3480 211 3538 tiam
223 3479 393 3553 impugnant.
407 3481 489 3548 llam,
505 3484 652 3534 attestante
666 3476 746 3533 beato
758 3477 938 3549 Hieronymo,
993 3478 1095 3545 (ibid).
1114 3500 1127 3526 ι
1146 3477 1206 3533 Hoc
1226 3476 1316 3549 itaque
1333 3477 1411 3533 nullo
1430 3475 1517 3536 modo
1538 3477 1572 3536 de
1593 3479 1793 3550 sacerdotibus,

139 3572 275 3632 corinthii
296 3571 367 3629 inter
386 3580 483 3630 caetera
502 3570 537 3627 ab
557 3570 691 3643 Apostolo
714 3570 880 3642 quaesierant
904 3585 940 3625 an
994 3571 1035 3627 vel
1049 3570 1083 3628 de
1096 3570 1155 3627 aliis
1169 3570 1347 3628 continentiae
1360 3569 1492 3628 dedicatis
1506 3571 1618 3647 dicitur,
1631 3573 1679 3631 sed
1694 3572 1728 3631 de
1741 3573 1794 3630 illis

139 3666 344 3742 nuperrenatis
359 3665 387 3722 iu
408 3665 515 3723 Christo
540 3664 657 3721 carnalis
679 3664 776 3738 copula
799 3662 873 3720 licita
895 3678 939 3720 es·
994 3673 1102 3722 tantum
1127 3665 1175 3737 qui
1194 3664 1314 3737 legitime
1335 3664 1474 3739 conjugari
1490 3675 1614 3739 possunt.
1631 3666 1713 3725 Unde
1730 3668 1795 3725 Hie·

138 3764 201 3821 set?
220 3760 320 3834 quibus
340 3760 379 3817 ita
398 3759 536 3831 rescripsit
555 3757 727 3831 Apostolus:
745 3778 759 3807 s
779 3759 820 3813 De
839 3756 940 3830 quibus
994 3773 1126 3833 ronymus
1139 3759 1167 3814 in
1185 3758 1344 3831 supradicto
1357 3758 1427 3815 libro
1443 3778 1451 3816 :
1466 3783 1480 3810 ι
1495 3760 1534 3830 Si,
1550 3760 1673 3834 inquam,
1691 3776 1793 3835 nupse-

141 3863 237 3915 autem
250 3853 399 3928 scripsistis
419 3852 513 3910 mihi:
536 3852 641 3910 bontrm
662 3863 704 3910 est
719 3849 827 3909 homini
840 3850 941 3908 mulie-
995 3853 1032 3910 rit
1045 3854 1122 3927 virgo
1140 3868 1199 3910 non
1213 3853 1348 3926 peccavit,
1363 3868 1422 3909 non
1433 3852 1480 3910 iila
1495 3853 1585 3927 virgo,
1600 3869 1662 3928 quae
1672 3855 1795 3912 sesemel

141 3965 204 4009 rem
224 3965 283 4006 non
311 3957 442 4021 tangerc;
473 3955 587 4020 propter
609 3945 824 4004 fornicationem
848 3953 941 4002 autem
994 3946 1047 4003 Dei
1069 3945 1155 4004 cultui
1171 3932 1439 4004 dedicavitflarum
1460 3947 1535 4003 enim
1549 3948 1573 4005 si
1586 3963 1640 4021 qua
1654 3950 1795 4022 nupserit,

141 4042 334 4117 unusquisque
356 4056 436 4098 suam
450 4055 566 4097 uxorem
591 4038 700 4108 haheat,
722 4046 750 4096 et
771 4052 943 4112 unaquaeque
995 4039 1201 4098 damnationem
1226 4039 1352 4109 habehit3
1375 4041 1438 4115 quia
1459 4041 1578 4113 primam
1592 4041 1674 4099 ddem
1687 4042 1795 4100 irritam

143 4139 236 4196 virrnn
244 4152 326 4195 suum
337 4136 445 4194 haheat.
457 4136 543 4193 Uxori
552 4133 593 4191 vir
601 4133 727 4191 debitum
739 4130 852 4201 reddat;
864 4133 943 4189 simi·
996 4132 1063 4192 iecit
1083 4137 1108 4203 (i
1118 4138 1186 4193 lim.
1201 4139 1242 4201 v).
1260 4158 1273 4183 ι
1289 4134 1317 4191 Si
1339 4142 1432 4191 autem
1454 4133 1507 4191 hoc
1523 4134 1560 4192 de
1579 4135 1668 4193 viduis
1690 4135 1795 4193 dictum

143 4233 209 4291 liter
222 4239 316 4289 autem
330 4245 401 4287 uxor
414 4230 483 4287 viro.
507 4227 608 4284 Mulier
626 4226 669 4284 sui
683 4225 808 4299 corporis
822 4233 944 4298 potcsta-
997 4227 1131 4301 objecerit
1143 4228 1237 4300 [quis]
1253 4235 1355 4299 quanto
1375 4228 1463 4300 magis
1476 4227 1511 4285 do
1524 4228 1673 4301 virginibus
1692 4244 1795 4303 praeva-

145 4336 205 4384 tcm
226 4323 390 4392 nonhabet,
411 4321 461 4380 sed
476 4322 526 4379 vir.
542 4320 673 4379 Similiter
694 4325 787 4376 autern
802 4327 831 4375 et
848 4319 944 4376 virini
997 4321 1075 4390 labit,
1096 4335 1160 4377 cum
1181 4320 1267 4376 ctiam
1291 4319 1334 4376 bis
1346 4335 1404 4376 non
1424 4320 1514 4390 liceat,
1537 4322 1636 4394 quibus
1650 4323 1796 4397 aliquando

141 4419 269 4492 corporis
282 4425 447 4491 potestatem
460 4431 516 4473 non
540 4414 633 4484 habet,
646 4413 696 4471 sed
720 4413 828 4471 mulier.
853 4412 945 4469 Nolite
999 4414 1092 4471 licuit?
1106 4413 1319 4488 Virginesenim
1332 4428 1394 4486 quae
1404 4421 1466 4486 post
1479 4417 1713 4472 consecrationem
1728 4432 1798 4490 nup-

141 4512 276 4571 iraudare
297 4511 427 4578 invicem,
450 4509 504 4566 nisi
525 4508 596 4566 iorte
620 4524 653 4565 ex
666 4523 802 4566 consensu
815 4506 851 4564 ad
871 4514 945 4563 tem·
959 4535 986 4601 D
1000 4508 1084 4566 serint
1094 4523 1152 4566 non
1165 4516 1224 4565 tam
1239 4507 1369 4565 adulterae
1380 4514 1445 4564 sunt
1456 4522 1541 4581 quam
1560 4507 1677 4566 incesta.
1689 4509 1716 4567 Si
1730 4525 1797 4585 crgo

140 4619 206 4679 pus,
220 4612 252 4661 ut
267 4604 368 4661 vacetis
383 4602 501 4660 orationi
516 4601 607 4672 libid.
617 4601 636 4673 l.
652 4600 760 4672 »Quod
781 4601 818 4657 ita
835 4600 947 4672 exponit
1001 4601 1140 4675 praedictoe
1162 4601 1286 4675 Apostoli
1298 4601 1441 4659 sententiae
1459 4601 1618 4674 huiusmodi
1630 4603 1797 4662 continenti·

140 4701 174 4758 S.
188 4698 377 4772 Hieronymus
392 4697 421 4753 in
435 4696 482 4754 lib.
499 4703 595 4753 contra
613 4695 792 4751 lovinianum
804 4699 878 4765 (cop.
893 4698 946 4761 ll:
1001 4696 1053 4752 bus
1065 4697 1203 4753 carnalem
1225 4695 1351 4768 copulam
1369 4710 1424 4751 non
1445 4695 1609 4766 concedunt,
1624 4705 1727 4771 quanto
1741 4699 1799 4756 mi·

143 4804 169 4845 ι·
180 4794 245 4849 lion
257 4791 328 4849 dixit
343 4790 503 4863 Apostolus,
520 4797 631 4863 propter
642 4786 852 4846 fornicationem
866 4786 949 4845 ducat
1003 4805 1055 4847 nus
1073 4788 1273 4857 sacerdotibus,
1295 4789 1416 4846 maxime
1434 4805 1499 4847 cum
1513 4789 1568 4848 illae
1587 4789 1748 4865 simpliciter
1764 4792 1799 4851 ad

144 4885 335 4960 unusquisque
358 4900 484 4943 uxorem.
504 4882 637 4955 Alioquin
651 4881 704 4939 bac
719 4880 895 4939 excusatione
913 4879 946 4936 li·
1002 4882 1201 4941 continentiam
1214 4883 1271 4940 sint
1284 4891 1462 4954 consecratu,
1473 4883 1513 4941 illi
1525 4893 1619 4943 autem
1635 4885 1700 4959 ipsis
1713 4885 1799 4944 conti·

144 4979 245 5038 bidini·
257 4978 338 5037 bena
360 4978 498 5036 laxasset:
521 4984 553 5034 ut
564 4976 782 5050 quotiescunque
796 4990 867 5033 uxor
884 4990 947 5032 mo·
1002 4978 1132 5034 nantibus
1143 4977 1200 5034 sint
1211 4976 1327 5051 prelati,
1340 4986 1368 5035 et
1381 4992 1432 5052 per
1440 4979 1625 5037 venerandam
1638 4994 1737 5039 manus
1745 4981 1799 5036 im·

144 5074 229 5141 ritus,
250 5073 331 5130 toties
354 5071 477 5130 ducenda
498 5071 535 5127 sit
555 5071 617 5139 alia,
630 5084 675 5127 ‘ne
697 5068 876 5127 fornicemur.
896 5068 949 5127 Sed
1003 5071 1181 5146 positionem,
1204 5079 1234 5130 et
1255 5087 1305 5146 per
1325 5071 1494 5131 sacrosancti
1522 5073 1677 5131 chrismatis
1694 5074 1800 5132 unctio·

145 5168 338 5241 unusquisque
358 5181 475 5223 uxorem
497 5180 576 5222 suam
599 5164 714 5233 babest;
729 5179 819 5234 suam,
841 5163 949 5238 inquit,
1003 5181 1081 5224 nem.

147 5260 263 5330 habeat,
285 5275 336 5317 sua
356 5267 451 5318 utatur
474 5275 560 5333 quam
582 5258 709 5327 habebat,
723 5267 871 5332 antequam
890 5273 950 5315 cre·
1040 5262 1173 5319 Praeterea
1186 5261 1261 5318 idem
1287 5260 1436 5334 Apostolus
1457 5257 1527 5336 ipsis
1540 5257 1638 5335 quihus
1659 5255 1801 5333 conjugale

147 5356 232 5416 deret
244 5374 252 5413 ι
262 5371 346 5429 quam
362 5355 467 5412 bonnm
478 5363 538 5412 erat
553 5360 746 5429 nontangere3
759 5360 787 5411 et
801 5352 952 5426 postiidem
1005 5369 1075 5428 opus
1086 5369 1213 5412 exercere
1223 5353 1359 5425 concedit,
1369 5354 1473 5413 eisdem
1486 5355 1571 5438 etiam
1585 5350 1720 5410 secundas
1730 5367 1802 5428 nup

148 5449 265 5521 Christi,
279 5465 407 5508 sororem
419 5455 527 5506 tautam
546 5463 638 5517 nome,
650 5464 708 5507 non
729 5448 885 5523 conjugem,
900 5447 952 5505 nisi
1005 5448 1057 5506 tias
1070 5449 1183 5506 licenter
1195 5448 1266 5506 inire
1284 5449 1428 5522 permittit.
1453 5447 1550 5504 Soluto
1568 5447 1642 5504 enim
1665 5447 1702 5505 ab
1714 5462 1803 5507 uxore

149 5542 487 5617 inmansuetumque
502 5542 685 5600 excusabilem
700 5541 811 5613 iaceret,
826 5550 879 5600 etc.
894 5545 952 5600 No·
1007 5543 1090 5599 aliam
1103 5541 1203 5599 ducem
1222 5541 1359 5611 concedit,
1381 5549 1410 5597 et
1428 5538 1519 5597 vidus
1531 5538 1654 5598 nubendi
1667 5541 1804 5600 licentiam

149 5638 200 5698 lits
214 5636 342 5697 fraudare
351 5638 471 5696 invicem
481 5637 534 5696 nisi
545 5635 621 5694 forte
634 5652 666 5695 er
680 5652 816 5696 consensu
832 5637 867 5696 ad
881 5644 953 5695 tem·
1007 5635 1133 5696 attribuit
1146 5637 1243 5705 aldor.
1258 5642 1329 5704 vu).
1339 5630 1575 5708 Nullatenusergo
1584 5634 1740 5695 sacerdotes
1751 5635 1804 5695 sub

150 5749 218 5809 pus,
232 5740 265 5791 ut
282 5731 525 5791 vacetisorationi.
1008 5730 1181 5805 permissoria
1202 5729 1320 5788 carnalis
1341 5729 1449 5798 copule
1470 5727 1601 5785 sententia
1623 5728 1806 5804 comprehen-

191 5850 207 5875 ι
227 5826 285 5884 0ro
302 5824 640 5898 requisissemus
652 5833 695 5884 est
707 5825 782 5899 quod
795 5841 876 5884 orare
891 5841 953 5900 pro⁴
1009 5825 1063 5894 ditq
1085 5825 1196 5898 quibus,
1222 5824 1250 5879 in
1265 5818 1401 5896 Epistolis
1418 5823 1452 5884 ad
1463 5820 1639 5881 Timotheum
1659 5824 1813 5900 st'iitum,
