3870 6164
122 230 206 317 ‚arcos
281 280 284 291 ,
595 224 740 295 menno.
760 225 804 282 m.
824 254 859 268 -
876 224 1085 285 uouuueum
1103 227 1333 299 censeamus.
1587 208 1627 331 ,⁸
1716 239 1785 295 rom

134 351 212 428 qnod
225 358 254 409 et
266 348 375 425 reprobi
386 347 417 408 in
430 348 549 408 Ecclesia
573 348 632 407 sine
646 348 749 409 eiiectu
760 359 932 409 sacramenta
946 357 973 421 Α
986 353 1016 410 in
1030 354 1118 426 malis,
1138 360 1287 429 utrumque
1305 363 1464 428 permanen
1483 362 1533 414 om
1552 362 1621 416 eoem
1644 374 1786 418 cmoersus

136 447 251 513 babent,
266 452 294 501 et
307 453 401 502 tamen
411 442 524 511 babent,
533 442 630 501 itidem
645 452 673 501 ct
692 445 728 501 ab
742 444 785 502 his
798 445 844 517 qui
859 454 935 503 extra
986 448 1479 522 adminishatquodladmt‘m'strooit,
1501 453 1527 507 si
1547 453 1594 508 hoc
1611 457 1716 511 utilitas
1732 460 1784 514 Eo·

135 540 287 598 Ecclesiam
301 546 366 596 sunt
385 537 483 596 eadem
506 537 777 611 perniciosebaberi,
798 546 936 598 ettamen
987 543 1073 598 desim
1092 544 1682 613 eoeperit3aut,sirrooodmim'stratmanus
1695 554 1785 607 tamem

133 634 229 692 baberi
244 643 366 705 pastores
385 631 561 689 emlesiastici
575 640 750 690 censuemnt.
765 632 849 692 Unde
861 633 935 692 idem
988 638 1015 692 ci
1027 638 1099 693 inter
1117 638 1198 694 laicos
1217 653 1271 695 ooo
1285 640 1444 710 imponitur,
1460 655 1489 696 eo
1502 639 1574 710 quod
1592 648 1786 699 soorommtum

134 727 237 785 doctor
250 729 278 782 iu
292 727 373 783 tertio
392 726 462 784 libro
476 734 572 783 contm
591 725 752 785 Donatistae
766 730 835 800 (cap.
848 733 909 795 sax)
928 746 936 781 z
989 730 1171 786 ordinatiorem
1192 732 1319 787 obtineat.

135 823 269 880 literatior·
284 820 387 876 lotoe
411 823 523 890 [tmesi]
544 825 714 878 sacramento
738 825 764 878 et
783 820 939 893 Scripturas
1025 823 1096 896 Quia
1107 824 1192 896 igitur
1208 832 1267 882 tam
1281 824 1381 898 egregii
1396 824 1518 883 doctoris
1539 827 1682 883 assertioni
1695 835 1723 884 et
1735 842 1787 883 noe

133 918 300 987 coeperam,
309 916 540 989 omadsalutem.
552 917 624 972 ltom
633 915 663 971 in
670 924 769 989 quarto
780 916 850 989 (cop.
863 921 936 983 xul:
989 916 1092 990 absque
1110 918 1239 990 scrupulo
1252 918 1424 991 acquiescere
1438 918 1580 988 debemus,
1594 936 1674 994 quem
1689 929 1718 976 et
1730 924 1786 977 lio

134 1012 189 1069 Nec
199 1012 280 1078 forts,
295 1012 366 1066 sicut
378 1025 425 1066 mec
436 1012 509 1066 intus
522 1012 667 1082 quisquam
680 1012 730 1083 qui
743 1025 777 1066 ea
792 1015 872 1082 porte
882 1011 941 1066 dim
991 1012 1067 1068 mani
1080 1011 1232 1084 pontifices,
1243 1011 1322 1084 iuxta
1331 1013 1536 1070 attestationem
1548 1016 1635 1071 sancti
1649 1014 1786 1071 Caelestini

138 1104 194 1159 boli
217 1108 267 1171 est,
280 1106 369 1175 potest
378 1103 423 1158 ‘nel
436 1106 465 1158 itt
480 1119 508 1159 se
520 1105 563 1158 uel
576 1105 606 1158 io
617 1104 737 1174 quodam
754 1104 941 1160 macularesa·
991 1121 1069 1178 papae
1083 1104 1152 1163 iuter
1167 1105 1321 1179 magistros,
1337 1105 1404 1164 dum
1418 1105 1509 1162 adbuc
1521 1107 1633 1173 viveret,
1657 1108 1786 1174 habuere,

133 1202 313 1262 crumentum,
352 1197 425 1268 qood
454 1196 556 1253 Christi
589 1202 638 1253 est.
678 1200 749 1254 ltem
779 1197 807 1253 iu
838 1197 938 1270 quinto
990 1199 1070 1272 cujus
1083 1207 1112 1256 et
1131 1198 1262 1272 opuscula
1284 1207 1348 1271 post
1361 1207 1482 1257 mortem
1492 1200 1552 1271 ejus
1566 1216 1617 1272 pro
1627 1199 1789 1258 authenticis

134 1296 205 1363 (cop.
223 1296 302 1359 xm:
318 1291 472 1347 urucam
486 1291 663 1360 sacramentis
677 1291 880 1362 etsoerbissuis,
890 1307 941 1363 per
991 1292 1788 1367 recipiendasynodalijudiciodecrevere3qaapropterillud

133 1384 579 1456 qualeslibciadmimstrentur;et
594 1389 761 1442 sacramento
775 1388 826 1441 hri
841 1387 941 1457 ubique
991 1389 1125 1459 scriptum
1137 1387 1233 1444 musici
1248 1387 1373 1445 Widonis
1393 1388 1476 1460 (1165),
1497 1386 1572 1460 quod
1597 1387 1649 1444 sub
1676 1387 1789 1443 nomine

132 1485 209 1535 recto
222 1483 299 1546 suan
314 1485 341 1535 ct
352 1479 420 1535 mah·
442 1480 571 1540 homiues,
598 1479 698 1550 quibus
729 1480 800 1535 nihil
814 1485 940 1550 prosunt,
992 1481 1132 1539 Pascbalis
1142 1497 1220 1554 papae
1233 1480 1397 1550 honorastis,
1413 1498 1471 1539 non
1483 1481 1511 1537 in
1522 1489 1633 1538 tantum
1647 1482 1789 1538 attendere

133 1573 237 1644 ubique
252 1575 460 1644 porcastrum,
480 1570 576 1642 idest,
597 1571 670 1629 intus
681 1571 797 1630 etiams.
992 1574 1127 1632 debemus
1147 1584 1179 1633 ut
1189 1583 1285 1632 contra
1295 1575 1474 1632 assertionem
1486 1573 1595 1648 praeisti
1612 1573 1732 1631 doctoris
1744 1589 1789 1631 sa-
1884 1602 1888 1607 ·

172 1668 245 1723 Item
260 1665 297 1723 ad
323 1666 471 1739 quemdam
495 1668 610 1723 Festum
633 1669 722 1738 (epist.
754 1668 939 1724 16111111-
992 1677 1132 1727 eramenta
1144 1669 1179 1728 ab
1192 1668 1328 1727 haereticis
1338 1678 1469 1743 usurpata
1481 1677 1585 1727 temere
1599 1667 1788 1726 exsufflemus.

133 1764 239 1828 stum:
264 1761 355 1831 Neque
375 1759 475 1832 inquit,
497 1766 665 1816 sacramenta
685 1776 779 1817 eorum
811 1760 937 1827 (Haereti-
954 1744 1090 1822 Bscrlblt
1106 1763 1182 1821 enim
1197 1763 1264 1821 sads
1289 1763 1444 1837 improvide
1458 1763 1491 1820 de
1504 1762 1684 1820 annullandis
1698 1763 1789 1819 Simo·

133 1855 245 1926 corum)
261 1855 339 1910 nobis
353 1855 465 1909 inimica
475 1859 548 1919 mat,
563 1870 623 1925 qua
637 1870 700 1911 cum
712 1855 769 1910 illis
782 1854 859 1911 nobis
871 1860 937 1911 mut
990 1859 1136 1916 niacorum
1158 1857 1348 1926 sacramentis,
1372 1873 1437 1913 cum
1459 1858 1513 1930 piae
1534 1857 1674 1915 memoriae
1694 1859 1791 1913 Petrus

135 1951 302 2013 commemo,
321 1951 388 2021 quio
401 1964 455 2004 ooo
467 1949 592 2006 humana
613 1956 677 2006 suot
691 1950 738 2006 scd
748 1950 854 2005 diuiso.
868 1952 936 2004 Pro·
992 1952 1121 2009 Damiaui
1143 1951 1289 2008 cardinalis
1300 1950 1437 2008 Ostiensis
1450 1950 1606 2024 episcopus,
1619 1950 1750 2023 religione
1763 1958 1792 2007 et

130 2046 217 2115 prius
231 2059 321 2099 corum
343 2059 415 2099 error
434 2043 599 2110 antecedes
612 2047 661 2113 est,
682 2059 762 2114 quem
778 2044 847 2098 male
857 2045 937 2098 imbi·
992 2045 1147 2103 eruditione
1158 2044 1407 2114 nominatissimus,
1434 2051 1463 2101 et
1475 2044 1504 2099 in
1518 2042 1677 2118 hujusmodi
1700 2044 1791 2102 cauus

137 2138 254 2205 beraotr
276 2153 348 2193 nunc
361 2140 540 2205 sacramenta,
554 2153 614 2208 qua
631 2138 755 2193 similiter
763 2141 920 2208 acceperam
926 2155 936 2205 ,·
991 2139 1194 2211 sagacissimas,
1212 2153 1270 2194 non
1293 2137 1386 2195 minus
1400 2152 1450 2210 per
1462 2137 1633 2194 Simoniacos
1644 2151 1729 2208 quam
1744 2152 1792 2208 per

133 2232 372 2303 quae'adpoeoom
383 2247 460 2287 suam
472 2236 585 2304 portant
598 2236 624 2287 et
637 2232 746 2299 habent,
778 2235 880 2301 quanto
893 2233 936 2287 ia·
992 2232 1061 2289 alios
1075 2231 1216 2288 haereticos
1233 2237 1405 2288 sacramenta
1422 2228 1570 2288 decurrere
1583 2228 1739 2301 probaverit
1764 2231 1793 2286 in

135 2325 251 2395 dipmits
274 2326 383 2388 habent,
399 2324 449 2380 scd
472 2331 562 2381 tomes
573 2325 678 2380 habeat.
992 2325 1062 2382 libro
1075 2341 1138 2395 suo,
1153 2339 1236 2397 quem
1252 2325 1446 2382 Grathtimum
1463 2324 1679 2395 cognominavit.
1694 2324 1793 2381 Sancta
1847 2340 1849 2344 ’

177 2420 249 2474 ltem
264 2418 293 2473 iu
307 2418 478 2490 expositione
496 2433 578 2489 super
595 2418 749 2490 Epistolam
771 2418 799 2474 S.
821 2416 939 2474 Joauois
994 2434 1105 2492 qnoque
1118 2422 1244 2476 Romana
1258 2418 1380 2475 Ecclesia
1403 2417 1527 2474 nonnihil
1540 2433 1588 2475 cos
1602 2424 1792 2475 sacramento-

134 2514 230 2584 (epr'st.
245 2514 324 2567 toan.
340 2516 458 2567 mactatu
475 2516 555 2579 vrr):
579 2513 693 2575 Habere,
719 2511 817 2584 inquit,
847 2512 938 2583 bapti-
993 2530 1056 2570 rum
1081 2513 1180 2569 babere
1195 2511 1403 2576 demonstrarit,
1418 2527 1484 2568 cum
1498 2512 1664 2585 intempore
1687 2512 1793 2570 Nicoloi

135 2621 230 2663 smum
247 2609 273 2661 et
286 2607 374 2661 molus
384 2606 602 2677 potcst3habere
613 2606 800 2677 prophetiam,
815 2606 939 2660 etmotus
995 2621 1071 2678 papae
1089 2606 1174 2679 gratis
1192 2604 1356 2662 ordinatosa
1376 2604 1542 2663 Simoniacis
1562 2606 1591 2662 in
1604 2606 1723 2679 acceptis
1744 2623 1793 2664 or·

136 2703 302 2770 essepolest.
324 2700 599 2757 immimussoulem
618 2715 707 2770 reqem
730 2700 856 2755 hobomse
873 2713 939 2768 pro·
993 2698 1107 2757 dinibus
1127 2700 1287 2771 permanere
1301 2699 1478 2756 concesserit.
1494 2697 1576 2768 Quod
1597 2709 1691 2757 autem
1703 2700 1793 2756 Simo·

132 2795 273 2866 portiom,
288 2795 339 2864 qui
356 2794 564 2864 persequebatur
581 2797 704 2849 saucium
727 2793 831 2860 Daoid3
850 2796 876 2847 et
886 2795 938 2846 im·
994 2792 1064 2850 niaci
1085 2801 1256 2850 sacramenta
1271 2791 1373 2848 babere
1384 2790 1524 2859 dicuutur,
1538 2807 1595 2848 non
1610 2792 1645 2849 ad
1659 2791 1795 2849 honorem

134 2889 232 2960 pietus
240 2887 557 2959 estspirilttprophetioe,
570 2887 866 2959 etprophetarecmpit.
881 2885 937 2941 Ac·
994 2902 1102 2955 eorum,
1122 2885 1169 2943 sed
1182 2883 1219 2942 ad
1243 2884 1442 2942 contumellam
1463 2892 1505 2941 est
1517 2883 1705 2954 relerendum,
1728 2901 1795 2944 cum

138 2984 232 3053 cepere
252 2984 581 3052 sacramentumcorporis
599 2982 777 3051 etsooquinis
794 2982 939 3037 llomt'oiet
993 2988 1073 3037 tanto
1096 2979 1182 3053 mame
1204 2979 1330 3052 sacrilegi
1347 2977 1526 3051 deputentur,
1549 2986 1653 3052 quanto
1672 2979 1792 3039 sanctius

136 3075 231 3131 malus
251 3079 348 3146 potest.
366 3076 480 3133 Nomde
494 3076 596 3131 talibus
609 3075 761 3131 dictumest
775 3075 848 3142 :Qui
862 3089 939 3129 mao-
996 3074 1126 3148 estquod
1142 3080 1237 3131 eontra
1251 3072 1293 3130 iss
1313 3081 1341 3130 et
1358 3073 1405 3146 jas
1420 3087 1552 3146 usurpare
1579 3089 1636 3129 non
1655 3080 1793 3132 verentur.
1906 3076 1909 3089 '

137 3170 230 3225 ducat
252 3172 278 3224 at
303 3168 369 3225 bibit
388 3169 502 3239 iodipnc
521 3171 547 3237 (I
559 3168 619 3224 Gor.
648 3173 702 3234 xr).
718 3168 822 3225 Habere
846 3182 941 3223 nomeu
959 3138 1036 3226 clio
1058 3183 1146 3241 usque
1160 3176 1269 3225 tentum
1290 3165 1441 3223 humanam
1454 3166 1618 3238 pravitatem
1632 3167 1737 3239 insequi
1748 3167 1796 3225 de·

140 3262 260 3332 Christi,
271 3266 297 3318 et
306 3263 393 3318 molus
403 3277 457 3319 csse
467 3267 564 3333 potest,
577 3263 607 3318 id
616 3266 665 3327 cst,
673 3262 842 3319 Christianus
850 3262 943 3317 uocari
995 3262 1103 3332 bemus,
1112 3276 1157 3330 ne,
1165 3261 1244 3333 Juxta
1251 3260 1449 3333 hugtmtloum,
1459 3259 1560 3318 divinis
1567 3260 1705 3335 mysteriis
1713 3263 1796 3319 sacri·

140 3360 170 3413 et
183 3356 274 3413 maists
286 3371 344 3412 esse
355 3360 451 3428 potest.
479 3360 520 3411 De
528 3356 628 3427 quibus
639 3356 742 3412 dictum
753 3360 814 3412 est:
840 3355 943 3410 Pollue-
995 3356 1084 3429 legam
1098 3353 1383 3427 iacimusinjuriam,
1407 3369 1468 3425 qnae
1489 3355 1625 3426 pravitate
1646 3356 1794 3412 bominum

142 3451 214 3507 bant
230 3451 435 3507 mommlleisui
448 3450 555 3517 (Erech,
571 3456 687 3520 xxxvii.
704 3450 941 3519 Erqohabereso-
996 3447 1169 3506 nullomodo
1189 3446 1330 3519 depravari
1355 3454 1514 3519 potuerunt.
1644 3435 1646 3439 ’

139 3547 282 3601 momento
295 3545 350 3599 isto
379 3545 481 3613 omnim
501 3544 631 3599 timolus
650 3558 705 3600 esse
720 3547 824 3615 potestr
848 3542 942 3598 holme
1032 3542 1087 3601 Sed
1099 3551 1127 3600 et
1138 3550 1310 3600 sacramenta
1324 3541 1528 3616 neophytorum
1542 3542 1714 3617 proscribere
1736 3559 1793 3602 nou
1842 3594 1845 3599 .

140 3642 238 3694 omem
257 3637 427 3706 chmitolcm,
443 3641 469 3693 et
486 3638 579 3692 motus
589 3652 643 3693 esse
655 3640 815 3707 ooopotest.
828 3637 899 3692 ltem
909 3633 944 3692 ad
997 3634 1142 3704 audemus,
1167 3652 1287 3709 quorum
1298 3634 1485 3694 ordinationes
1504 3637 1593 3693 sancti
1607 3639 1702 3694 Patres
1720 3645 1795 3697 ratas

141 3731 299 3788 Emeritam
321 3729 688 3801 haereticumwomotistom]
710 3732 789 3802 epist.
823 3732 875 3785 llil
894 3727 943 3785 sub
998 3745 1056 3787 esse
1069 3738 1246 3799 censuerunt,
1260 3745 1325 3787 cum
1340 3745 1389 3788 eos
1411 3738 1556 3802 acceptum
1574 3729 1700 3788 ordinem
1709 3730 1794 3788 admi·

138 3827 236 3897 fiam)
248 3841 256 3881 t
269 3826 332 3894 Vos,
350 3823 451 3897 inquit,
461 3825 611 3880 mutamini
625 3840 659 3881 cc
670 3839 703 3880 ea
714 3828 806 3896 porte,
821 3839 879 3894 qua
890 3823 945 3879 dis·
997 3824 1113 3882 nistrare
1122 3825 1320 3897 permitterent.
1337 3823 1410 3880 ilinc
1421 3822 1582 3881 beatusIJeo
1596 3840 1665 3896 popa
1678 3824 1795 3897 primus,

140 3917 316 3985 uomebotm
350 3919 473 3989 quamuis
502 3922 680 3984 sacramento,
717 3934 778 3989 qum
812 3918 943 3981 habebat,
998 3922 1085 3990 (epist.
1108 3917 1594 3990 nxxxv11)scribensadepiscopos
1612 3918 1795 3988 Mauritania,

141 4026 207 4068 etan
218 4012 311 4067 eodem
324 4014 419 4068 sintin
431 4012 564 4083 omuibus,
581 4016 675 4068 sonato
687 4013 753 4068 sint.
775 4014 945 4083 Quapropter
998 4012 1106 4086 eosqui
1121 4028 1155 4070 er
1169 4012 1245 4069 laicis
1260 4011 1378 4069 ordinati
1399 4018 1464 4069 sunt
1489 4011 1518 4069 in
1541 4011 1636 4069 ordine
1658 4012 1795 4069 concessit

140 4107 318 4164 nos-mutari
332 4106 482 4162 solumuso
491 4107 681 4177 peruersitate,
694 4106 726 4160 id
739 4110 789 4175 est,
807 4109 838 4159 ut
856 4105 944 4161 denuo
964 4154 967 4161 .
998 4121 1167 4180 permanere.
1190 4107 1259 4163 ltem
1295 4108 1323 4162 s.
1351 4105 1517 4163 Ambrosius
1537 4106 1566 4162 in
1588 4106 1686 4163 ordine
1713 4121 1795 4178 quem

140 4201 284 4259 radicetur
295 4203 522 4271 oestropraect'sio.
538 4201 610 4259 Nom
623 4203 801 4264 sacramenta,
816 4215 876 4271 qua
891 4215 944 4254 noo
997 4199 1153 4273 neophytus
1167 4207 1261 4272 utpote
1273 4198 1300 4255 in
1310 4207 1405 4256 octava
1413 4199 1456 4256 die
1472 4207 1533 4273 post
1543 4198 1710 4272 baptismum
1719 4214 1797 4256 acoe-

140 4295 275 4352 metastis
282 4295 351 4350 sicut
364 4294 478 4362 habetis,
489 4293 799 4365 approbanturotrobt's,
809 4308 842 4349 rte
860 4294 941 4360 forte,
998 4293 1047 4366 pit,
1056 4294 1091 4361 [s.
1103 4292 1135 4364 si]
1145 4307 1230 4364 ueque
1239 4291 1273 4348 ad
1283 4291 1368 4348 finem
1378 4291 1441 4350 vitm
1450 4295 1509 4349 Deo
1516 4292 1598 4366 digne
1607 4292 1698 4349 divina
1708 4308 1795 4349 sacra·

140 4404 207 4446 cras
226 4388 340 4444 cosham
351 4386 516 4458 pravitatem
529 4387 662 4458 corripere
672 4385 806 4458 uolumus,
819 4386 875 4443 ilh‘r
883 4403 942 4457 mp-
997 4394 1090 4443 menta
1104 4382 1271 4442 ministravit
1280 4387 1416 4453 (Ptousa.
1428 4386 1457 4440 io
1470 4386 1537 4442 Vita
1543 4385 1796 4449 S.Ambroeirl.lioc

142 4482 240 4541 sturm
266 4480 379 4545 christi,
393 4496 454 4552 qum
464 4483 494 4535 io
515 4486 606 4537 oestro
623 4484 765 4552 pronitate
782 4483 944 4555 ‚depromta
1001 4481 1096 4553 utique
1109 4495 1160 4537 nec
1174 4479 1231 4553 ipse
1244 4487 1354 4536 sanctus
1366 4479 1531 4536 Ambrosius
1543 4478 1655 4547 iaceret,
1670 4493 1719 4534 nec
1732 4477 1796 4534 alibi

142 4593 204 4635 mou
231 4580 303 4647 sunt,
330 4576 492 4646 sacrileqam
510 4578 646 4644 saciomus
664 4576 807 4647 iniurium.
829 4576 905 4633 Idem
919 4575 948 4632 in
1002 4575 1089 4632 sancti
1104 4578 1199 4632 Patres
1220 4574 1282 4630 lieri
1297 4572 1497 4646 permitterent,
1512 4571 1693 4645 sincophptis
1707 4587 1797 4628 sacro·

142 4670 325 4730 lib.rcontra
345 4670 503 4726 Donatistae
522 4675 703 4741 (cap.1111):
722 4673 765 4728 Sic
785 4675 811 4726 et
831 4671 948 4737 illaesa·
1000 4677 1122 4726 mentum
1152 4668 1337 4726 ordinationis
1363 4667 1472 4738 penitus
1503 4665 1622 4723 doluisse
1642 4665 1794 4725 crederent.

144 4766 300 4829 eramenta)
319 4779 380 4835 quo
392 4765 557 4820 schismatici
576 4770 602 4821 et
614 4766 741 4834 haretici,
764 4767 850 4820 simon
867 4765 948 4820 aliter
1000 4765 1110 4820 liorum
1124 4769 1216 4819 autom
1231 4761 1389 4818 auctoritati
1401 4759 1446 4817 illa
1464 4761 1588 4831 exempla
1597 4760 1632 4817 de
1647 4762 1797 4820 annulatio·

144 4858 307 4915 habcmmc
327 4859 409 4913 aliter
421 4863 504 4928 aqum
519 4875 602 4929 quom
615 4874 680 4914 ocra
695 4856 823 4922 Ecclesia,
840 4858 948 4914 mmcd
1000 4872 1035 4914 ne
1052 4855 1208 4928 hujusmodi
1224 4862 1461 4913 sacramentorum
1485 4862 1653 4928 anteponere
1666 4871 1796 4928 nonpos-

145 4967 200 5010 rtos
224 4954 343 5015 omium,
358 4966 411 5007 nort
433 4954 619 5022 emendarem,
634 4953 681 5009 sed
700 4952 891 5024 approbamus.
1000 4966 1106 5020 sumus,
1122 4965 1185 5023 quae
1202 4965 1261 5006 non
1273 4946 1308 5007 de
1327 4948 1448 5021 antiquis
1457 4948 1505 5006 sed
1521 4949 1719 5007 recentioribus
1730 4966 1795 5007 mu·

185 5050 229 5105 Er
246 5047 290 5106 bie
312 5064 377 5122 ergo
402 5048 546 5105 sententiis
566 5048 770 5106 evidentissime
794 5047 948 5106 declaratur
1001 5045 1099 5102 tuastis
1110 5043 1283 5117 temporibus
1297 5059 1305 5100 ε
1320 5043 1346 5100 in
1357 5042 1466 5116 quibus,
1480 5043 1599 5116 inquam,
1615 5043 1796 5119 temporibus,

145 5142 236 5202 etiam
250 5151 325 5199 extra
339 5141 488 5199 Ecclesiam
503 5157 561 5199 esse
576 5143 629 5199 Dei
645 5151 827 5212 sacramenta,
843 5159 906 5199 cum
920 5143 948 5199 in
1002 5139 1197 5196 multaoontra
1216 5137 1257 5195 fes
1270 5136 1353 5211 ctjus
1374 5146 1505 5210 usurpata
1522 5138 1705 5212 reperiuntur,
1735 5153 1797 5211 quse

144 5236 292 5296 conversis
304 5252 361 5293 non
380 5236 525 5306 iterentur,
543 5236 591 5293 sed
613 5237 703 5309 potius
716 5244 776 5294 rata
797 5252 858 5295 esse
874 5235 948 5311 judi·
1002 5233 1090 5307 magis
1108 5232 1260 5307 respuenda
1280 5243 1363 5305 quam
1378 5232 1406 5288 in
1432 5232 1588 5305 exemplum
1610 5232 1734 5289 ducenda
1756 5231 1797 5287 ri-

145 5338 259 5389 oentur.
280 5329 383 5388 lisdem
395 5338 490 5387 autem
509 5329 578 5387 ratio
594 5330 670 5388 etde
689 5330 862 5388 ordinatione
874 5339 901 5389 ct
914 5330 949 5387 de
1002 5328 1113 5385 dentur.
1128 5330 1188 5400 lpse
1198 5325 1278 5384 etiam
1292 5328 1436 5383 Romanus
1448 5324 1613 5383 Pontificalis
1626 5325 1715 5398 (966),
1726 5325 1799 5382 ande

146 5423 290 5498 baptismo
299 5423 366 5482 loris
386 5432 498 5496 accepto
512 5424 629 5482 tenenda
642 5433 693 5482 est.
709 5425 879 5498 deminuta
894 5428 950 5481 Au·
1003 5422 1047 5480 illa
1065 5420 1190 5496 exempla
1209 5420 1369 5494 protulistis,
1384 5434 1573 5491 sepenumero
1598 5434 1655 5476 non
1676 5419 1713 5477 ita
1735 5419 1800 5475 isci-

146 5518 309 5594 auduom,
319 5518 389 5575 ualli
406 5523 569 5575 samomeato
582 5520 692 5591 injurio
706 5520 834 5589 tumendo
854 5523 902 5576 est.
922 5518 950 5576 si
968 5516 1073 5597 ‚enda
1092 5529 1178 5588 quarn
1200 5514 1271 5572 lacta
1291 5514 1422 5571 historica
1436 5512 1609 5585 simplicitate
1630 5508 1798 5586 pretioribi13

147 5610 273 5673 discedit
293 5612 418 5683 smalh,
430 5620 581 5687 utrumque
602 5612 732 5682 discedlt3
759 5613 783 5671 si
810 5621 951 5687 permanet
1003 5626 1055 5668 nec
1067 5611 1158 5667 solum
1179 5608 1315 5683 legitimas
1328 5606 1525 5675 institutiones,
1545 5606 1595 5665 sed
1611 5614 1638 5665 et
1650 5606 1802 5664 nonnullo·

188 5730 268 5801 (⁹6⁵)
277 5727 535 5799 Wid0,seuGuido
542 5730 684 5803 minus,
693 5730 740 5803 qui
748 5729 857 5803 scripsit
865 5730 951 5789 libros
1040 5726 1115 5798 (966)
1134 5727 1218 5785 Liber
1236 5723 1392 5781 historicus.

148 5798 190 5859 de
214 5799 330 5858 musica.
346 5798 415 5858 Vide
433 5802 686 5874 suon.,tom.11,
702 5816 767 5861 ann.
784 5806 862 5859 1022.

298 5889 418 5949 Parnon.
439 5890 569 5949 Cbbvlll.
1600 5888 1647 5945 'ii
