3870 6164
597 240 739 298 trauan.
762 241 806 296 iil.
826 270 861 281 -
879 240 1088 297 MONUMENTA
1106 242 1337 333 casacutulam.

417 597 896 712 sanonum
927 598 1513 717 Presserunt

272 851 339 970 lli
385 852 624 972 titillat
670 854 1245 978 uiitdttlttttttttitt
1292 860 1665 995 caliditati,

543 1134 608 1210 DE
649 1135 1091 1218 RECONCILIATIONE
1131 1135 1394 1220 LtPsthrt

926 1327 958 1365 ET
977 1327 1010 1365 DE

232 1434 485 1527 'mustitanum
506 1461 686 1539 caaoaupt,
707 1462 953 1531 DECRETORUM,
975 1464 1232 1537 autumnitati,
1254 1467 1468 1538 tascauuuuu
1487 1471 1691 1529 PONTlFiCUM

743 1555 959 1615 auuaaoattlt
977 1558 1214 1615 acerontinus

874 1727 1059 1817 LIBER

582 1914 669 1975 Nunc
677 1914 814 1994 primum
829 1934 869 1976 ea
879 1916 1004 1977 tenebris
1019 1921 1051 1976 in
1066 1916 1160 1979 lucem
1170 1919 1351 1980 uindicatus.

886 2099 1045 2114 m

866 2229 1058 2292 LECTORI.

173 2387 242 2456 Quis
269 2385 362 2454 fuerit,
392 2397 419 2445 et
433 2404 495 2462 quaa
508 2389 649 2462 scripserit
673 2389 824 2447 Beroaldus
848 2389 1066 2446 Constantieosis
1090 2390 1242 2463 presbyter,
1267 2389 1362 2447 docuit
1375 2392 1519 2449 Gretserus
1536 2392 1564 2448 iu
1586 2394 1720 2466 Apologia
1743 2410 1793 2467 pro
1852 2446 1856 2461 ἱ

135 2480 273 2554 Gregorio
298 2483 358 2537 vtt.
374 2482 423 2538 Cui
445 2483 526 2538 etiam
549 2484 623 2538 varia
646 2483 777 2539 Bemaldi
797 2485 926 2555 opuscula
942 2500 990 2556 pro
1004 2483 1137 2554 Gregorio
1151 2483 1248 2540 eodem
1264 2485 1389 2556 pontifice
1404 2495 1500 2541 contra
1515 2486 1712 2555 schismaticos,
1729 2498 1795 2545 aute

135 2591 280 2647 nunquam
308 2576 375 2644 risa,
390 2576 515 2632 inseruit.
543 2579 650 2633 Interea
674 2577 790 2632 numine
815 2578 996 2634 bonoamico
1019 2593 1052 2632 cx
1077 2575 1198 2632 tenebris
1212 2579 1323 2634 emersit
1345 2586 1373 2634 et
1399 2580 1449 2634 iste
1474 2580 1521 2651 qui
1540 2597 1614 2637 nunc
1639 2580 1795 2652 publicatur

136 2669 312 2737 tractatulus,
326 2686 421 2742 quem,
445 2680 475 2726 ut
499 2669 633 2726 vindicem
648 2671 808 2742 Gregoriaoi
829 2671 949 2727 nominis
963 2679 991 2727 et
1011 2668 1133 2738 honoris,
1149 2670 1386 2737 cumortbodoxo
1400 2671 1501 2727 lectore
1515 2674 1721 2731 communicare
1735 2690 1792 2731 ooo

136 2763 308 2819 distulimus.

174 2855 361 2925 Gebebardns‚
376 2872 459 2928 quem
483 2858 557 2914 brevi
578 2857 727 2931 praeloquio
744 2858 902 2930 alloquitur,
924 2857 1039 2916 iomitan
1063 2859 1108 2915 ilie
1127 2858 1181 2915 erit
1200 2858 1234 2914 de
1257 2873 1313 2930 quo
1338 2855 1492 2913 Beroaldus
1514 2858 1542 2912 in
1568 2873 1619 2913 suo
1642 2850 1817 2928 Chronico,¹

138 2966 214 3006 anno
237 2957 315 3006 1098.
332 2951 489 3006 Gebiurdus
506 2952 557 3020 (sic
577 2952 651 3006 enim
667 2950 823 3024 legendum,
839 2967 894 3007 noo
909 2961 940 3008 ut
954 2953 1109 3010 Urstisiaua
1125 2954 1221 3021 editio,
1235 2953 1399 3020 Gericrdus)
1410 2953 1573 3008 uenerabilis
1585 2954 1668 3008 abbas
1678 2954 1792 3022 Solmis-
1899 3018 1903 3025 ι

134 3052 241 3105 userist's
253 3065 304 3123 prq
321 3050 474 3104 bumilitate
489 3051 574 3104 iocum
587 3066 676 3117 suum,
693 3055 827 3104 annuente
841 3050 950 3103 domino
967 3063 1055 3120 papa,
1069 3049 1184 3116 dimisit,
1199 3053 1224 3103 et
1236 3049 1270 3102 ub
1286 3050 1345 3117 ipso
1358 3050 1563 3114 concessionem,
1577 3052 1608 3101 ut
1623 3048 1693 3101 clius
1706 3048 1792 3102 eidem

137 3144 196 3198 ioco
219 3144 303 3198 abbas
325 3146 514 3213 preficeretur,
538 3146 702 3214 impetrauit.
718 3146 795 3206 Item,
820 3158 888 3197 anno
905 3144 985 3205 itud,
1002 3142 1174 3197 Gebebcrdus
1194 3142 1353 3197 ceomubiiis
1368 3141 1464 3209 odim,
1479 3143 1528 3211 qui
1536 3141 1644 3210 pridem
1657 3141 1794 3207 Schoflbu

135 3252 242 3293 sensero
263 3237 401 3291 abbatiam
416 3253 465 3307 pro
481 3241 534 3292 Deo
553 3238 669 3301 dimisit,
693 3243 718 3293 ei
736 3237 786 3293 icoc
799 3254 859 3292 cum
873 3239 1031 3292 erectoritulc
1044 3237 1147 3292 demini
1164 3236 1268 3292 Urbani
1278 3251 1358 3307 popu
1371 3236 1586 3304 Hierosolymam
1599 3250 1657 3289 mm
1673 3235 1795 3288 exercitu

138 3330 358 3387 Christianorum
377 3333 469 3400 petiit,
489 3334 538 3400 qui
555 3337 617 3401 post
636 3333 733 3387 multos
748 3332 851 3386 iabores
873 3333 1007 3385 ciuitatem
1021 3330 1203 3392 obtinuerunt,
1226 3334 1251 3384 et
1262 3330 1392 3400 proedicto
1405 3329 1505 3383 abbati
1518 3329 1669 3398 sepulcrum
1690 3329 1795 3383 Bomim

139 3424 344 3480 custodiendum
358 3427 554 3479 commiserunt.
875 3421 877 3425 ’

174 3519 261 3573 Porro
276 3517 407 3590 quidquid
424 3517 451 3572 in
477 3517 530 3572 hoc
553 3518 684 3588 opusculo
708 3517 860 3573 Beroaldus
882 3516 1015 3588 disputat,
1040 3515 1114 3572 ideo
1137 3514 1225 3573 tendit
1247 3524 1279 3571 ut
1291 3516 1417 3571 ostendat
1429 3516 1556 3588 Gregorii
1570 3518 1620 3570 vlt
1635 3522 1663 3571 et
1675 3513 1793 3571 aliorum

133 3611 321 3666 recentiorum
354 3610 516 3682 pontificum
542 3610 659 3666 decretis
688 3626 744 3666 oon
783 3611 918 3666 minorem
944 3611 1133 3677 reverentiam,
1159 3609 1361 3665 observantiam
1385 3618 1413 3664 et
1436 3609 1622 3665 obedientiam
1642 3608 1734 3665 deberi
1762 3624 1793 3664 ac

135 3704 251 3761 statutis
267 3712 391 3760 veterum
406 3704 569 3776 pontificum
593 3712 622 3760 ct
635 3690 829 3771 conciliorum;
848 3721 880 3760 ac
893 3713 1035 3776 propterea
1056 3704 1307 3760 excommunicatos
1331 3712 1397 3759 tuuc
1420 3719 1435 3758 a
1456 3702 1519 3758 sede
1532 3702 1681 3774 apostolica
1695 3701 1793 3758 merito

135 3797 231 3862 ritari;
246 3813 370 3853 reversos
381 3806 485 3866 tameo,
500 3797 540 3853 vei
556 3797 591 3853 ad
605 3798 748 3854 meliorem
763 3805 886 3853 mentem
897 3797 998 3852 reverti
1010 3796 1161 3869 cupientes,
1174 3797 1235 3868 jure
1254 3796 1339 3870 recipi
1354 3805 1382 3852 et
1396 3795 1472 3851 venia
1487 3795 1600 3865 donari,
1616 3802 1694 3851 eraut
1717 3795 1791 3850 enim

134 3889 185 3965 qui
199 3905 228 3946 se
241 3890 324 3964 lapsis
339 3891 365 3946 io
387 3891 508 3947 schisma
524 3891 665 3963 rigidiores
680 3907 766 3964 quam
779 3890 924 3964 oportebat
938 3889 1100 3961 praeberent.

172 4194 332 4252 Domiooac
343 4195 490 4252 venerabili
503 4196 866 4268 Gonnosnnocvaogelicae
877 4211 935 4267 per·
952 4201 979 4265 Α
994 4196 1129 4252 sesaltem
1145 4196 1179 4250 ab
1192 4211 1289 4250 eorum
1313 4195 1440 4266 contagio
1463 4193 1617 4249 immunem
1643 4191 1791 4248 custodiat.

135 4288 267 4347 iectionis
290 4290 350 4345 viro
370 4292 556 4346 Bruttianus
578 4291 636 4345 solo
651 4290 767 4345 nomine
787 4289 938 4360 presbyter,
993 4288 1197 4359 omnipotentis
1221 4288 1273 4343 Dei
1296 4286 1484 4343 misericordia
1512 4301 1560 4341 vos
1582 4301 1690 4356 semper
1716 4286 1793 4340 ioco-
1834 4354 1843 4363 1

133 4397 194 4439 oon
219 4382 354 4451 moribus,
381 4392 443 4455 post
470 4382 654 4438 transitoriam
680 4382 762 4454 hujus
795 4383 856 4439 vitae
889 4397 937 4454 pe·
994 4382 1098 4437 lumem
1112 4381 1253 4453 nostrique
1274 4392 1428 4435 memorem
1442 4386 1576 4451 protegat,
1589 4377 1690 4434 domne
1707 4377 1792 4435 irater
1864 4430 1871 4437 .

132 4476 361 4550 regriuatiooem,
387 4476 509 4532 coelestis
539 4475 635 4547 patriae
665 4485 798 4532 aeternam
832 4491 939 4548 posses·
994 4475 1192 4532 amantissime.
1218 4497 1230 4522 ν

133 4569 254 4625 ‘5⁰⁰⁰‘st
1030 4590 1169 4658 Quantum
1200 4603 1233 4643 er
1258 4584 1472 4658 apostolicorum
1500 4585 1624 4641 virorum
1651 4583 1794 4641 sententiis

175 4682 247 4735 alte
261 4680 413 4751 periculosa
425 4679 731 4736 excommunicatorum
744 4681 940 4738 communione
995 4681 1122 4752 colligere
1134 4681 1285 4752 potuimus,
1310 4687 1366 4734 tres
1387 4686 1452 4734 sunt
1475 4693 1597 4749 personae
1619 4693 1688 4750 quas
1708 4678 1794 4735 mucti

138 4771 264 4836 vitanda,
298 4773 325 4828 in
359 4781 492 4844 quantum
526 4774 680 4845 potuimus,
705 4783 803 4829 vestrae
817 4775 941 4845 petitioni
995 4778 1091 4832 Patres
1111 4774 1197 4829 nostri
1218 4773 1269 4829 sub
1289 4771 1573 4829 excommunicatione
1586 4772 1699 4828 multari
1711 4781 1795 4829 nota-

136 4865 283 4923 scribendo
295 4865 451 4922 satisfacere
464 4865 631 4922 studuimus.
648 4866 700 4924 Sed
715 4866 809 4923 etalio
824 4867 941 4939 adjicere
994 4877 1101 4924 verunt.
1123 4867 1311 4938 Principaiiter
1330 4864 1441 4937 quidem
1461 4865 1517 4938 ipse
1529 4865 1793 4934 excommunicatus,
1880 4896 1886 4917 t

137 4976 196 5015 ooo
222 4961 308 5032 piguit
332 4976 394 5032 quaa
419 4975 476 5015 oon
500 4959 591 5016 minus
612 4959 688 5017 vobis
713 4960 844 5032 placitura
858 4971 940 5033 puta·
996 4962 1042 5035 qui
1066 4960 1218 5032 specialiter
1240 4960 1275 5016 ab
1297 4959 1482 5016 ecclesiastica
1501 4960 1697 5017 communione
1719 4959 1795 5032 judi·

137 5054 238 5121 rimus,
269 5052 393 5110 videlicet
419 5052 486 5124 quid
510 5054 547 5109 sit
569 5053 777 5125 intelligendum
792 5054 826 5109 de
850 5055 941 5125 rigore
995 5055 1069 5111 cario
1081 5053 1176 5111 ordine
1200 5064 1342 5125 separatus
1355 5062 1405 5109 est.
1426 5053 1533 5111 Deinde
1552 5053 1642 5111 iautor
1662 5054 1732 5126 ejus,
1748 5054 1795 5126 qui

137 5162 280 5203 monum
294 5162 376 5217 super
389 5146 565 5203 damnatione
578 5147 633 5203 sire
655 5146 828 5219 depositione
850 5147 941 5219 lapso·
995 5151 1020 5206 ei
1056 5149 1129 5204 intus
1165 5157 1194 5203 et
1213 5148 1335 5204 exterius·
1371 5146 1542 5204 assentiendo
1561 5155 1590 5203 et
1621 5147 1795 5218 cooperando

138 5255 215 5297 rum.
241 5242 324 5308 item,
349 5239 384 5296 dc
406 5240 625 5296 reconciliatione
650 5256 746 5297 eorum
761 5241 939 5297 sivehaereti·
995 5241 1087 5300 favere
1106 5257 1164 5298 non
1187 5251 1304 5298 veretur.
1321 5244 1401 5310 item,
1424 5249 1452 5297 et
1468 5241 1685 5297 communicator
1698 5240 1795 5310 ipsius,

137 5348 251 5390 corum.
283 5336 325 5388 De
361 5332 461 5405 quibus
497 5333 626 5390 omnibus
653 5349 711 5389 oon
741 5342 860 5401 nostras,
893 5335 942 5392 sed
997 5336 1055 5409 qui,
1081 5336 1131 5392 etsi
1150 5335 1210 5407 ejus
1239 5334 1325 5391 errori
1346 5351 1375 5391 se
1396 5335 1528 5391 assentire
1541 5347 1596 5389 non
1617 5331 1735 5403 detegat,
1759 5330 1794 5387 ab
1867 5314 1875 5325 ”

137 5433 300 5484 sauctorum
325 5428 439 5483 Patruus
461 5427 612 5483 sententias
635 5426 751 5483 fideliter
770 5429 938 5500 collegimus.
994 5430 1053 5500 ejus
1065 5437 1161 5485 mosen
1177 5444 1206 5485 so
1226 5429 1422 5484 communione
1436 5441 1493 5483 nco
1508 5433 1625 5496 separat.
1644 5424 1698 5481 Sed
1718 5433 1746 5482 et
1769 5424 1795 5481 bi

127 5520 249 5576 -Borum
271 5519 347 5576 enim
366 5536 463 5576 rerum
487 5518 683 5589 consideratio,
699 5529 796 5577 nostro
821 5521 939 5593 tempori
996 5537 1093 5578 omnes
1114 5521 1224 5577 audiant
1237 5521 1304 5594 quid
1318 5522 1415 5577 beatus
1434 5518 1558 5577 Gelasius
1582 5533 1652 5591 papa
1673 5519 1795 5576 scribens

138 5613 261 5670 maome
285 5613 448 5680 necessaria,
473 5613 504 5669 in
517 5628 572 5685 quo
600 5619 693 5669 sancta
717 5614 838 5670 Ecclesia
868 5615 940 5671 inter
956 5585 980 5647 B
996 5614 1180 5672 Orientalibus
1199 5614 1333 5687 episcopis
1343 5613 1415 5670 dicat
1434 5632 1469 5668 a«
1484 5613 1600 5680 Omnes,
1611 5613 1708 5684 inquit,
1720 5627 1796 5667 ccm-
1862 5644 1866 5657 ›

140 5707 396 5779 excommunicatos
405 5715 434 5763 et
444 5707 591 5765 damnatos
600 5722 683 5778 supra
695 5705 810 5763 modum
825 5708 940 5776 laborat,
996 5708 1090 5781 plices,
1116 5718 1276 5777 sectatores,
1294 5706 1543 5763 communicatores
1557 5706 1695 5762 damnatae
1709 5706 1794 5762 semei
1870 5724 1880 5791 p

140 5808 174 5856 ut
188 5799 230 5856 rel
255 5815 353 5857 eorum
376 5800 495 5873 aliquem
519 5800 548 5855 in
566 5801 658 5857 sinum
673 5816 754 5855 suum
767 5800 886 5870 recipiat,
901 5802 942 5859 vel
996 5801 1138 5873 pravitatis
1155 5803 1211 5876 pari
1224 5808 1298 5856 sorte
1319 5809 1477 5857 censentur.
1497 5822 1511 5849 ι
1529 5801 1566 5855 Et
1589 5807 1650 5870 post
1671 5812 1759 5871 pauca
1787 5818 1795 5857 a
