3884 6158
146 253 215 308 {22⁷
647 246 694 303 ΑΙ)
711 245 824 301 OPERA
843 244 870 301 S.
890 238 1052 300 aataoatt
1067 240 1285 301 reambiens.
1723 242 1788 299 md

144 376 264 450 legimus
277 381 378 445 (luel),
395 389 451 432 non
464 374 493 430 8.
508 371 657 430 Aurelium
671 375 774 441 (108⁵),
789 364 867 443 erjru
879 385 939 427 cor·
952 372 980 437 Α
992 367 1167 441 promiserit:
1183 364 1788 437 lasemimtaobeaedioertturootaeaqerteri

146 487 199 543 pua
211 471 362 543 Hiraaugirc
375 468 503 529 fovemus
514 487 522 535 ;
532 466 583 524 ista
594 467 669 525 enim
681 473 802 533 mnsam,
813 466 843 521 in
854 480 941 537 quan·
995 463 1069 530 (deo.
1086 466 1179 530 ιιιι.)
1192 462 1246 519 Sed
1259 470 1288 520 et
1301 456 1439 546 quoslibet
1448 459 1595 519 baereticos
1610 459 1669 517 sire
1681 474 1789 517 excom

146 569 252 618 tumea
267 559 411 617 Chronicit
432 558 726 634 colligerepotuimm,
739 565 803 613 anto
814 564 941 628 tempora
996 556 1154 615 manicatos
1169 548 1249 629 juata
1272 555 1477 612 onerationem
1507 554 1556 612 SS.
1584 556 1705 611 Patriam
1727 552 1791 611 iorit

147 656 250 713 horum
260 652 476 727 apostolicorum
501 651 629 725 migrarit
641 650 678 708 ad
701 649 865 707 Dominum.
883 651 942 705 Nae
996 666 1056 708 esse
1069 649 1326 707 nondubitabimus
1341 670 1351 707 e
1364 646 1465 722 quibus
1483 646 1579 722 procul
1605 647 1694 705 dubio
1711 647 1791 706 nius

146 748 320 822 unquamita
338 742 898 811 Deoaunuenteareritatodeviabimut,
911 750 943 798 ut
994 753 1083 815 esset,
1111 758 1254 817 nunquam
1277 742 1429 803 Eccledam
1445 742 1576 810 intrasse,
1607 756 1697 815 quam
1717 741 1791 815 jusu

146 842 266 916 aliqmm
275 841 357 898 simul
366 850 395 899 et
409 850 538 898 sanetum
550 835 859 897 etercommunicatum
874 835 943 893 dica
997 839 1174 912 Evangelium
1188 837 1273 910 dupio
1284 835 1372 894 iactos
1382 851 1443 893 essa
1456 836 1528 893 lilios
1538 834 1791 911 gebeuutelllottb

146 952 221 994 mus.
235 939 308 994 liam
318 935 437 1009 juxtali.
452 930 942 1007 Augrrntnumablscclesiareporati
997 931 1097 1004 xant).
1124 935 1187 1004 lpse
1214 945 1323 1005 quoque
1346 930 1375 987 S.
1403 930 1575 1002 Augustinus
1602 928 1794 988 schisrnaticot

146 1046 321 1104 nequaquam
345 1030 447 1103 sanem,
466 1028 516 1087 sed
529 1037 634 1087 aeterno
654 1025 944 1085 incendioereduntur
995 1035 1072 1083 extra
1086 1025 1236 1084 Ecclesiam
1254 1040 1314 1083 esse
1324 1038 1515 1097 saepenumero
1537 1023 1669 1093 asseruit,
1682 1022 1750 1080 licet
1761 1021 1795 1081 de

101 1114 106 1121 ’
148 1124 336 1198 mancipandi.
995 1119 1197 1177 universalitate
1205 1116 1795 1191 aoendanmquamdubiuverit.tstrrgo

181 1222 247 1277 liv.
265 1219 294 1276 Si
318 1217 426 1291 egregio
446 1215 555 1273 doctori
583 1223 611 1272 at
630 1214 792 1272 fidelissimo
816 1212 941 1285 martyri,
996 1214 1035 1271 ita
1063 1213 1293 1287 intelligendum,
1312 1221 1437 1270 sanctam
1465 1211 1620 1270 licelesiam
1649 1226 1717 1269 esse
1746 1226 1795 1287 per

146 1314 228 1370 beato
253 1312 365 1384 inquam
387 1311 536 1385 Cypriane,
567 1308 681 1369 eredere
702 1309 841 1376 volumus,
870 1305 942 1378 apud
996 1323 1093 1366 omnes
1103 1316 1200 1381 gentes
1212 1306 1341 1364 diffusam
1358 1307 1388 1362 in
1395 1305 1529 1363 membris
1541 1306 1615 1376 suisr
1630 1306 1795 1387 nonutique

141 1379 315 1465 liuiberturir
337 1413 364 1462 et
385 1404 605 1478 eiuscomplices
626 1402 775 1460 Ecclesiam
788 1401 943 1458 nullatenus
996 1402 1105 1470 inillis,
1128 1403 1178 1475 qui
1196 1402 1239 1458 rel
1251 1416 1396 1473 nunquam
1409 1401 1435 1458 el
1464 1399 1633 1473 incorporati
1648 1408 1728 1471 sunt,
1754 1400 1797 1458 rel

146 1515 207 1558 esse
238 1499 394 1557 credemus.
422 1502 482 1571 lpse
518 1499 594 1555 enim
614 1497 739 1555 scribens
760 1500 804 1553 De
836 1495 943 1552 civitate
997 1496 1042 1569 qui
1057 1504 1118 1569 post
1130 1497 1380 1568 incorporationem
1393 1510 1472 1551 suam
1484 1493 1676 1553 ecclesiastico
1693 1494 1794 1568 juditio

146 1595 190 1663 [l.,
200 1594 317 1665 unitate]
327 1592 494 1650 Ecclesiarod
502 1595 634 1665 Magnum
643 1591 943 1665 presbytemmltoadtr
997 1588 1274 1648 abeadismembrati
1288 1596 1364 1646 sunt.

147 1690 276 1754 Ecclesia,
296 1688 396 1760 inquit,
413 1704 469 1743 uno
482 1692 530 1756 est,
544 1688 728 1758 quoirrirsret
742 1686 942 1754 tmuesaeaoa
1034 1685 1123 1740 xvii.
1139 1684 1320 1757 Nequaquam
1339 1698 1405 1741 roro
1430 1696 1601 1755 perversum,
1625 1678 1678 1739 sed
1700 1696 1793 1739 tantm

147 1787 243 1853 potest.
256 1784 287 1839 Si
299 1785 370 1838 esim
381 1782 457 1854 apori
471 1784 650 1840 Noooliurtum
673 1784 728 1837 siue
740 1782 876 1840 Neretum
891 1785 941 1844 ert,
998 1777 1077 1835 nobis
1096 1777 1274 1835 videturesse
1287 1777 1443 1847 cumdium,
1466 1783 1498 1832 ut
1514 1774 1649 1841 monachi
1666 1790 1726 1833 non
1737 1784 1790 1833 tam

147 1877 388 1948 apodemium
405 1892 457 1932 uon
479 1877 545 1945 fait.
568 1877 600 1933 8ο·
613 1892 676 1932 uero
692 1877 769 1947 apud
792 1874 944 1932 comaclium
997 1869 1452 1943 saecularibusobediant,quorum
1462 1870 1709 1928 conversationem
1721 1870 1792 1927 abre·

147 1972 218 2039 tait,
234 1973 283 2042 qui
296 1973 416 2028 Fabiano
426 1973 550 2042 episcopo
562 1971 684 2040 lepliimo
697 1970 943 2027 ordiaotloassuc·
998 1967 1204 2035 nuntiaverunt,
1234 1981 1319 2039 quam
1337 1965 1393 2021 suis
1407 1963 1560 2033 abbatibus,
1597 1964 1704 2036 quibus
1735 1963 1791 2022 obe

146 2068 418 2133 aestimaverimus
428 2065 585 2121 iaEcalesio
609 2079 664 2120 noa
677 2062 807 2119 est.Aesi
821 2061 941 2118 diceret:
995 2061 1129 2119 dientiam
1156 2059 1351 2133 promiserunt.
1368 2063 1484 2132 Hocque
1503 2073 1604 2115 omnes
1630 2059 1790 2132 generaliter

147 2156 263 2230 Siopud
284 2158 450 2230 Gregorium
472 2173 572 2229 papam
598 2157 720 2213 Ecclesia
738 2155 802 2223 iuit,
818 2154 892 2229 quod
916 2162 946 2211 et
996 2155 1305 2229 tamspirltuaiesquam
1314 2153 1788 2228 sacularrsbrmissimeattendant,

149 2251 201 2323 ipsi
221 2251 361 2308 Guiberto
388 2251 525 2318 constitit,
551 2249 624 2322 apud
640 2250 807 2307 Guibortum
821 2240 956 2317 nonest,
997 2257 1027 2305 ut
1039 2249 1105 2305 nulli
1118 2264 1243 2321 unquam
1252 2257 1347 2307 eontra
1360 2253 1451 2307 Deum
1467 2255 1496 2306 et
1507 2248 1693 2322 apostolicam
1708 2256 1793 2306 aucto

147 2359 202 2401 nec
224 2343 284 2416 ejus
303 2344 461 2415 complices.
478 2343 584 2400 Eodem
606 2345 682 2403 enim
707 2343 804 2412 modo,
830 2351 943 2415 excepto
996 2343 1108 2401 ritatem
1129 2343 1281 2401 obediant:
1303 2345 1413 2416 Oportet
1427 2343 1502 2400 enim
1514 2344 1580 2415 pluo
1608 2343 1726 2400 obedire
1746 2346 1792 2400 lieo

148 2435 222 2511 quod
249 2454 307 2494 non
321 2437 379 2494 sinc
394 2437 512 2511 perjurio
534 2439 683 2495 Guibertus
707 2436 850 2510 Gregorio,
873 2437 944 2495 sieut
996 2440 1242 2509 meamhomioibua
1266 2440 1338 2507 (Act.
1365 2443 1407 2507 t).
1426 2438 1512 2495 Unde
1532 2444 1792 2511 quantumcumque

147 2534 270 2588 Notatur
296 2527 426 2589 Cornelio
439 2531 591 2589 adaberina
609 2531 832 2605 supplantatione
845 2531 942 2588 subre·
997 2532 1175 2606 imperatoria
1203 2531 1334 2605 majestas
1365 2531 1472 2590 excelsa
1502 2529 1643 2600 rideatrrr,
1669 2547 1730 2589 non
1757 2538 1794 2588 eat

147 2625 295 2698 psitgilam
309 2625 344 2682 de
357 2627 530 2683 Novatonon
540 2624 665 2699 legimus,
676 2624 943 2699 quodobedientiam
996 2633 1090 2684 umen
1099 2642 1219 2701 aequum
1234 2633 1367 2684 utcontra
1379 2628 1470 2684 Deum
1485 2625 1510 2682 ei
1529 2624 1692 2682 obediatur.

147 2720 176 2776 S.
203 2720 335 2777 Cornelio
368 2736 492 2792 unquam
513 2720 657 2793 juraverit,
689 2718 766 2793 quod
788 2719 943 2777 Guibertus
1030 2723 1135 2778 xviii.
1149 2723 1207 2779 Nae
1216 2719 1407 2794 indignemini,
1422 2720 1546 2777 sis'auota
1557 2719 1689 2777 Ecclesia
1699 2732 1793 2777 eorum

147 2813 286 2887 Gregorio
298 2828 376 2887 popm
390 2813 466 2871 iecit.
479 2816 516 2870 Et
528 2821 559 2870 ut
576 2813 612 2871 de
629 2812 743 2870 domino
756 2822 851 2871 nostro
871 2813 942 2870 Gre-
996 2815 1246 2888 eleemosynosnon
1260 2814 1368 2886 recipit,
1378 2828 1448 2886 quos
1457 2821 1580 2870 externae
1590 2812 1795 2871 communionis

145 2907 224 2979 gorio
237 2907 372 2978 dicamus,
384 2906 461 2981 quod
481 2906 515 2964 de
529 2909 557 2965 S.
572 2907 701 2965 Ournelio
715 2895 824 2980 scripsit
837 2909 872 2963 B.
886 2907 939 2980 Cy·
959 2925 966 2939 ⁸
995 2925 1054 2966 esse
1086 2909 1270 2983 perspexerim
1292 2924 1358 2966 uam
1384 2916 1412 2965 rt
1435 2907 1521 2964 sancti
1546 2922 1673 2965 mnonm
1701 2906 1794 2982 prvel-

147 3002 262 3074 prianus
287 3004 339 3073 (ep.
359 3002 428 3073 iil:
449 3003 548 3058 Focum
568 3007 612 3057 eat
635 3003 774 3073 episeopus
787 3002 820 3057 de
845 3003 895 3057 liei
910 3006 943 3057 et
996 3003 1085 3075 piant,
1108 3012 1141 3060 ut
1164 3002 1317 3061 oblationes
1341 3001 1533 3059 dissidentium
1558 3000 1683 3059 fratrum
1703 3002 1794 3060 necin

147 3096 249 3153 Glaristi
259 3095 316 3167 ejus
324 3096 443 3167 judicio,
463 3096 496 3151 da
508 3097 663 3153 clericorum
685 3098 804 3151 omnium
820 3097 942 3151 tertiato-
958 3125 983 3195 c
996 3097 1127 3166 samario,
1148 3112 1199 3154 nec
1226 3097 1256 3153 iu
1278 3078 1473 3170 gazophylacio
1493 3094 1680 3168 recipiantur3
1707 3094 1757 3154 sed
1769 3102 1795 3153 et

146 3194 205 3253 oio,
220 3190 361 3261 duplalis,
376 3206 438 3261 quar
452 3193 516 3246 tutte
526 3190 791 3259 adstritsastroqr'o,
817 3189 943 3245 desecet·
996 3190 1063 3262 ipset
1097 3190 1281 3263 eleemosynae
1307 3189 1497 3248 ecciesiasticis
1530 3190 1708 3248 orationibus
1732 3194 1794 3247 tunt

146 3284 242 3340 detaut
267 3287 441 3358 antiquomm
470 3288 497 3339 el
521 3285 648 3342 boaonrm
671 3285 792 3340 uirorum
823 3284 941 3354 colleqrb,
997 3283 1248 3356 recompensanda.
1263 3287 1437 3363 Quapropter
1448 3291 1541 3341 sanem
1558 3283 1686 3341 Ecclesia
1700 3298 1792 3343 eornm

145 3394 225 3434 neno
249 3383 312 3434 eale
326 3379 404 3433 illum
428 3379 521 3446 femus
538 3381 615 3447 esset,
641 3393 701 3433 cum
728 3379 802 3433 beas
822 3379 902 3434 Petri
917 3380 944 3433 et
996 3379 1183 3452 eleemosynas
1196 3378 1352 3435 necessario
1367 3377 1482 3449 devitat,
1498 3376 1645 3451 quibusin
1665 3376 1789 3435 ecclesa·

147 3472 249 3541 erudas
261 3473 435 3529 madriolis
449 3472 582 3528 cathedra
594 3476 710 3527 uetaret·
735 3473 793 3540 0¹1⁰
804 3474 941 3542 mousom,
996 3472 1513 3534 sticisoratioaibusnoncommunicat.
1522 3473 1695 3530 llaecaatem
1704 3472 1791 3530 ornnit

145 3572 172 3621 et
195 3566 244 3621 llei
266 3568 497 3636 oolrrnloteotqrre
519 3570 639 3621 omniura
653 3581 779 3623 consensor
806 3567 941 3634 ordinato,
997 3568 1163 3626 testimoniis
1177 3570 1227 3625 88.
1243 3570 1355 3624 Panum
1372 3566 1455 3624 latius
1468 3566 1622 3643 approbare
1641 3580 1791 3639 ponemus,

145 3661 269 3728 qre‘squis
277 3660 340 3731 jam
367 3661 505 3730 episcopus
525 3661 640 3716 uoluerit
653 3662 722 3728 ieri,
741 3661 812 3728 soris
835 3664 942 3730 patoe-
997 3662 1045 3720 sed
1069 3660 1223 3736 prudentiae
1243 3668 1342 3718 vestrm
1362 3661 1447 3717 nimis
1466 3675 1563 3734 graves
1578 3674 1640 3718 esse
1653 3660 1791 3729 umor,

146 3765 216 3806 cesse
236 3754 285 3819 est,
305 3767 353 3808 aec
380 3752 478 3808 babeat
500 3750 706 3808 mdmmaticom
732 3742 940 3821 ordinationem,
997 3770 1080 3830 quam
1101 3771 1150 3829 per
1170 3770 1200 3813 se
1221 3754 1357 3828 copiosius
1377 3764 1405 3812 et
1429 3754 1587 3828 diligentius
1613 3754 1676 3813 hec
1700 3754 1788 3812 omnia

147 3846 196 3915 qul
208 3845 332 3901 menam
345 3861 399 3900 aon
413 3836 797 3918 imetuoitolemr'prorurrus
815 3852 864 3916 est,
877 3848 943 3903 alie·
997 3849 1164 3923 investigare
1177 3864 1258 3921 posse
1269 3864 1326 3906 uon
1343 3847 1512 3905 dubitamus.

167 3952 202 3992 rra
212 3941 262 4006 est,
277 3937 347 4004 toris
361 3942 412 3994 est.
424 3942 459 3994 El
473 3943 605 4010 cumpost
614 3942 736 4010 primum
745 3941 878 3996 mcusdta
888 3954 943 3996 ease
1032 3944 1115 4000 xlx.
1130 3945 1164 3999 ln
1184 3941 1228 3999 his
1246 3957 1311 4016 ergo
1326 3950 1354 4000 et
1372 3943 1400 3999 iu
1414 3941 1475 3999 aliia
1494 3938 1660 4015 huiusmodi
1677 3942 1728 4001 88.
1746 3942 1793 3999 Ρο-

145 4046 200 4086 soa
217 4032 316 4103 possi,
337 4032 461 4102 quisquis
471 4036 532 4102 post
550 4035 696 4115 prinam,
710 4034 761 4104 qui
773 4034 844 4089 rohes
866 4034 943 4090 debet
997 4043 1072 4093 mum
1086 4036 1229 4095 sententiis
1240 4052 1290 4109 pro
1305 4035 1419 4094 modulo
1438 4044 1533 4093 nostm
1547 4051 1639 4111 utque
1659 4036 1692 4093 in
1710 4036 1791 4093 ineat

147 4139 212 4195 aaa,
243 4126 557 4195 forianensecium
584 4126 718 4185 meusim
735 4129 792 4193 ille,
813 4128 860 4184 seri
880 4128 942 4184 nul·
997 4144 1169 4204 perseverare
1188 4130 1325 4203 cupimus,
1349 4129 1455 4200 neosde
1474 4127 1529 4186 lida
1548 4144 1661 4201 aonam,
1682 4129 1737 4187 imo
1757 4127 1790 4186 de

145 4221 192 4275 lars
205 4224 254 4275 est.
995 4225 1050 4284 iide
1070 4225 1170 4283 Christi
1183 4224 1242 4297 ipso
1264 4224 1417 4297 opitulante
1437 4239 1561 4297 uuquam
1587 4223 1789 4291 misceam,

182 4313 263 4370 xvi.
279 4312 433 4371 sententias
444 4312 581 4372 autemde
598 4313 801 4373 universalitate
811 4315 942 4375 Ecclesiae
996 4322 1043 4396 qui
1066 4322 1095 4379 iu
1120 4320 1269 4393 Evangelio
1290 4320 1374 4379 sede
1396 4321 1444 4378 illo
1461 4319 1640 4379 erubiturum
1657 4318 1788 4394 predixit,

145 4422 321 4480 nequaquam
357 4407 397 4464 ita
424 4406 575 4481 intelligere
610 4408 754 4477 debemus,
779 4417 809 4465 ut
843 4425 941 4468 omnes
996 4416 1154 4488 quicunque
1164 4415 1255 4487 ipsum
1270 4415 1385 4489 ejusque
1398 4429 1542 4473 sermones
1555 4430 1655 4473 coram
1674 4412 1791 4471 bomini-

146 4509 242 4572 geutes
267 4500 295 4555 iu
314 4500 434 4557 Ecclesia
460 4516 518 4557 esse
545 4500 681 4558 dicamus·
704 4502 837 4575 Nunquid
866 4505 941 4560 enim
954 4520 981 4585 g
996 4508 1047 4566 bus
1060 4508 1211 4566 erubuerit.
1231 4509 1282 4566 iiis
1301 4524 1409 4582 quoque
1422 4508 1568 4567 sententiis
1589 4516 1620 4567 et
1632 4524 1685 4566 roa
1701 4522 1792 4565 am·

146 4592 245 4664 aliquis
259 4592 428 4651 cassianus
440 4609 563 4669 paganos
575 4594 632 4651 sive
651 4593 764 4652 lrrdmos
782 4594 809 4652 in
826 4596 939 4655 ecclesia
994 4603 1048 4659 tire
1060 4608 1195 4675 optamus,
1212 4605 1357 4677 Deumque
1369 4603 1445 4677 pacis
1458 4610 1486 4659 et
1498 4600 1604 4673 solatii,
1616 4600 1710 4661 uidet
1719 4600 1793 4659 rabit

147 4700 206 4743 esse
221 4686 407 4759 contenderit,
427 4687 555 4763 quamvis
575 4686 633 4761 ipse
657 4689 794 4749 Dominus
820 4688 942 4751 nbratm
995 4696 1118 4771 idipsum
1135 4711 1233 4773 sapere
1256 4697 1413 4768 nobiseum,
1429 4696 1487 4757 imo
1504 4710 1571 4767 eum
1590 4696 1642 4759 88.
1656 4694 1792 4766 Patrdtut,

182 4886 276 4952 (1084)
286 4883 412 4969 ilbinam
427 4883 482 4944 hoo
495 4886 592 4972 legerit
609 4887 775 4959 bernaldus,
787 4890 939 4965 incomper·
994 4891 1030 4951 ad
1043 4893 1118 4953 diem
1128 4892 1237 4953 nauali
1249 4898 1277 4961 (t
1292 4894 1341 4963 vt,
1350 4909 1376 4966 p.
1385 4891 1470 4961 inin
1480 4892 1792 4977 commenlarbopm'ro

145 4963 206 5014 tum
227 4954 312 5012 nobrs
325 4964 379 5027 est,
387 4972 482 5039 ,neque
494 4975 569 5016 earm
589 4959 646 5017 sire
657 4961 687 5017 in
699 4963 862 5035 augustino,
881 4963 939 5020 sire
996 4966 1030 5025 ad
1057 4966 1151 5023 Vitam
1164 4969 1194 5021 8.
1210 4964 1337 5041 Dionysii
1362 4963 1572 5023 mediolanensis
1586 4965 1734 5035 anasum,
1748 4961 1791 5037 φ’

144 5028 176 5083 in
204 5026 303 5084 borum
316 5029 480 5099 pontaticum
500 5030 819 5104 autcurtbaginensium
840 5033 940 5091 litteris
993 5036 1056 5095 illuc
1082 5036 1109 5093 in
1124 5037 1252 5093 exsilium
1277 5034 1377 5095 missus
1401 5035 1479 5093 obiit.
1493 5036 1540 5093 liu
1599 5036 1667 5095 dein
1695 5046 1792 5109 carp!

144 5098 257 5183 aliquod
270 5097 352 5173 buius
366 5099 592 5185 lactinrestigium
606 5103 727 5177 reperire
741 5112 791 5159 est.
806 5103 937 5162 Credide·
993 5115 1103 5181 petente
1115 5108 1143 5166 8.
1159 5106 1333 5165 Ambrosioi
1352 5106 1523 5165 sedureliur
1569 5104 1738 5165 edlolaaum
1753 5112 1791 5165 at·

142 5186 209 5241 nm,
223 5170 391 5227 bernaldum
404 5172 489 5231 luisse
502 5174 568 5232 dooe
588 5184 649 5231 tum
663 5190 696 5232 ex
711 5174 813 5230 bomon
834 5175 889 5231 mia
899 5176 939 5233 al·
992 5181 1063 5245 tulit,
1083 5179 1132 5239 ubi
1150 5178 1323 5252 etiamjutta
1366 5177 1527 5237 rithemium
1547 5180 1627 5236 Aua.
1647 5178 1790 5249 libatam-2

143 5242 350 5327 teriusaurelii,
359 5242 457 5315 dequo
469 5261 501 5302 ex
512 5190 602 5302 libefl’o
615 5244 766 5301 Marcellini
779 5190 938 5332 etita-stim
992 5260 1013 5309 t.
1028 5254 1052 5322 1,
1068 5268 1096 5327 p.
1112 5257 1140 5319 t)
1155 5259 1284 5308 manuus
1298 5261 1340 5307 est
1352 5251 1425 5307 cirea
1438 5264 1485 5307 an.
1498 5252 1552 5307 tat
1568 5266 1576 5305 ι
1591 5249 1679 5307 cu'us
1698 5258 1789 5331 postea

141 5314 384 5398 scbrsmaticoram
402 5316 601 5386 iraeadem.
617 5321 666 5373 8⁶71
681 5312 768 5372 refert
782 5318 937 5375 barontus:
992 5322 1115 5397 reliquie
1128 5338 1144 5379 a
1157 5321 1477 5397 Notingoiercellensie
1495 5320 1592 5393 iscopu
1603 5266 1790 5396 daupu

142 5387 286 5473 Aurelium
298 5388 442 5471 pendam
454 5390 617 5469 episcopum,
627 5402 662 5441 ee
674 5402 703 5441 eo
716 5388 789 5471 quod
802 5404 861 5444 orem
873 5390 938 5447 Gre-
991 5392 1160 5449 monastario
1174 5394 1266 5450 allatae
1284 5392 1341 5451 siut
1354 5390 1406 5450 sub
1419 5337 1564 5451 namuco
1576 5390 1630 5451 aio
1644 5392 1716 5469 inp.
1732 5388 1789 5451 Sat

142 5471 219 5525 porro
245 5456 417 5515 blrberrtaoo
442 5472 571 5541 episeopo
591 5465 821 5541 mmmuareusset,
847 5464 938 5519 aomo
991 5466 1234 5523 monmutensi.
1257 5463 1396 5529 Ambrosii
1420 5462 1537 5521 inillius
1551 5462 1698 5539 exsequiis
1715 5461 1787 5527 iuli?

138 5542 234 5657 aoros
248 5528 354 5655 deqibge
365 5526 522 5605 :quodpam
533 5534 597 5583 ante
604 5530 938 5607 auruliscartbaginensis
990 5532 1145 5665 ἱιωᾱοοῙιᾶο
1158 5534 1266 5593 initium
1284 5534 1371 5595 refert
1380 5534 1560 5605 Tn’tlramim,
1574 5534 1606 5591 in
1625 5534 1686 5611 eim
1702 5532 1787 5615 opeti-

170 5615 198 5656 m
237 5615 268 5655 ra
292 5613 395 5655 acum.
1075 5621 1113 5661 est
1247 5650 1254 5664 .
1598 5648 1601 5655 -
1656 5622 1659 5627 ’

177 5616 271 5754 (ὦζε)
280 5669 373 5751 ‘Multa
387 5668 424 5726 da
438 5668 492 5725 boc
501 5669 530 5726 8.
545 5669 655 5755 Aurelio
669 5672 871 5733 Ariambianin
883 5677 937 5732 Ar·
1011 5621 1115 5745 υ(81086)
1134 5623 1308 5745 graffiono
1319 5676 1471 5751 monicuai
1480 5684 1523 5747 tet
1535 5676 1660 5763 mitia
1669 5680 1721 5759 Ο,
1732 5676 1785 5747 flu

140 5755 235 5825 menta
249 5754 355 5825 minore
369 5754 419 5798 seu
435 5741 619 5815 Cappadocae
634 5745 763 5819 episcopo
780 5750 937 5805 memorant
989 5746 1071 5806 titulo
1084 5748 1227 5824 iuscripta,
1244 5750 1346 5825 lapso
1354 5752 1430 5823 tllto.

139 5810 166 5869 le
177 5814 266 5884 Quen
277 5812 509 5887 (amabar,
521 5822 544 5873 t.
553 5816 575 5887 1,
589 5831 617 5888 p.
634 5821 707 5889 aba),
721 5826 750 5875 et
761 5817 935 5876 bollandiani
