3870 6164
151 275 220 329 star
570 254 574 259 ’
605 278 748 335 seenun.
769 280 813 336 ιιι.
832 308 867 322 -
884 281 1094 340 uouuuenns
1111 283 1340 341 cenoomsus.
1728 293 1798 349 rrae

148 396 249 466 riculo,
264 397 312 454 sed
340 398 424 456 exitio
444 399 621 471 comtitutus,
648 403 673 460 si
697 410 819 462 tacuero.
845 428 858 455 r
875 407 945 464 Satis
958 411 985 476 Α
1000 409 1063 465 Hoc
1077 409 1282 483 utiquedirersa
1300 414 1493 470 Romanorum
1508 414 1670 486 pontificum
1685 414 1796 474 decreta

148 506 216 564 ergo
230 499 304 562 patet
328 507 411 564 quam
434 492 572 550 immerito
585 494 697 568 quidam
720 507 815 555 nostro
832 508 943 572 aposto·
998 511 1143 574 testantur,
1159 504 1188 560 in
1207 503 1307 577 qulbus
1318 504 1373 578 *ipsi
1386 504 1500 563 diversis
1528 513 1684 580 tempomm
1703 525 1796 568 neces·

149 584 202 641 lico
216 600 266 658 pro
288 586 477 658 superioribus
491 589 603 645 statutis
617 588 804 664 indignentur,
819 593 867 666 qui
886 602 944 651 tam
997 597 1123 654 sitatibus
1150 598 1319 656 consuluisse
1338 599 1474 672 leguntur.

148 676 299 735 inevitabili
313 680 475 738 necessitate
489 690 600 739 coactus
612 682 710 741 eadem
728 685 881 742 instituisse
894 686 940 744 de·
1034 691 1107 746 Cae.
1119 693 1465 750 XXll.lncassumautem
1472 693 1572 766 publici
1590 704 1796 770 contemptores
1852 696 1858 701 “

147 773 259 845 tegitur,
285 773 407 829 videlicet
418 789 454 831 ne
467 777 585 847 propriae
599 778 695 833 mortis
707 779 808 835 crimen
822 779 944 837 incurre-
998 784 1154 853 apostolica
1182 783 1360 842 institutionis
1383 785 1507 843 inducias
1527 803 1585 845 suae
1607 789 1795 848 damnationis
1879 840 1883 844 .

146 875 200 934 ret,
214 866 238 923 si
250 882 301 922 nos
311 882 344 922 ex
358 866 451 923 debito
465 868 549 925 cilicii
563 870 604 927 sui
628 870 771 928 instituere
784 873 942 947 negligeret.
998 891 1013 932 a
1028 885 1125 933 nostro
1150 877 1298 949 apostolico
1313 887 1458 951 quaerunt3
1479 896 1557 953 quos,
1573 889 1604 938 ut
1629 881 1794 956 praedictum

182 960 254 1017 Csn.
269 962 352 1017 xxi.
367 962 501 1019 Praeterea
516 963 539 1019 si
553 963 589 1019 ob
613 964 665 1022 hoc
678 973 773 1022 nostro
793 967 944 1039 apostolico
997 978 1049 1037 est,
1064 970 1109 1026 88.
1136 972 1229 1028 Patres
1241 970 1343 1044 absque
1354 971 1482 1029 omnibus
1502 974 1617 1032 induciis
1644 975 1793 1034 damnave-

146 1054 283 1128 indignari
298 1063 434 1126 satagunt,
448 1072 496 1113 cur
509 1072 565 1113 non
574 1058 667 1131 potius
677 1059 730 1116 illis
740 1074 883 1117 cccxvsrr
895 1063 943 1118 88.
997 1071 1071 1119 runt.
1084 1067 1116 1119 ln
1130 1063 1220 1122 dubiis
1235 1064 1308 1120 enim
1321 1065 1413 1135 rebus,
1433 1066 1495 1124 licet
1516 1069 1595 1137 veris,
1608 1069 1734 1127 nondum
1751 1078 1792 1127 ta·

147 1148 275 1206 Patribus
289 1148 317 1203 in
333 1149 421 1206 Nicaea
437 1151 627 1223 congregatis,
643 1161 672 1208 et
692 1167 799 1211 ncxxx
817 1154 945 1211 Patribus
997 1172 1060 1212 men
1083 1155 1237 1228 publicatis,
1266 1160 1420 1215 necessario
1447 1159 1637 1217 conceduntur
1664 1162 1792 1232 induciae,
1837 1148 1848 1157 ⁴

147 1241 176 1298 in
190 1241 363 1299 Chalcedone
378 1245 550 1316 cougregatis
568 1245 610 1302 vel
622 1245 784 1303 coadunatis
799 1247 962 1321 indignam.
997 1259 1037 1321 ut,
1048 1250 1125 1322 juxta
1139 1252 1294 1308 sanctiones
1306 1252 1520 1323 apostolicorum
1535 1255 1669 1323 virorum,
1684 1256 1792 1325 Felicis,
1823 1284 1826 1289 ·

145 1343 203 1400 tur,
234 1336 292 1409 qui,
316 1344 347 1392 ut
360 1335 522 1407 pradictum
537 1343 589 1410 est,
616 1347 712 1396 contra
734 1339 903 1399 Simoniacos
916 1350 944 1398 et
996 1351 1025 1399 et
1037 1344 1099 1399 lulii
1110 1352 1138 1399 et
1151 1345 1332 1418 reliquorum,
1348 1346 1406 1418 ipse
1429 1355 1573 1404 accusatus
1586 1349 1710 1419 possitsc
1723 1364 1794 1405 con·

147 1428 349 1486 incontinentes
363 1430 458 1487 altaris
476 1431 617 1488 ministros
631 1432 720 1489 multo
745 1434 865 1492 acriores
878 1451 943 1492 sen·
996 1443 1037 1492 tra
1057 1445 1231 1495 accusatores
1246 1437 1359 1510 pleniter
1372 1455 1519 1513 preparare
1540 1439 1574 1497 ad
1590 1440 1723 1498 abluenda
1738 1442 1795 1498 cri·

145 1524 246 1581 tentiae
266 1525 438 1595 protulerunt
461 1540 545 1596 quam
568 1534 662 1583 noster
682 1528 868 1599 apostolicus?
896 1532 942 1585 ln·
997 1530 1080 1586 mina.
1096 1530 1179 1589 Unde
1192 1539 1220 1587 et
1240 1533 1272 1586 B.
1288 1531 1454 1590 Eleutheros
1475 1536 1538 1590 ab.
1565 1536 1647 1590 Petro
1665 1533 1794 1592 duodeci·

145 1616 297 1689 dignentur
313 1632 379 1674 sane
404 1618 574 1675 sanctissimo
595 1634 673 1692 papae
691 1621 825 1679 Clementi
854 1622 943 1695 quiet
996 1639 1070 1692 mus,
1084 1623 1111 1680 in
1125 1623 1242 1682 decretis
1254 1627 1323 1696 suis,
1350 1641 1410 1699 cap.
1427 1632 1453 1695 t,
1477 1635 1594 1683 testator
1610 1646 1649 1683 :r
1673 1627 1794 1685 induciae
1856 1644 1881 1667 ’-

146 1713 282 1783 martyrio
292 1725 342 1767 suo
355 1709 464 1768 decreta
486 1711 669 1780 confirmavit,
686 1728 769 1785 quem
796 1713 852 1788 ipse
864 1716 940 1789 prin·
995 1733 1053 1773 non
1067 1716 1185 1775 modicae
1203 1718 1237 1774 ad
1254 1717 1448 1790 inquirendum
1471 1718 1572 1776 dandae
1593 1729 1668 1789 scrut,
1688 1737 1723 1778 uc
1741 1722 1792 1777 ali·

146 1819 212 1876 cepe
235 1805 424 1878 apostolorum
440 1805 493 1862 sibi
513 1806 701 1864 successorem
719 1807 875 1866 destinavit.
892 1811 944 1866 Le·
959 1788 983 1851 Β
999 1810 1064 1885 quid
1091 1826 1264 1885 praepropere
1279 1812 1354 1885 agia
1376 1828 1542 1884 quacunque
1559 1823 1636 1887 perte
1657 1815 1793 1885 rideatur,

145 1899 222 1970 gitur
231 1898 306 1954 euim
319 1899 348 1954 in
362 1898 478 1956 decretis
499 1899 567 1971 ejus,
586 1902 670 1973 capit.
686 1906 731 1971 ld,
763 1901 838 1973 quod
850 1904 943 1961 incon·
997 1905 1064 1978 quia
1072 1921 1122 1977 per
1130 1905 1338 1978 subreptionem
1348 1906 1437 1964 multa
1445 1907 1716 1980 proveniunt.»iure
1727 1923 1792 1980 ergo

145 1991 267 2048 tinentes
291 1992 401 2064 penitus
418 1992 452 2049 ab
466 1993 561 2049 altaris
580 1993 673 2052 oidcio
695 1996 852 2064 removerit,
866 1996 942 2069 quod
997 1999 1033 2055 illi
1051 1998 1153 2071 absque
1164 1998 1282 2056 induciis
1292 1998 1460 2055 damnantur
1470 2002 1517 2073 qui
1529 2001 1639 2074 culpem
1651 2017 1729 2058 suam
1734 2001 1793 2074 jam

144 2086 229 2142 etiam
239 2084 472 2142 cohabitationem
489 2096 679 2145 extraneamm
694 2087 863 2146 feminarum
885 2091 942 2147 cle·
996 2089 1130 2148 duduma
1155 2093 1206 2149 88.
1221 2091 1350 2148 Patribus
1361 2091 1473 2150 definite
1488 2093 1647 2149 damnatam
1662 2109 1721 2150 non
1741 2109 1793 2151 ne-

127 2179 208 2235 .ricis
222 2178 401 2252 prohibuerit,
417 2179 491 2252 quod
504 2181 651 2239 violatores
665 2180 747 2255 hujus
762 2183 942 2240 institutionis
996 2199 1072 2258 gare,
1083 2185 1130 2242 sed
1142 2184 1249 2258 publice
1263 2193 1360 2241 contra
1375 2186 1524 2256 apostolica
1539 2194 1643 2243 statuta
1657 2195 1793 2243 conantur

143 2288 257 2345 prorsus
271 2273 554 2331 anathematizaverit.
578 2275 761 2349 indignentur
773 2276 857 2333 etiam
874 2277 940 2334 bea·
996 2277 1149 2336 defensare.
1162 2282 1268 2350 Nempe
1290 2281 1322 2335 B.
1336 2280 1497 2352 Gregorius,
1512 2281 1547 2336 ab
1559 2280 1635 2336 omni
1658 2280 1794 2337 catholico

142 2367 253 2424 tissime
269 2383 346 2440 papae
360 2368 508 2440 Sylrestro,
520 2369 566 2441 qui
578 2369 605 2425 in
621 2369 771 2440 apostolica
783 2368 848 2427 sede
872 2387 940 2427 con·
995 2379 1106 2444 pastore
1123 2370 1220 2428 merito
1246 2371 1406 2441 imitandus,
1427 2380 1630 2445 contemptores
1643 2372 1718 2430 sedis
1732 2387 1796 2445 apo·

143 2460 258 2517 stitutus
276 2460 501 2517 incontinentiam
513 2462 599 2518 totuis
613 2462 708 2519 mundi
721 2463 898 2536 presbyteris,
910 2473 943 2520 ut
997 2466 1113 2533 stolicat,
1128 2465 1212 2521 etiam
1234 2474 1299 2522 unte
1312 2475 1452 2536 peractam
1466 2466 1588 2538 culpam,
1615 2465 1721 2523 solebat
1744 2481 1796 2522 ex·

141 2553 314 2626 praedictum,
331 2554 479 2626 prohibuit,
495 2562 523 2610 et
547 2570 643 2611 omnes
655 2553 721 2612 buic
733 2555 843 2613 decreto
857 2571 941 2627 repu-
996 2559 1212 2616 communicare.
1233 2559 1360 2614 Sicenim
1376 2559 1530 2615 Maximum
1546 2574 1596 2630 per
1615 2558 1796 2619 ambitionem

141 2655 258 2721 gnantes
275 2648 305 2703 in
316 2656 480 2720 perpetuum
494 2646 665 2705 damnandos
679 2663 738 2705 esse
751 2647 879 2705 decrevit.
893 2651 941 2706 ln·
996 2651 1156 2708 salonitano
1178 2650 1345 2724 episcopatui
1360 2651 1577 2707 inthronizatum
1587 2660 1614 2708 et
1629 2667 1726 2709 omnes
1737 2654 1796 2726 ejus

140 2741 290 2813 dignentur
302 2741 385 2798 etiam
399 2740 486 2798 beatae
501 2742 641 2798 memoriae
653 2745 774 2798 Damaso
786 2757 873 2814 papae,
890 2759 940 2799 cu·
997 2743 1169 2801 ordinatores
1183 2743 1437 2811 excommunicavit,
1446 2728 1515 2815 iquos
1529 2742 1626 2800 eadem
1639 2759 1796 2803 excommu-

138 2835 188 2908 jus
215 2834 377 2891 auctoritate
398 2833 515 2897 secunda
541 2834 701 2891 universalis
722 2833 843 2908 synodus
868 2835 942 2892 Cort-
996 2838 1096 2894 nicatic
1110 2835 1236 2893 nondum
1248 2843 1357 2910 peracta
1371 2835 1462 2907 culpa,
1477 2851 1590 2908 proque
1608 2838 1795 2893 excommuni-

140 2928 385 3001 stantinopolitana
400 2929 499 3001 legitur
510 2928 651 2997 roborata,
670 2929 747 2998 item,
765 2929 941 2987 sanctissimo
996 2932 1048 2987 cati
1062 2938 1138 3000 sunt,
1151 2930 1290 3004 obligavit.
1308 2931 1378 2986 Nam
1393 2928 1552 3001 priusquam
1567 2926 1639 2985 idem
1656 2928 1796 2987 Maximus

141 3036 222 3094 pspae
239 3022 338 3090 Iconi,
362 3020 626 3078 chalcedonensium
652 3036 789 3078 canonum
819 3020 939 3091 ductori,
996 3025 1181 3093 ordinaretur,
1205 3023 1257 3080 sub
1278 3021 1564 3079 excommunicatione
1592 3021 1733 3093 probibuit
1764 3023 1792 3080 S.

139 3130 262 3189 quorum
284 3122 398 3187 uterquc
410 3114 507 3172 eadem
526 3123 555 3172 et
568 3115 716 3188 apostolica
735 3115 898 3173 auctoritate
910 3117 941 3171 in
965 3114 971 3141 ³
995 3118 1145 3192 Gregorius
1159 3133 1194 3174 ne
1209 3116 1262 3173 hoc
1277 3124 1477 3189 praesumercnt
1497 3114 1537 3184 [C.
1552 3119 1597 3184 st,
1612 3128 1793 3188 praesumere·

140 3207 261 3266 decretis
275 3209 343 3276 suis,
356 3209 402 3265 illc
416 3206 536 3280 quidem,
552 3224 611 3280 cap.
627 3215 656 3276 l,
669 3209 717 3266 lric
735 3217 829 3266 autem
841 3209 940 3283 quinto
958 3179 981 3242 C
996 3215 1061 3280 tur].
1077 3210 1156 3280 Quod
1169 3218 1337 3283 praeceptum
1356 3216 1562 3265 contemnentes
1575 3208 1715 3281 episcopi,
1730 3224 1794 3266 cum

141 3303 181 3359 ita
194 3300 526 3376 generalitcrdecrerere:
540 3324 553 3350 ι
563 3302 666 3358 Omnia
677 3302 822 3359 decretalia
830 3311 941 3360 cuncto·
996 3301 1156 3360 ordinarent
1168 3302 1298 3358 eumdem
1326 3301 1491 3369 Maximum,
1516 3310 1580 3356 ante
1593 3308 1731 3372 peractam
1744 3316 1791 3357 or·

139 3411 205 3453 rum
219 3395 452 3469 predecessorum
476 3403 635 3451 nostrorum
649 3396 810 3463 constituta,
826 3410 888 3469 qum
906 3394 941 3453 de
992 3392 1177 3462 dinationem,
1190 3402 1268 3451 erant
1282 3393 1525 3461 excommunicati,
1541 3394 1618 3466 iuxta
1639 3394 1790 3451 attestatio·

140 3489 334 3547 ecclesiasticis
343 3488 486 3546 ordinibus
494 3497 523 3546 et
536 3503 675 3545 canonum
688 3488 862 3561 promulgata
876 3498 941 3547 sunt
992 3505 1059 3546 nem
1077 3490 1163 3546 sancti
1181 3487 1322 3560 Gregorii,
1346 3486 1440 3543 scribit
1461 3486 1533 3542 enim
1562 3486 1590 3543 in
1612 3487 1726 3559 epistola
1755 3486 1791 3544 cd

139 3583 302 3655 disciplinis,
319 3583 355 3638 ita
370 3581 405 3639 ab
425 3582 553 3639 omnibus
567 3581 742 3655 epiecopisac
769 3583 874 3638 cunctis
888 3598 939 3655 ge·
992 3582 1122 3641 eumdem
1135 3583 1190 3648 (lib.
1203 3597 1252 3648 ιιι,
1268 3598 1310 3652 ep.
1326 3586 1371 3647 20)
1380 3589 1612 3654 presumptorem
1624 3580 1664 3648 [0.
1676 3583 1720 3645 il„
1729 3582 1791 3636 bla-

137 3677 269 3734 neraliter
291 3675 480 3735 sacerdotibus
498 3675 628 3732 custodiri
650 3674 750 3732 debere
762 3675 937 3744 mandamus,
990 3675 1120 3749 ximuml,
1130 3675 1167 3732 ita
1177 3674 1315 3732 detestans
1327 3673 1387 3747 ejus
1398 3673 1638 3730 consecrationem
1651 3693 1658 3729 :
1671 3695 1685 3722 ι
1701 3675 1791 3743 Quam

137 3778 190 3839 ut,
205 3771 229 3828 si
243 3771 306 3843 quie
318 3771 349 3826 in
369 3770 414 3826 illa
426 3770 604 3839 commiserit,
620 3769 725 3825 reniam
744 3768 795 3826 sibi
811 3769 938 3842 deinceps
991 3785 1062 3836 rem,
1077 3769 1177 3841 inquit,
1189 3784 1241 3824 nos
1253 3767 1490 3824 consecrationem
1505 3766 1597 3823 dicere
1609 3766 1686 3822 nullo
1707 3765 1791 3823 modo

136 3865 249 3923 noverit
261 3862 404 3938 denegari.
432 3887 445 3913 ι
462 3862 642 3936 indignentur
666 3863 751 3920 etiam
763 3863 937 3921 sanctissimo
991 3878 1147 3939 possumus,
1172 3877 1233 3935 qnae
1254 3861 1289 3918 ab
1309 3860 1554 3917 excommunicatis
1576 3868 1617 3916 est
1633 3859 1791 3917 bominibus

137 3957 231 4016 nostri
241 3957 382 4029 apostolici
394 3957 545 4030 aequivoco,
567 3957 613 4028 qui
625 3955 675 4012 sub
687 3955 809 4028 generali
829 3956 939 4015 anatbe-
990 3958 1135 4016 celebrata.
1153 3980 1166 4006 ι
1181 3956 1244 4012 Non
1254 3955 1328 4012 enim
1343 3963 1405 4027 post
1418 3952 1619 4011 ordinationem
1633 3967 1793 4010 excommu-

137 4058 217 4109 mate
237 4048 379 4108 damnarit
401 4065 497 4108 omncs
511 4064 526 4105 a
541 4049 736 4105 sacratissimis
760 4064 793 4104 ιιι
812 4050 938 4107 conciliis
991 4050 1133 4121 nicandos,
1155 4047 1204 4106 sed
1229 4050 1257 4104 iu
1281 4049 1338 4121 ipsa
1361 4044 1535 4104 ordinatione
1548 4045 1615 4103 dixit
1629 4062 1791 4103 cxcommu·
1866 4070 1869 4074 ·

136 4144 344 4202 dissentientes.
360 4143 413 4200 Sed
433 4160 498 4199 cum
516 4142 607 4198 nullus
626 4156 699 4198 sanae
713 4142 817 4198 mentis
842 4143 937 4216 hujus·
992 4145 1108 4202 nicatos.
1149 4142 1193 4200 Sic
1216 4140 1289 4198 idem
1331 4140 1498 4213 apostolicus
1523 4155 1572 4212 per
1594 4139 1790 4196 subdiaconem

137 4237 386 4298 modieanctorum
407 4240 521 4295 Patrum
535 4236 676 4294 sententiis
700 4234 867 4307 indignetur,
890 4252 938 4308 pa·
993 4234 1208 4294 sunmNatalem
1218 4234 1409 4290 Salonitanum
1423 4231 1690 4305 episcopumabsque
1704 4230 1790 4289 indu-

136 4342 183 4391 tet
194 4330 400 4390 evidentissime
419 4347 502 4404 quam
513 4329 739 4388 irrationabiliter
757 4327 871 4403 quidam
886 4345 940 4387 no·
993 4331 1052 4398 ciis,
1068 4329 1093 4386 si
1104 4334 1241 4400 praecepto
1260 4325 1320 4398 ejus
1330 4341 1387 4380 non
1402 4323 1550 4392 obedisset,
1566 4325 1649 4398 pallio
1664 4333 1692 4381 ct
1710 4340 1788 4382 com·

136 4426 190 4486 stri
200 4442 216 4484 a
226 4425 351 4501 pcetolici
361 4425 495 4483 institutis
508 4422 693 4496 indignentur.
705 4427 870 4496 inquorum
883 4439 943 4497 pro.
996 4422 1125 4480 munione
1137 4419 1244 4477 censuit
1256 4417 1419 4491 privandum
1432 4431 1492 4473 esee
1517 4418 1575 4483 (lib.
1596 4432 1632 4485 rr,
1651 4421 1731 4487 epist.
1744 4423 1789 4482 14,

135 4521 311 4595 mulgatione
331 4520 487 4576 nullatenus
506 4517 639 4577 assuetis
652 4516 782 4576 Patribus
797 4516 938 4588 discrepa-
954 4524 979 4594 Ι)
995 4524 1040 4590 15,
1055 4519 1108 4584 so).
1124 4514 1178 4584 Sic,
1203 4513 1327 4585 inquam,
1350 4511 1408 4585 ipse
1431 4518 1458 4566 et
1481 4509 1576 4581 reliqui
1602 4509 1725 4581 ejusdem
1748 4524 1790 4567 ee-

93 4626 100 4641 ·
135 4616 191 4684 vit,
206 4613 360 4687 exceptoin
380 4613 435 4669 hoc
449 4619 555 4669 tautum
571 4609 645 4684 qued
661 4626 718 4667 uon
731 4619 896 4668 tamsevere
910 4619 941 4667 ut
994 4614 1038 4673 dis
1052 4607 1172 4684 episcopi
1184 4605 1329 4679 quoslibet,
1345 4612 1374 4661 et
1398 4603 1501 4674 absque
1525 4601 1652 4672 induciis,
1672 4600 1790 4661 damna·

134 4707 177 4766 illi
196 4705 434 4780 contemptoribus
454 4719 592 4762 canonum
617 4703 744 4760 obviarit.
778 4704 843 4760 lllos
860 4704 936 4760 enim
993 4713 1100 4772 rerunt,
1132 4702 1179 4776 qui
1205 4700 1324 4772 aliquam
1348 4713 1407 4754 rem
1427 4696 1479 4754 sub
1506 4696 1791 4755 excommunicatione

134 4800 254 4857 clericos
267 4798 358 4857 officio
370 4807 479 4856 tautum
493 4798 611 4872 privarit
624 4796 724 4869 quibus
735 4797 822 4853 sancti
843 4798 937 4854 Patres
992 4802 1034 4858 vel
1045 4797 1128 4856 cilicii
1151 4793 1332 4866 suspensione
1344 4790 1512 4864 prohibitam
1535 4791 1683 4848 temerarie
1705 4806 1789 4848 usur·

135 4909 198 4952 non
209 4891 294 4950 modo
308 4892 444 4963 cilicium,
459 4892 506 4949 sed
521 4901 548 4948 et
562 4889 669 4947 veniam
682 4898 711 4947 et
725 4889 937 4946 ecclesiasticam
993 4899 1138 4969 paverunt.
1164 4891 1223 4946 ilas
1247 4887 1329 4961 igitur
1353 4895 1381 4945 et
1407 4884 1564 4959 huiusmodi
1583 4886 1703 4943 rationes
1727 4901 1788 4943 mo·

133 4986 365 5047 communionem
379 4986 558 5059 denegavere.
578 4984 621 5042 Nil
635 4985 752 5058 denique
765 4984 830 5040 nori
844 4992 938 5041 nomer
992 4987 1069 5046 demi
1082 4992 1297 5060 presumptores
1312 4988 1391 5039 caute
1400 4980 1585 5049 considerent,
1598 4996 1648 5037 nec
1661 4979 1790 5053 deinceps

134 5080 309 5156 apostolicus
337 5080 418 5138 nobis
455 5079 656 5137 observandum
691 5077 825 5152 injunxit3
852 5076 937 5149 quod,
992 5081 1092 5156 iniuste
1105 5077 1249 5150 scabeque
1263 5074 1378 5133 induciis
1392 5074 1536 5132 damnatos
1548 5090 1606 5131 csse
1619 5073 1788 5130 existiment.
1836 5074 1842 5081 ‘

134 5174 224 5234 etiam
234 5173 387 5244 sitecisser,
398 5188 456 5231 non
470 5181 564 5230 tamen
578 5171 638 5228 sinc
659 5172 780 5244 periculo
800 5170 860 5243 ejus
873 5186 938 5227 con·
1031 5176 1103 5233 css.
1119 5173 1225 5229 xxttt.
1238 5170 1366 5228 Forsitan
1378 5178 1470 5226 autem
1485 5168 1584 5241 aliquis
1596 5166 1667 5224 adeo
1679 5164 1788 5235 delirat,

133 5267 226 5327 ssent
254 5275 420 5340 eracemum
442 5275 544 5338 possct.
559 5265 788 5339 uamaposeottca
804 5262 883 5321 seder
903 5278 938 5320 eu
993 5267 1162 5327 urcundum
1177 5264 1320 5338 cujuslicet
1345 5263 1462 5335 episcopt
1477 5277 1526 5335 per
1548 5261 1640 5331 ipsum
1670 5265 1789 5327 uncum,

135 5360 233 5420 divina
244 5359 416 5418 confessione
427 5359 501 5416 bunc
512 5374 622 5431 semper
630 5359 754 5415 obtinuit
763 5366 791 5414 et
806 5356 941 5415 obtinebit
992 5378 1048 5420 non
1061 5376 1111 5435 per
1120 5361 1277 5416 Romanum
1289 5356 1457 5430 pontificem,
1467 5352 1592 5410 damnari
1613 5349 1788 5422 possedicat.

136 5455 292 5529 primatum
304 5463 336 5512 ut
349 5453 432 5511 totius
439 5452 537 5511 mundi
551 5453 686 5510 Ecclesiae
698 5468 755 5508 ncn
764 5452 855 5510 solum
868 5451 939 5508 anti·
993 5453 1049 5513 Sed
1063 5453 1102 5511 illi
1125 5453 1183 5526 ipsa
1193 5451 1302 5509 Veritas
1319 5452 1349 5507 in
1368 5446 1516 5519 Evangelio
1528 5442 1701 5513 contradicit,
1715 5460 1789 5519 quae,

135 5547 204 5622 quis
221 5547 362 5615 institutis,
374 5545 425 5605 eed
436 5546 520 5604 etiam
540 5546 618 5603 novis
631 5545 774 5618 disponat,
790 5553 872 5617 prout
893 5545 939 5603 di·
992 5551 1025 5605 tt.
1040 5547 1122 5603 Petro
1142 5544 1330 5620 principaliter
1353 5539 1424 5599 iut'er
1448 5538 1569 5611 reliquos
1583 5539 1721 5611 apostolos
1737 5538 1791 5596 boe

136 5655 285 5700 versorum
297 5642 443 5698 necessitas
455 5639 791 5713 temporumexpostulat:
807 5641 938 5714 eccgunt
992 5639 1162 5716 privilegium
1176 5638 1315 5696 concessit
1329 5655 1336 5692 :
1349 5658 1362 5685 ι
1385 5631 1576 5707 Quodcunque
1600 5632 1727 5706 ligaveris
1742 5646 1791 5689 sn·

137 5735 231 5804 euim,
246 5734 284 5791 ait
294 5734 465 5808 Augustinus
482 5734 517 5792 cd
531 5733 714 5803 bonifacium,
738 5733 841 5790 multas
868 5733 938 5790 inve-
994 5749 1044 5808 per
1055 5741 1172 5803 terram,
1187 5731 1241 5789 erit
1258 5731 1373 5803 ligatum
1389 5736 1417 5787 et
1430 5726 1458 5783 in
1471 5725 1758 5792 ooelistisotth.xr1).
1774 5746 1790 5775 e
1829 5670 1884 5784 ι

136 5830 203 5889 nire
211 5827 901 5901 medicinasmultorumexperimentamorbornrn.
922 5848 937 5877 ι
957 5830 973 5859 “·“
992 5827 1047 5898 Qui
1070 5827 1144 5886 euim
1169 5823 1450 5901 generaliteromnes
1473 5816 1631 5892 apostolicae
1662 5817 1794 5888 potestati
