3870 6164
250 214 257 247 l

170 333 222 387 sss
513 328 539 384 s.
559 328 722 384 sennenn
739 329 784 383 vn
803 329 901 384 exem
920 326 1057 383 oesnuu
1076 326 1161 384 eins
1180 328 1200 382 t.
1221 352 1256 364 -
1275 318 1474 378 neersrnun.
1556 303 1559 307 '

168 463 272 523 nmen,
293 456 352 510 Deo
371 453 527 520 miserante,
547 462 611 525 post
626 454 737 527 longam
756 451 965 522 discussionem,
980 457 1005 519 Α
1020 451 1132 518 auferri,
1157 456 1239 523 prout
1260 447 1311 519 ipsi
1337 446 1437 503 iterum
1463 447 1684 514 conqueruntur,
1712 454 1714 510 ξ

169 563 253 620 quam
263 546 366 620 justius
380 547 531 619 potuimus,
545 546 618 602 banc
633 561 694 618 quae
709 545 891 603 subscribitur
900 545 966 603 defi·
1020 545 1175 618 despexisti.
1202 546 1242 598 Ac
1265 549 1407 614 propterea
1421 532 1714 594 excommunicationes

168 639 304 696 nitionem
320 640 468 696 invenisse.
483 639 712 711 Archiepiscopus
725 639 864 711 siquidem
879 647 966 695 vester
1020 638 1049 694 in
1062 646 1157 694 nostro
1167 637 1283 708 registro
1297 632 1394 704 scripte
1409 638 1504 698 est,tu
1516 627 1631 685 cumeis
1643 625 1715 683 incur

167 733 321 789 Ecclesiam
339 735 531 790 Turonensem
541 732 588 805 jus
601 748 684 788 suum
703 731 732 787 in
749 732 889 789 Britannia
903 748 965 803 per·
1020 732 1080 789 sine
1102 739 1229 803 respectu
1241 728 1294 785 Dei
1309 735 1336 783 et
1350 723 1507 797 apostolicae
1521 717 1713 777 reverentiaed

169 824 273 883 didisse
286 841 467 898 conquerens,
481 828 676 883 Romanorum
689 824 852 897 pontificum
872 833 966 882 aucto·
1019 824 1162 891 Oidcium,
1185 823 1255 880 sicut
1274 820 1440 887 audivimus,
1455 815 1593 872 celebrare
1606 828 1714 886 praesun

164 918 275 975 ritatem
284 919 314 975 in
327 918 450 976 medium
462 919 551 985 duxit,
561 934 622 991 quae
637 917 779 990 perspicue
792 917 890 990 probat
903 919 965 975 Bri·
1019 923 1071 975 Pro
1095 918 1194 991 quibus
1207 926 1235 972 et
1255 915 1314 972 allis
1327 913 1448 985 pluribus
1461 926 1476 965 a
1488 907 1574 964 fratre
1588 915 1686 964 nostro
1702 907 1714 960 l

165 1012 292 1069 tauniam
311 1012 465 1069 Turonensi
484 1010 613 1068 Ecclesiae
627 1010 863 1084 quemadmodum
882 1011 964 1083 spiri·
1020 1011 1114 1068 Diensi
1127 1012 1253 1082 episcopo
1271 1006 1356 1064 semel
1370 1014 1398 1062 et
1414 1001 1560 1061 iterumad
1570 999 1714 1057 concilium

166 1103 235 1161 tuali
253 1105 337 1161 matri
357 1114 385 1161 et
397 1105 544 1177 metropoli
565 1119 622 1162 suae
636 1104 835 1177 subjectionem
848 1111 877 1159 et
889 1119 966 1160 reve-
1019 1105 1075 1175 tu's,
1089 1113 1117 1162 et
1129 1113 1222 1176 postea
1237 1119 1253 1157 a
1267 1100 1346 1157 nobis
1357 1097 1392 1155 ad
1402 1094 1542 1173 synodum
1549 1096 1707 1150 Romanam

165 1198 284 1254 rentiam
296 1197 405 1254 debere.
420 1197 548 1255 Dolensis
561 1213 626 1254 vero
642 1198 786 1269 episcopus
800 1212 858 1253 non
873 1197 963 1253 solum
1019 1207 1063 1255 tus
1077 1205 1109 1254 ut
1120 1207 1146 1253 te
1157 1210 1331 1268 expurgares,
1346 1192 1479 1264 quianon
1498 1187 1604 1254 venisti,
1620 1201 1671 1242 uec
1685 1198 1714 1241 ca

165 1291 358 1347 auctoritatem
371 1289 520 1348 audientiae
533 1299 636 1348 nostrae
647 1307 703 1346 non
717 1290 852 1360 exhibuit,
867 1306 963 1346 verum
1018 1291 1165 1360 excusasti,
1181 1291 1236 1345 nisi
1263 1287 1420 1359 apostolicae
1434 1283 1541 1357 pietatis
1564 1286 1711 1338 mansuetu

165 1382 249 1439 etiam
264 1384 324 1455 ipsa
341 1384 421 1440 verba
441 1400 491 1440 sua
507 1383 544 1440 ad
562 1382 750 1441 defensionem
766 1383 870 1456 prolata
888 1385 963 1440 nulla
1018 1384 1217 1458 dispensatorie
1227 1381 1262 1438 ad
1273 1391 1383 1452 tempus
1392 1373 1714 1441 sustineret,seutentian

163 1475 327 1534 certitudine
345 1478 391 1533 cui
412 1475 481 1534 fides
498 1476 587 1535 danda
606 1485 679 1534 esset
701 1476 769 1533 lulta
787 1476 960 1534 videbantur.
1017 1478 1195 1550 depositionis
1218 1483 1264 1532 tua
1281 1472 1475 1540 inobedientia,
1490 1484 1552 1543 qnae
1578 1483 1642 1523 rere
1655 1474 1700 1522 est

162 1569 266 1626 Tamen
279 1570 345 1643 quia
357 1570 484 1643 lupatria
496 1586 544 1627 sua
558 1569 710 1644 quamdam
724 1571 917 1627 auctoritatem
932 1586 962 1627 se
1017 1571 1103 1642 latria,
1115 1568 1280 1643 jamdudum
1289 1567 1466 1639 suscepisset.
1480 1563 1533 1619 Sed
1550 1569 1643 1617 tamen
1657 1558 1714 1616 adb

162 1661 306 1734 reliquisse
320 1663 470 1735 asserebat,
494 1663 585 1720 visum
598 1663 680 1721 nobis
703 1662 754 1720 luit
768 1671 800 1721 ut
819 1662 859 1721 ad
872 1671 961 1720 retra·
1015 1673 1128 1738 patemo
1149 1670 1289 1737 parcentes
1303 1660 1417 1725 affectu,
1433 1657 1496 1731 quia
1510 1656 1612 1712 diutius
1631 1662 1676 1710 tot
1698 1668 1714 1709 e

160 1754 292 1813 otandnm
305 1756 448 1832 negotium
469 1756 537 1814 illud
558 1756 681 1815 inducite
701 1757 841 1826 darentur,
861 1767 889 1814 et
910 1774 959 1829 pro
977 1758 1161 1870 Bquaedete
1175 1756 1248 1814 dicta
1268 1763 1333 1812 sunt
1347 1751 1503 1811 terrenullo
1515 1749 1600 1806 modo
1624 1746 1714 1805 hones

160 1847 213 1905 bac
222 1849 340 1923 aliisque
353 1851 443 1908 causis
456 1850 537 1924 legati
549 1851 710 1923 apostolicae
728 1850 801 1908 sedis
810 1850 959 1924 dirigerem
1015 1867 1122 1920 sumus,
1137 1850 1286 1923 apostolica
1298 1847 1460 1905 auctoritate
1478 1842 1654 1917 praecipimus
1667 1849 1701 1897 nt

159 1948 223 2011 tur;
246 1950 278 1998 ut
289 1943 391 2001 auditis
410 1944 556 2016 utriusque
575 1945 660 2015 partis
684 1943 849 2013 rationibus,
871 1945 896 2000 si
909 1958 958 1999 co-
1014 1944 1121 2019 quando
1144 1944 1291 2018 praedictus
1317 1942 1401 1998 irater
1425 1949 1519 1995 noster
1540 1940 1621 2009 Hugo
1634 1934 1714 1991 Diem

159 2037 303 2107 gnorerint
315 2036 460 2093 Britannos
473 2038 668 2093 auctoritatem
682 2036 866 2094 authenticam
888 2052 960 2109 apo·
1013 2054 1114 2111 scopus
1131 2045 1157 2094 te
1181 2036 1329 2102 vocaverit,
1355 2034 1389 2092 de
1409 2033 1452 2088 bis
1467 2031 1508 2087 vel
1536 2028 1595 2085 aliis
1609 2026 1714 2085 satisfac

159 2127 265 2185 stoliete
287 2129 373 2200 sedis,
391 2127 516 2186 videlicet
536 2145 633 2186 eorum
657 2114 821 2202 pontificum
841 2145 958 2202 quorum
1013 2132 1156 2188 occasione
1179 2130 1340 2204 postposita,
1363 2128 1400 2183 ita
1423 2133 1536 2197 paratus
1551 2131 1577 2179 et
1596 2124 1714 2178 circums

159 2217 298 2277 ordinatio
310 2230 338 2278 et
350 2223 406 2278 vita
419 2220 503 2295 digna
513 2231 542 2278 et
555 2223 650 2296 legalis
663 2220 758 2290 fuerit,
778 2222 889 2295 habere,
909 2238 959 2295 per
1011 2224 1138 2282 advenias
1161 2234 1201 2296 ut,
1220 2224 1243 2281 si
1271 2231 1297 2279 te
1320 2223 1493 2278 innocentem
1515 2226 1543 2273 et
1557 2216 1626 2273 falso
1649 2231 1714 2273 acon

158 2326 242 2386 quam
256 2315 363 2386 possint
376 2330 405 2371 se
420 2330 437 2371 a
450 2314 622 2387 subjectione
637 2295 776 2386 pioedictae
789 2317 957 2372 Turonensis
1011 2317 1074 2388 scis,
1096 2334 1161 2375 cum
1183 2317 1233 2375 Dei
1264 2315 1363 2373 auxilio
1390 2321 1418 2370 et
1442 2312 1617 2369 conscientie
1639 2309 1714 2382 purit

156 2406 288 2464 Ecclesiae
301 2406 474 2479 subtrahere,
489 2406 577 2481 quieti
591 2407 720 2481 deinceps
732 2417 914 2481 permaneant
927 2409 956 2464 iu
1011 2413 1139 2470 omnibus
1158 2411 1271 2485 objectis
1291 2418 1318 2466 et
1333 2406 1491 2480 objiciendis
1514 2404 1646 2461 canonice
1666 2419 1714 2476 exp

157 2514 208 2558 sna
221 2500 352 2558 libertate.
369 2500 451 2575 Quod
470 2501 495 2557 si
506 2501 654 2573 contigerit
666 2517 715 2558 eos
728 2501 810 2574 hujus
833 2502 956 2559 auctori·
1008 2506 1109 2579 possis.
1136 2508 1271 2563 Praeterea
1294 2518 1376 2561 omne
1389 2500 1512 2566 divinum
1529 2496 1659 2555 Ollicium
1680 2512 1714 2553 oa

157 2595 232 2661 tatis,
248 2608 334 2666 quam
352 2595 436 2650 modo
462 2593 592 2663 diximus,
614 2610 672 2651 uon
686 2610 766 2667 posse
789 2594 892 2652 babere
906 2595 955 2653 de·
1010 2586 1153 2655 canonicis
1165 2598 1199 2655 de
1212 2607 1301 2654 castro
1318 2594 1408 2654 Sancti
1420 2593 1508 2660 Pauli,
1525 2600 1552 2648 te
1565 2590 1624 2647 solo
1640 2590 1714 2647 inter

156 2685 320 2757 sefflifflflm,
345 2689 435 2760 milita
463 2686 593 2761 deinceps
615 2695 643 2745 et
665 2688 692 2744 in
718 2696 856 2746 aetemum
879 2689 954 2746 omni
1010 2708 1064 2765 que
1088 2692 1122 2750 ad
1134 2691 1304 2749 audientiam
1314 2683 1714 2760 excepto,interdicimus:eti

157 2782 356 2850 controversia,
387 2784 580 2839 'turonensem
610 2783 761 2839 Ecclesiam
785 2789 903 2839 matrem
928 2791 956 2839 et
1008 2785 1336 2857 iociseorum,quousque
1353 2780 1496 2854 praetatam
1509 2778 1602 2834 villam
1618 2792 1714 2834 cume

155 2874 330 2947 metropolim
344 2889 424 2931 suam
439 2886 645 2948 recognoscant,
665 2884 693 2932 et
715 2891 779 2933 eam
795 2890 858 2949 qute
877 2875 956 2933 decet
1010 2887 1038 2935 et
1057 2879 1116 2935 aliis
1142 2880 1198 2935 suis
1219 2876 1390 2950 pertinentiis
1418 2872 1539 2930 canonici
1559 2869 1681 2928 ecclesie
1704 2872 1714 2929 i

154 2967 399 3041 metropolitanum
420 2968 627 3042 archiepiscopo
640 2977 732 3026 vestro
755 2969 954 3042 sublectionem
1008 2972 1104 3029 Marias
1116 2980 1144 3028 et
1152 2974 1180 3029 S.
1191 2971 1343 3027 Andomari
1354 2967 1533 3034 restituerint,
1543 2973 1571 3021 et
1583 2966 1714 3021 coramfl

154 3067 184 3116 et
207 3060 395 3118 obedientiam
416 3060 575 3130 exhibeant,
589 3071 728 3118 reservato
749 3061 864 3118 Doleusi
894 3063 953 3135 epi·
1008 3064 1104 3122 Dieusi
1123 3067 1252 3136 episcopo
1275 3064 1309 3120 de
1327 3060 1510 3119 inobedientia
1533 3067 1561 3115 et
1582 3073 1714 3114 excomm

152 3167 237 3226 scopo
251 3153 325 3226 pallii
340 3169 391 3211 usu
408 3171 416 3211 ε
440 3154 478 3210 ita
499 3163 593 3211 tamen
606 3163 639 3211 nt
659 3154 752 3211 nullus
764 3170 954 3212 successorum
970 3157 993 3220 C
1009 3159 1084 3215 none
1099 3157 1260 3214 satisfecerit
1277 3164 1323 3214 :et
1336 3156 1386 3212 nisi
1405 3165 1435 3211 tu
1447 3154 1540 3210 statim
1556 3152 1610 3207 sisa
1625 3166 1714 3224 praece

151 3248 264 3303 suorum
277 3247 370 3321 aliquo
386 3248 417 3303 iu
430 3254 555 3321 tempore
568 3247 604 3305 ad
622 3247 693 3305 banc
705 3246 867 3321 dignitatem
878 3250 953 3322 aspi·
1007 3260 1100 3309 nostra
1123 3251 1257 3324 praedictis
1277 3250 1419 3307 canonicis
1439 3248 1502 3314 tuis,
1533 3255 1560 3302 et
1581 3244 1714 3302 omnibus

152 3345 204 3407 ret,
219 3339 280 3409 sed,
297 3341 368 3398 sicut
381 3340 606 3413 supradiximus,
623 3349 681 3398 tam
701 3342 755 3415 ipsi
773 3341 899 3399 videlicet
921 3344 952 3399 in
1007 3361 1116 3413 eorum,
1129 3352 1156 3400 et
1169 3345 1306 3417 praecipue
1329 3342 1374 3399 ubi
1393 3340 1515 3398 canonici
1536 3337 1710 3395 denominati

150 3433 270 3490 Feclesia
295 3434 408 3492 Doleusi
426 3435 611 3492 constituendi
636 3450 722 3507 qnam
747 3436 832 3493 etiam
858 3436 951 3493 caeteri
1006 3454 1090 3495 omne
1104 3437 1228 3494 divinum
1240 3437 1364 3493 cilicium
1376 3432 1558 3499 interdixeris,
1580 3447 1667 3488 omne
1680 3429 1714 3488 of

149 3527 299 3584 Britannice
325 3528 446 3602 episcopi
473 3529 631 3602 magisterio
660 3530 827 3586 Turonensis
858 3530 951 3586 archi·
1004 3542 1086 3590 tuum
1098 3532 1259 3590 auctoritate
1272 3529 1422 3603 apostolica
1437 3526 1614 3584 interdictum
1625 3540 1714 3582 nores

149 3618 270 3690 limbi
281 3621 311 3675 ¹¹¹
325 3621 599 3693 perpetuumsubditi
615 3630 804 3694 permaneant.
1041 3631 1113 3683 Data
1128 3630 1226 3683 Romae
1239 3626 1358 3698 septimo
1372 3621 1511 3679 Kalendas
1528 3619 1641 3692 Aprilis,
1657 3617 1714 3677 iudi

59 3744 65 3759 ·
166 3713 256 3768 ¹Data
266 3714 368 3769 Romae
379 3719 476 3770 octava
486 3713 550 3770 ldns
561 3715 685 3785 Martias,
696 3714 843 3773 indictione
856 3717 949 3774 tertia,
1004 3721 1096 3777 tertia.

413 3829 593 3886 netsronx
606 3830 684 3885 XVI.
1262 3821 1442 3878 EPISTOLA
1457 3818 1547 3874 Xllll.

103 4004 105 4009 Α
185 3957 227 4001 ΑΙ)
246 3955 424 4000 unssnrnrt
443 3959 617 4002 serscoeutt
637 3961 909 4006 unsvnnnsnsttnt.
1199 3953 1240 3995 ‚tn
1258 3951 1411 3995 leonenses
1430 3946 1601 3993 moncellos·

443 4063 536 4128 (Auno
562 4061 653 4133 1080.)
1305 4043 1503 4112 (leucinde.)

147 4172 217 4243 Ejus
230 4176 426 4231 contumaciam
438 4179 712 4249 coenans,praepspn
725 4183 757 4235 up
770 4181 946 4251 mmmm.
1001 4162 1119 4217 blundel
1135 4167 1166 4216 nt
1187 4162 1359 4228 moracslerio,
1377 4176 1437 4230 qeroe
1460 4158 1650 4214 Lemovicensis
1666 4157 1714 4227 epi

182 4260 233 4315 qne
242 4247 549 4312 vocotusfneestcoram
560 4251 782 4321 nemimem
792 4255 944 4323 apostopm
1038 4235 1162 4290 Ecclesiae
1177 4249 1233 4287 sne
1247 4235 1281 4287 ul>
1291 4235 1356 4303 ipsis
1369 4234 1511 4286 subtracto
1523 4230 1714 4310 conquestus!

180 4317 253 4372 sedis
264 4317 354 4387 leqato
368 4321 474 4373 omnlino
487 4335 515 4375 se
526 4326 672 4390 presentet
685 4323 718 4377 de
731 4324 824 4379 multis
836 4325 890 4380 sibi
902 4327 946 4381 ob
1037 4321 1122 4388 “illue
1144 4305 1181 4359 ‘ld
1197 4305 1343 4386 “ditinum
1360 4304 1509 4385 “POSiOI‘JCOE
1526 4301 1601 4383 ‚Silili
1621 4300 1709 4380 tepeat

175 4387 255 4458 jectis
275 4390 432 4444 criminibus
454 4391 571 4460 seipsum
592 4398 768 4462 purgaturus·
785 4396 853 4465 Ejus
868 4412 945 4460 cam.
1038 4391 1160 4445 episcopo
1186 4380 1344 4430 restituunt.
1360 4375 1468 4441 Quodsi
1483 4373 1551 4441 quad
1567 4387 1597 4425 an
1609 4387 1641 4425 en
1652 4386 1714 4443 repr

180 4460 260 4523 nien,
276 4462 326 4529 qni
341 4461 488 4530 quomdam
498 4460 593 4517 viltam
608 4471 809 4534 insumpseram
823 4467 945 4522 divinum
1001 4457 1006 4505 ἶ
1035 4447 1149 4501 credant
1177 4447 1285 4514 labne,
1299 4446 1488 4514 coronalepoto
1501 4443 1655 4498 ostendo-nt.

180 4531 301 4598 offlam
312 4532 461 4596 interdic&
470 4534 538 4588 “ab
552 4548 580 4589 ⁰⁰
590 4535 795 4592 ‘mmmm'
956 4562 980 4624 D
1030 4563 1210 4619 Gnaeonrus
1220 4556 1714 4634 episcopus,sersussersorumDei,1

178 4645 356 4704 Gssooatus
370 4648 527 4721 episcopus,
541 4664 636 4707 servus
649 4666 790 4708 serrorum
805 4652 868 4721 Dei,
882 4655 944 4709 flu·
998 4654 1078 4713 sibus
1096 4655 1249 4726 monachis,
1260 4656 1376 4711 salutem
1391 4662 1418 4711 et
1435 4651 1615 4725 apostolicam
1631 4649 1714 4708 bened

143 4752 251 4808 asaro,
265 4741 652 4815 Tervannensiumepiscopo.
999 4765 1073 4806 nem,

176 4830 257 4917 Quod
270 4832 391 4892 etcum
409 4837 631 4920 etnapostolicam
645 4839 865 4898 benedictionem
885 4840 937 4898 tibi
1033 4845 1130 4900 Frater
1144 4851 1172 4900 et
1194 4843 1373 4915 coepiscopus
1394 4849 1489 4898 noster
1503 4837 1709 4896 Lemovicensis

141 4940 196 4981 nou
210 4924 387 4992 mandamus,
406 4944 439 4984 ea
453 4930 573 4986 maxime
586 4947 668 4988 causa
683 4942 733 5000 est,
749 4939 823 5006 quod
848 4935 878 4990 iu
892 4950 937 4991 re·
999 4946 1111 5009 questus
1124 4946 1166 4994 est
1184 4937 1264 4994 nobis
1285 4936 1314 4992 iu
1337 4935 1453 5008 synodo,
1470 4949 1553 5007 quam
1576 4947 1666 5004 nuper
1688 4933 1714 4988 n

140 5018 229 5091 gistro
239 5027 335 5076 nostro
347 5020 445 5092 legitur
463 5030 491 5079 te
505 5023 541 5079 ab
555 5025 672 5097 Hugone
685 5026 767 5098 hujus
778 5036 880 5084 sancte
893 5043 936 5084 se·
998 5034 1059 5088 Deo
1073 5031 1233 5103 opitulante,
1248 5030 1456 5097 celebravimus,
1472 5028 1547 5100 quod
1560 5035 1651 5083 vestra
1666 5023 1714 5082 ira⁴

140 5110 183 5168 dis
198 5111 287 5185 legato
304 5112 378 5185 apud
399 5115 626 5173 monasteriolum
646 5119 808 5177 haereticum
828 5119 936 5193 publice
998 5132 1041 5182 tas
1053 5125 1182 5181 Ecelesiae
1194 5140 1250 5182 suae
1264 5123 1320 5181 duo
1335 5122 1499 5179 monasteria
1513 5119 1656 5178 subtrahit,
1669 5122 1714 5176 ‘tn

138 5204 301 5275 convictum,
317 5216 346 5262 et
358 5215 462 5279 postea,
483 5218 629 5282 antequam
644 5227 718 5268 esses
743 5212 778 5270 eb
795 5211 847 5269 bac
870 5211 937 5269 infe·
997 5227 1041 5275 est
1052 5218 1135 5275 etiam
1161 5218 1218 5291 ipse
1240 5216 1327 5274 irater
1348 5226 1375 5274 ct
1393 5216 1571 5288 coepiscopus
1598 5220 1695 5269 noster

138 5296 194 5353 mie
217 5307 392 5372 expurgatus,
412 5299 570 5361 audivimus
594 5303 751 5362 Simoniace
776 5308 935 5380 episcopum
997 5312 1100 5385 legatus
1110 5319 1202 5368 noster
1215 5314 1296 5385 Hugo
1309 5311 1420 5367 Dieusis
1439 5310 1581 5383 episcopus
1593 5305 1671 5379 quod
1686 5321 1714 5363 ve

137 5388 253 5476 factum.
268 5392 375 5451 Deinde
389 5396 463 5466 quod
479 5398 639 5470 apostolicae
653 5398 727 5456 sedis
736 5410 872 5475 praecepta
887 5418 935 5461 su·
997 5404 1049 5460 hac
1061 5420 1141 5460 causa
1155 5406 1189 5461 ad
1207 5404 1261 5461 duo
1286 5405 1409 5473 concilia,
1429 5404 1531 5460 scilicet
1551 5409 1582 5457 ut
1606 5398 1680 5456 inter
1701 5416 1714 5456 t

135 5499 185 5556 per
198 5491 226 5541 te
240 5493 268 5542 et
278 5501 360 5560 super
370 5490 518 5548 canonicos
532 5499 594 5548 tuos
605 5492 639 5549 de
653 5503 743 5552 castro
755 5496 932 5556 SanctiPeuli
997 5497 1169 5571 prelibatum
1190 5499 1347 5569 episcopum
1362 5497 1457 5555 exinde
1469 5495 1584 5569 justitiae
1610 5493 1698 5551 finem

134 5577 309 5653 promulgata
330 5596 379 5652 pro
398 5582 517 5655 quadam
530 5586 604 5657 villa,
618 5589 739 5646 Kesseca
766 5588 890 5664 [llesecn
907 5597 933 5648 et
995 5600 1122 5664 poneret,
1144 5592 1300 5656 admonuit;
1315 5591 1374 5663 sed,
1390 5600 1421 5648 ut
1435 5593 1493 5664 ipse
1508 5589 1615 5657 asserit,
1631 5589 1712 5646 nulla

134 5672 192 5756 cod.
207 5676 304 5731 Mutia.
321 5677 438 5749 ltesena]
454 5679 603 5750 nominata,
617 5697 700 5754 quam
719 5700 784 5741 cum
804 5677 929 5757 sulsper-
995 5685 1099 5742 stitiam
1122 5701 1173 5743 eeu
1200 5685 1387 5743 obedientiam
1407 5685 1538 5742 exhibere
1562 5680 1699 5740 voluistis.

133 5764 256 5824 tinentiis
269 5769 394 5827 canonici
409 5772 438 5828 S.
450 5772 543 5832 blariae
560 5784 589 5830 et
601 5776 630 5831 S.
646 5775 802 5832 Andomari
814 5792 888 5849 saepe
902 5781 932 5836 in
994 5787 1106 5851 propter
1137 5778 1274 5852 synodalis
1305 5786 1453 5836 conventus
1476 5776 1597 5836 decrevit
1623 5783 1656 5832 ut
1682 5792 1715 5851 pr

134 5861 279 5925 crescone
290 5870 385 5922 nostra
396 5869 540 5940 conquesti
552 5864 681 5925 suntsibi
695 5876 723 5925 et
733 5884 792 5925 sue
803 5870 936 5930 Ecclesiae
994 5874 1161 5933 monasteria
1178 5874 1207 5930 iu
1228 5881 1359 5947 potestate
1375 5871 1580 5931 lemovicensis
1598 5871 1714 5929 Ecclesi
