3870 6164
139 286 208 339 aare
638 278 684 333 uo
703 277 816 334 oense
834 278 860 333 s.
882 275 1042 332 seesonu
1061 256 1280 331 ceraunius.
1720 270 1775 322 rete

66 444 73 451 -
135 407 228 463 libeat.
243 407 314 463 llam
327 402 455 476 quaelibet
469 402 556 474 capita
571 401 651 469 locis,
675 401 730 457 suis
743 401 927 466 considerata,
943 408 966 467 Α
984 415 1047 455 cum
1061 397 1268 454 Narbonensem
1280 394 1440 467 episcopum
1450 392 1576 451 fideliter
1587 399 1634 447 est
1648 388 1777 448 tenenda:

136 514 334 571 nonnunquam
349 497 415 553 satis
426 504 518 567 aperte
539 494 685 566 patebunt,
699 511 771 566 que,
788 511 834 566 per
852 510 881 550 se
891 495 929 549 in·
986 513 998 545 a
1014 493 1102 560 Sicut,
1114 490 1213 563 lnquit,
1224 487 1351 561 quedam
1364 496 1498 560 suntquae
1511 485 1592 543 nulla
1603 485 1716 540 ratione
1730 501 1780 539 eon-

64 608 66 612 ’
136 602 236 666 specta,
251 600 297 647 aut
309 591 353 646 ris
367 599 414 645 aut
426 590 502 646 nullo
516 589 599 645 modo
613 597 803 660 competenter
816 587 929 660 intelligi
983 587 1043 642 velli
1062 592 1187 657 possunt,
1211 584 1250 639 ita
1274 582 1406 638 nonnulla
1419 588 1484 637 sunt
1496 594 1565 651 quse
1588 585 1644 634 aut
1663 592 1713 649 pre
1725 593 1780 632 orn·

137 693 292 758 potueruut.
309 685 371 755 lpsa
393 684 466 738 enim
483 682 687 738 circumstantia
702 682 825 738 lectionis
844 681 929 736 multa
971 680 1148 736 'sideratione
1159 685 1281 742 aetatom,
1300 685 1348 730 aut
1361 690 1409 746 pro
1419 674 1585 731 necessitate
1599 687 1700 726 remm
1716 687 1782 742 opor-

132 777 216 850 nobis
231 777 405 848 praescribere
419 777 500 844 solet,
515 791 577 848 qoae
596 791 681 831 unum
700 775 836 847 singulare
849 783 931 846 caput
985 781 1042 828 teat
1054 770 1198 843 temperari
1209 788 1217 836 3
1229 770 1273 824 illa
1286 782 1395 840 semper
1404 766 1569 824 conditione
1583 773 1702 821 serrata
1716 773 1751 828 ut,
1762 765 1782 819 in

136 886 194 926 non
217 869 311 938 hebet,
324 871 382 926 sine
397 870 498 942 quibus
512 878 604 925 tamen
618 869 733 940 pleniter
748 867 860 940 intelligi
874 883 930 923 non
983 866 1097 937 hisquae
1110 864 1150 919 vel
1168 862 1252 918 dubia
1266 860 1370 917 luerint
1382 861 1422 916 vel
1437 859 1571 926 obscure,
1592 858 1626 915 id
1640 859 1784 914 noverimus

135 963 215 1020 valet.
236 963 290 1020 Sed
301 962 472 1018 diversorum
481 970 648 1019 statutorum
667 961 832 1018 adinvicem
847 961 930 1017 colla·
983 958 1153 1031 sequendum
1168 955 1241 1027 quod
1254 971 1306 1011 nec
1328 955 1469 1027 praeseptis
1485 952 1673 1024 Evangelicis
1693 961 1784 1007 contre

135 1056 506 1127 liomultumnosadjuvat,
521 1055 583 1126 quia
598 1071 684 1111 uuum
697 1053 858 1126 saepealiod
874 1055 931 1110 elu—
984 1053 1069 1120 rium,
1093 1067 1144 1107 nec
1163 1048 1278 1106 decretis
1305 1057 1464 1104 sanctorum
1483 1049 1608 1103 Patrum
1639 1045 1784 1101 inventatur

135 1149 214 1206 sidat.
231 1149 419 1206 Consideratio
433 1164 542 1220 quoque
556 1156 724 1219 temporum,
739 1148 864 1204 locorum
876 1147 932 1203 siue
985 1146 1142 1202 adversum.
1170 1166 1182 1192 ν

136 1258 332 1314 personarum,
355 1258 428 1314 saepe
439 1242 516 1297 nobis
525 1248 727 1312 competentem
735 1240 932 1311 ,subministrat
1022 1241 1204 1294 llancautem
1224 1234 1382 1291 facultatem
1396 1235 1654 1305 temperandorum
1669 1231 1784 1287 siremn

137 1336 322 1403 intellectum3
338 1335 465 1390 utetiam
479 1333 621 1390 diversitas
640 1342 807 1390 statutorum
826 1349 931 1405 nequa·
985 1331 1134 1388 tandorum
1152 1344 1289 1385 canonum
1313 1331 1439 1383 Romano
1462 1324 1597 1397 pontifici
1617 1325 1783 1396 potissimum

136 1443 219 1500 quem
246 1427 364 1484 absurda
378 1429 418 1484 vel
433 1429 569 1484 contraria
583 1427 714 1491 videatur,
737 1443 800 1482 cum
820 1426 931 1482 diversi·
986 1424 1108 1496 adjacere
1126 1439 1180 1479 non
1196 1423 1355 1478 dubitamus
1364 1429 1395 1476 ut
1406 1421 1495 1477 sancti
1509 1423 1615 1476 Patres
1629 1419 1780 1475 docuemnt

136 1522 185 1578 tati
198 1521 563 1591 temporum,loeorumsire
574 1519 931 1592 personarumapertissime
987 1520 1059 1574 Nam
1074 1519 1168 1573 beatus
1183 1515 1310 1573 Gelasius
1322 1523 1349 1571 et
1361 1514 1491 1570 Nicolaus
1509 1529 1588 1586 papa
1608 1513 1667 1568 lin
1677 1512 1781 1569 decretis

137 1613 284 1671 distributa
297 1614 456 1686 reperiatur.
468 1617 529 1670 lloc
543 1615 636 1684 utique
650 1613 745 1670 lectori
761 1614 878 1669 multum
889 1613 931 1668 in·
986 1627 1092 1678 eorum,
1107 1609 1286 1682 Symmachus
1298 1623 1362 1665 rero
1373 1607 1400 1664 ln
1412 1605 1532 1681 generali
1543 1605 1672 1679 synodo,
1687 1605 1781 1663 diuerso

137 1707 293 1778 telligentiae
324 1708 516 1779 suppeditabit,
532 1706 554 1763 si
584 1705 743 1777 hujusmodi
766 1715 932 1762 stamtorum
987 1703 1099 1775 quidem
1114 1712 1248 1774 tempore,
1269 1702 1319 1758 sed
1330 1700 1426 1757 eadem
1441 1715 1508 1756 roce
1522 1699 1560 1756 de
1573 1699 1699 1755 Romani
1711 1700 1782 1771 ponti

122 1799 281 1873 ,originales
308 1815 406 1856 causas
424 1799 557 1870 singulari
570 1799 709 1869 diligentia
724 1798 853 1870 indagare
875 1814 931 1853 non
949 1773 1046 1853 Btisis
1068 1796 1230 1852 auctoritate
1258 1794 1407 1867 protestati
1427 1801 1502 1850 sunt.
1526 1814 1540 1841 r
1558 1793 1734 1858 Necessaria,
1745 1793 1782 1848 in·

137 1892 250 1947 omittit.
265 1893 304 1947 Ex
317 1891 364 1946 tali
378 1891 452 1946 enim
468 1892 642 1963 indagatione
656 1891 745 1946 molta
765 1890 934 1946 rationabili·
987 1890 1096 1962 quiunt,
1111 1904 1204 1944 rerum
1228 1887 1410 1960 dispositione
1428 1886 1653 1959 sontringimur,
1683 1894 1710 1940 et
1728 1901 1782 1957 apo

136 1992 178 2040 ter
192 1985 317 2040 instituta
333 1984 475 2054 parebunt,
490 1999 552 2054 quae
568 1983 699 2055 ignoratis
720 1998 818 2039 eorum
833 1984 933 2050 causis,
987 1984 1091 2039 stolicae
1111 1982 1185 2039 sedis
1202 1980 1392 2037 moderamine
1405 1980 1594 2037 convenimur
1605 1978 1646 2035 sic
1658 1995 1782 2035 cancnnn

139 2079 229 2134 minus
252 2078 351 2132 idonea
366 2076 448 2132 videri
470 2085 629 2149 potuerunt.
987 2077 1166 2132 Pateruomm
1188 2075 1300 2131 decreta
1319 2073 1428 2141 librare,
1442 2081 1471 2128 et
1485 2081 1565 2129 retro
1582 2073 1736 2144 praesulum
1748 2072 1784 2128 de

173 2171 234 2224 Hoc
248 2170 340 2240 utique
353 2169 555 2224 studiosissime
576 2169 760 2240 indagandum
776 2176 803 2223 et
820 2167 934 2240 indaga·
987 2183 1184 2240 cessorumque
1209 2176 1368 2223 nostremm
1390 2174 1526 2237 praecepta
1558 2166 1668 2234 metiri,
1693 2174 1786 2236 utque

136 2271 197 2317 tum
214 2262 355 2319 memoriae
368 2262 502 2316 tenaciter
513 2260 778 2317 commendandum:
793 2260 934 2332 quidsau-
987 2262 1164 2334 presentium
1189 2260 1335 2316 necessitas
1352 2267 1513 2330 temporum
1538 2259 1734 2315 restaurandis
1746 2261 1785 2313 Fa·

138 2355 173 2411 cti
187 2359 279 2410 Patres
289 2355 498 2426 dispensatorie,
511 2355 587 2425 quasi
600 2355 635 2410 ad
648 2362 756 2425 tempus
768 2353 934 2411 serrandum
987 2355 1075 2411 clesiis
1088 2355 1222 2426 deposcit,
1250 2352 1371 2410 adbibita
1399 2351 1632 2408 consideratione
1656 2352 1785 2425 diligenti.

139 2447 319 2512 instituerint3
341 2446 405 2518 quid
428 2446 511 2502 etiam
525 2446 688 2519 generaliter
711 2447 788 2503 omni
810 2455 935 2519 tempore
988 2456 1225 2520 quautunrpotest
1246 2446 1306 2502 fieri
1321 2456 1518 2518 temperemus.
1538 2465 1554 2498 o

89 2542 92 2549 ‘
140 2539 291 2595 tenendum
316 2539 480 2594 censuerint.
513 2539 576 2595 Alia
591 2540 666 2594 enim
680 2540 749 2595 ratio
775 2549 816 2596 est
837 2556 935 2598 eorum
1023 2544 1080 2598 Nec
1100 2540 1213 2596 mireris
1231 2540 1253 2595 si
1271 2539 1390 2595 Romani
1416 2536 1566 2609 pontifices
1590 2538 1668 2595 lianc
1692 2554 1788 2610 semper

137 2648 200 2704 quae
225 2631 421 2704 dispensatorie
442 2633 566 2688 instituta
589 2633 726 2701 ridentur,
749 2633 801 2689 alia
820 2650 934 2705 genera·
989 2635 1161 2708 peculiariter
1175 2633 1320 2689 habuerint
1343 2639 1507 2702 potestatem
1532 2640 1568 2686 ut
1596 2648 1724 2688 canones
1744 2648 1785 2705 pre

138 2724 215 2782 lium.
230 2724 313 2782 Unde
326 2725 422 2781 beatus
437 2725 616 2782 lnnocentius
636 2742 704 2798 papa
723 2726 759 2782 ad
769 2726 935 2785 Macedones
987 2737 1112 2800 tempore
1131 2725 1332 2799 dispensarent.
1357 2725 1412 2796 lpsi
1428 2724 1504 2780 enim
1532 2732 1602 2780 sunt
1616 2734 1787 2782 auctorare

137 2818 279 2889 episcopos
296 2817 439 2874 scribens:
458 2843 470 2867 a
496 2817 576 2889 Quod
590 2819 748 2886 necessitas,
772 2820 870 2892 inquit,
884 2837 934 2893 pro
988 2836 1106 2887 neurim,
1122 2829 1151 2878 et
1163 2820 1207 2875 illa
1223 2818 1300 2875 sedes
1314 2833 1422 2889 semper
1441 2816 1543 2873 babuit
1559 2817 1615 2874 hoc
1625 2818 1786 2891 privilegien

136 2911 259 2967 remedio
283 2911 392 2983 reperit,
416 2913 579 2968 necessitate
591 2920 726 2977 cessante,
742 2913 824 2970 debet
837 2916 933 2987 utique
988 2923 1018 2971 ut
1039 2914 1154 2986 ligatum
1169 2914 1209 2970 vel
1231 2912 1353 2969 solutum
1375 2913 1412 2966 sit
1435 2911 1578 2983 quidquid
1593 2912 1657 2982 ipsa
1678 2912 1787 2983 ligarent

137 3019 243 3060 cessare
264 3004 365 3075 pariter
387 3004 605 3076 quodurgebat;
631 3006 695 3077 quia
718 3006 787 3061 alius
808 3008 877 3063 orde
892 3017 933 3064 est
987 3009 1027 3063 rel
1047 3008 1168 3063 soluerit.
1189 3004 1281 3075 Unde,
1303 3006 1379 3078 juxta
1402 3004 1617 3060 attestationem
1642 3012 1785 3061 undosam

137 3096 287 3168 legitimus,
313 3096 534 3169 aliausurpatio,
558 3113 640 3170 quam
666 3097 702 3154 ad
730 3114 850 3170 praeseus
870 3100 929 3157 lieri
948 3119 971 3183 c
987 3104 1109 3166 Petrum,
1119 3098 1384 3156 omnibusEeclesiis
1393 3097 1656 3170 praeeminet,et‚de
1669 3098 1786 3154 omnibus

133 3190 378 3261 tempusimpelllt.
390 3191 580 3256 Etadvertite,
596 3190 670 3264 quod
681 3191 786 3263 utique,
798 3193 935 3267 aldionis,
986 3193 1112 3266 Judicaro
1127 3200 1226 3264 potest.
1243 3195 1304 3248 Hoc
1321 3191 1414 3263 utique
1429 3191 1612 3264 privilegium
1637 3190 1713 3246 nulla
1729 3188 1785 3246 ind'e

139 3283 285 3339 necessitas
300 3281 460 3352 imperavit,
473 3283 501 3339 in
514 3299 580 3355 pace
598 3284 656 3356 jam
673 3285 809 3341 Ecclesiae
829 3290 933 3345 consti·

138 3384 211 3432 tutas
227 3391 284 3432 non
298 3391 378 3447 posse
401 3392 578 3448 praesumere.
608 3401 620 3426 s
636 3380 695 3434 Hac
716 3378 823 3437 ratione
837 3379 935 3439 beatus

138 3470 313 3525 Innocentius
326 3478 462 3526 statutum
484 3471 589 3527 llieaeni
604 3471 713 3527 concilii
738 3471 785 3537 de,
800 3472 935 3533 haereticis

137 3577 200 3617 cum
224 3562 320 3618 ordine
337 3563 499 3635 recipiendis
521 3579 577 3620 non
601 3564 659 3636 jam
673 3566 871 3623 attendendum
893 3584 936 3625 as·

138 3654 234 3720 seruit,
249 3670 282 3709 eo
296 3653 371 3726 quod
385 3655 532 3711 necessitas
547 3655 594 3710 illo
619 3665 744 3728 tempore
762 3659 820 3731 jam
843 3668 933 3717 trans·

139 3745 203 3801 ierit
226 3760 289 3816 quae
311 3746 441 3802 llicaenos
459 3751 555 3803 Patres
579 3747 615 3803 ita
631 3750 797 3807 Novatiaues
815 3754 935 3826 recipere

55 3850 69 3863 ⁸
139 3836 313 3908 compulerit.
339 3839 422 3894 Unde
435 3848 463 3894 et
485 3838 608 3895 Africani
629 3846 734 3912 Patres,
750 3860 809 3916 cap.
826 3853 870 3914 ³²,
885 3847 934 3903 de-

139 3937 284 3986 creverunt
311 3946 347 3985 ne
370 3931 521 3987 Donatista
540 3948 604 3987 cum
619 3934 714 3991 ordine
738 3938 934 4009 reciperentur,

140 4023 194 4078 illis
213 4032 306 4079 nmen
331 4024 453 4094 exceptis
472 4039 520 4095 per
534 4041 652 4096 quorum
674 4030 873 4101 susceptionem
888 4048 935 4088 ec·

139 4116 301 4174 clesiasticee
309 4116 418 4172 utilitati
432 4119 629 4174 consuleretur.

174 4213 216 4267 De
230 4209 274 4266 bis
287 4218 380 4266 autem
392 4225 454 4281 quae
462 4227 520 4267 non
533 4210 751 4283 dispensatorie,
762 4215 811 4271 sed
821 4232 935 4290 genera-

138 4303 200 4360 liter
221 4302 346 4359 instituta
360 4311 434 4372 sont,
447 4314 557 4360 sanctus
580 4309 639 4362 Leo
653 4322 721 4379 papa
747 4310 853 4380 primos
874 4327 934 4368 om·

138 4396 219 4453 nibus
233 4395 370 4469 episcopis
384 4395 506 4453 scribens
519 4405 636 4454 testatur
652 4417 659 4454 :
675 4422 688 4447 ι
703 4403 774 4469 Non,
785 4402 888 4474 inquit,
906 4405 935 4460 in

989 3286 1077 3360 gnitus
1096 3283 1300 3358 presidentium
1314 3285 1479 3340 imminuere
1503 3285 1621 3355 poterit,
1650 3290 1784 3340 attestante

988 3378 1146 3435 beatissimo
1159 3380 1326 3450 papaLeone
1343 3396 1349 3432 :
1367 3400 1379 3424 ι
1393 3376 1461 3444 Etsi,
1472 3376 1576 3448 inquit,
1590 3391 1782 3449 nonuunquam

987 3473 1094 3529 diversa
1113 3479 1179 3528 sunt
1193 3472 1292 3528 merita
1306 3469 1541 3542 praesulumque
1567 3478 1669 3526 tamen
1690 3484 1782 3542 perne

987 3574 1056 3622 nent
1068 3565 1188 3632 sedium,
1201 3563 1301 3636 quibus
1315 3571 1428 3634 possunt
1443 3563 1540 3619 aemuli
1554 3563 1783 3634 perturbationem

988 3659 1109 3730 aliquam
1135 3656 1261 3714 fortassis
1278 3656 1389 3724 inferre,
1410 3663 1577 3712 nontamen
1605 3665 1724 3728 possunt
1740 3655 1782 3709 nri

989 3768 1075 3809 nuere
1094 3751 1266 3824 dignitatem.
1298 3751 1354 3805 Nec
1378 3750 1435 3822 ipse
1460 3756 1579 3805 sanctus
1607 3752 1718 3819 Petunt,
1740 3762 1781 3803 ne

989 3845 1056 3902 dum
1068 3845 1166 3916 aliquis
1178 3846 1313 3900 Romane
1327 3841 1400 3898 sedis
1409 3841 1566 3915 episcopus,
1579 3843 1783 3917 atiquemmun

988 3953 1183 4006 successorem,
1193 3937 1284 4009 aliquo
1299 3935 1493 4009 praejudicioea
1506 3944 1654 4010 potestate
1670 3935 1782 4008 priserit,

988 4032 1054 4104 quin
1067 4029 1166 4088 eadem
1187 4030 1349 4086 auctoritate
1363 4028 1439 4085 omni
1461 4029 1616 4099 Ecclesiae,
1633 4047 1692 4086 non
1704 4029 1779 4085 solun

988 4124 1117 4197 antiquis,
1133 4123 1181 4180 sed
1202 4131 1229 4178 et
1243 4123 1323 4179 novis
1338 4121 1482 4186 institutis,
1499 4136 1577 4177 nunc
1595 4122 1698 4189 lenius,
1720 4135 1781 4177 nunc

988 4218 1109 4274 severius
1131 4217 1274 4273 consulere
1291 4223 1382 4286 posset
1407 4214 1464 4270 imo
1479 4213 1618 4284 deberet,
1634 4225 1715 4289 prout
1726 4224 1782 4270 tem

990 4311 1049 4382 pori
1068 4325 1119 4365 suo
1139 4317 1324 4380 opportunum
1341 4306 1399 4364 lore
1411 4307 1526 4363 videret.
1541 4309 1610 4365 Hoc
1628 4311 1721 4382 utique
1734 4309 1782 4364 sin·

990 4404 1096 4475 gularia
1110 4406 1304 4459 ltomanomm
1325 4399 1633 4474 pontificum-decreta
1655 4410 1784 4469 testantur,

140 4491 299 4562 cujusquam
317 4505 434 4562 persona
451 4492 720 4562 pretermittendum
743 4502 784 4549 est
806 4497 878 4567 quod
906 4486 936 4553 in
946 4494 972 4557 1)
986 4497 1015 4552 in
1034 4496 1132 4567 quibus
1146 4496 1196 4566 ipsi
1211 4510 1326 4551 suorum
1342 4503 1501 4564 temporum
1514 4496 1732 4553 necessitatibus
1744 4493 1780 4549 di

139 4581 308 4654 generalibus
322 4584 431 4640 statutis
456 4585 619 4641 continetur.
634 4608 647 4633 ι
661 4588 729 4656 Quae
748 4588 830 4644 etiam
853 4590 934 4646 Gela·

41 4696 47 4707 ·
139 4674 197 4731 sius
217 4690 284 4746 papa
306 4690 415 4748 semper
433 4678 593 4748 regulariter
615 4678 792 4737 custodienda
811 4682 932 4754 judicat,

61 4804 63 4815 .
138 4766 193 4823 nisi
207 4766 298 4837 aliqua
309 4768 350 4823 rel
361 4783 454 4824 renum
467 4770 508 4826 uel
520 4779 677 4844 temporum
693 4783 838 4847 perurgeat
848 4792 933 4848 angu-

90 4916 92 4920 i
136 4860 198 4917 stia.
212 4863 282 4916 Nam
292 4868 320 4915 et
331 4860 365 4916 de
379 4861 421 4916 lris
434 4878 633 4934 nonnunquam
648 4865 747 4938 aliquid
757 4877 867 4924 sanctos
882 4873 933 4926 Pa-

136 4962 193 5010 tres
206 4953 344 5009 remisisse
371 4955 497 5027 leguntur
511 4972 559 5027 pro
573 4960 735 5015 necessitate
756 4969 931 5033 temporum,

138 5046 209 5101 utin
222 5046 394 5102 ordinatione
402 5049 486 5102 sancti
497 5050 646 5118 Ambrosii,
657 5067 738 5123 quem
749 5068 782 5108 es
793 5054 933 5127 neophyto

137 5139 332 5195 ordinaverunt
346 5140 437 5211 :quod
450 5147 544 5197 emen
555 5145 719 5214 generaliter
728 5161 867 5202 canonum
879 5148 933 5203 ius-

136 5233 217 5289 tituta
242 5231 449 5305 prohibuerunt.
473 5235 542 5290 Item
566 5234 639 5292 idem
665 5239 732 5306 Leo,
755 5238 801 5310 qui
832 5254 931 5311 supra,

136 5327 269 5398 quosdam
283 5341 316 5382 ex
328 5325 404 5382 laicis
420 5325 598 5388 ordinatoria
612 5329 770 5402 episcopatu
783 5332 932 5389 conflrma-

138 5417 186 5486 rit,
207 5418 270 5474 licet
283 5427 309 5474 et
324 5418 376 5475 boc
390 5420 476 5476 sancti
488 5422 585 5476 Patres
594 5424 759 5493 generaliter
767 5424 827 5497 jam
842 5426 933 5497 probi·

138 5510 257 5567 buerint.

172 5604 242 5659 Cum
266 5611 359 5659 autem
374 5605 465 5679 aliqua
487 5607 659 5665 rationabilis
678 5625 763 5666 causa
781 5612 933 5670 occurrerit

138 5710 200 5766 quae
224 5710 318 5751 sacros
332 5711 448 5752 canones
461 5697 661 5771 aliquantulum
675 5705 824 5773 temperari
837 5720 934 5779 exege-

141 5787 187 5856 rit,
199 5803 308 5861 semper
322 5787 367 5846 ills
380 5789 504 5861 ejusdem
526 5792 627 5850 uenis
640 5795 774 5851 moeniis
791 5797 828 5852 ad
846 5799 933 5856 ltust'e

988 4604 1068 4645 verso
1089 4588 1173 4645 modo
1195 4587 1364 4644 consuluisse
1384 4588 1522 4658 leguntur.
1545 4589 1665 4646 Nicaeni
1686 4601 1783 4661 qrroqtt

988 4698 1107 4738 canones
1127 4681 1246 4738 llomani
1261 4680 1400 4754 pontificis
1420 4680 1605 4754 privilegium
1627 4692 1719 4741 ratum
1735 4695 1783 4738 esse

988 4775 1142 4840 voluerunt,
1168 4791 1232 4831 cum
1247 4775 1281 4832 ad
1298 4774 1453 4845 exemplum
1479 4774 1541 4848 ejus
1556 4778 1648 4834 etiam
1672 4777 1781 4833 omniunt

987 4869 1192 4940 provinciarum
1203 4868 1351 4941 privilegia,
1360 4865 1518 4941 Judicarent
1532 4867 1724 4928 obseruanda.
1827 4924 1829 4929 .

1023 4963 1202 5035 Nequaquam
1212 4977 1275 5034 ergo
1288 4960 1391 5033 aliquid
1403 4964 1549 5017 Romanus
1562 4964 1690 5034 pontilex
1702 4969 1779 5019 eontn
1827 4942 1829 4959 '

987 5071 1105 5111 canones
1114 5056 1180 5127 agit,
1191 5054 1212 5112 sl
1222 5053 1332 5126 quando
1342 5053 1413 5121 illos,
1424 5069 1476 5125 pro
1487 5055 1778 5114 considerationetets-

988 5161 1098 5218 pornm,
1111 5162 1185 5202 nrrrrc
1207 5144 1338 5213 intendit,
1355 5161 1431 5201 nunc
1452 5145 1591 5215 remittit,
1618 5159 1724 5206 comet
1739 5143 1777 5218 ips'

988 5256 1105 5298 canones
1119 5242 1172 5296 tale
1195 5239 1366 5312 privilegium
1390 5239 1586 5297 indubitanter
1596 5243 1774 5300 concesserint

988 5335 1011 5391 si
1035 5343 1061 5390 et
1082 5336 1128 5390 alii
1143 5334 1276 5406 episcopi,
1289 5334 1340 5390 etsi
1355 5333 1430 5389 nullo
1457 5333 1556 5400 modo,
1572 5347 1609 5393 ut
1623 5338 1775 5410 presules*

988 5427 1111 5494 stolicus,
1128 5428 1168 5482 sul
1189 5443 1309 5484 canones
1325 5426 1479 5494 instituere,
1500 5427 1544 5484 vel
1562 5429 1633 5502 iam
1656 5431 1773 5488 institutes

986 5518 1110 5592 judicare
1121 5521 1237 5587 valcant,
1252 5519 1400 5593 aliquando
1414 5527 1524 5588 tamen,
1541 5535 1598 5592 pro
1615 5523 1771 5583 medulone

988 5615 1078 5686 aliqua
1091 5621 1193 5670 statuta
1207 5622 1380 5686 temperant,
1395 5621 1422 5670 et
1435 5612 1491 5670 boc
1505 5619 1637 5678 maxime
1651 5614 1771 5690 inopte

988 5707 1194 5780 penitentium,
1215 5707 1384 5780 quodetiam
1398 5706 1451 5778 ipsi
1467 5723 1598 5769 canones
1621 5712 1675 5770 illis
1696 5692 1769 5769 st&

988 5802 1069 5860 dunt
1085 5802 1154 5858 Nam
1169 5801 1314 5859 llicaeuum
1342 5801 1495 5858 canalium
1515 5803 1661 5881 episeopis
1684 5808 1769 5863 m
