3870 6164
135 303 191 359 etl
598 301 742 357 artabu.
763 302 807 357 tlt.
827 330 864 343 -
880 302 1090 360 houbtthlltu
1108 304 1338 360 Gaudeamus.
1568 302 1571 307 ’
1740 306 1797 365 uts'

136 442 192 499 que
205 440 304 498 papam
323 425 358 482 de
377 425 503 498 angustia
517 424 601 481 turris
625 425 653 480 in
675 424 845 483 latitudinem
869 427 938 484 sacri
953 432 980 494 Α
997 445 1129 502 pauperes
1147 437 1285 485 venemnt
1306 444 1337 485 ae
1350 427 1462 495 divitem
1477 431 1534 502 qni,
1548 430 1645 488 duma
1662 432 1792 504 predicta

133 520 231 593 palatii
242 519 435 576 lateranensis
456 534 522 575 cum
540 534 646 592 magno
655 519 796 592 triumpho
809 527 837 576 et
851 521 936 593 gloria
988 523 1130 580 comitissa
1143 523 1245 580 vellent
1258 520 1360 596 aliquid
1380 532 1429 579 ant
1440 524 1597 596 acquirere,
1612 534 1662 581 aut
1674 527 1790 598 acquisi-

134 614 254 672 reduxit.
269 614 372 685 ltaque,
396 613 513 685 peractis
532 612 570 669 ibi
591 612 695 686 aliquot
712 611 820 682 diebus,
848 614 936 671 Saler·
989 617 1183 675 tunrsecurius
1197 616 1328 683 obtinere,
1341 632 1458 674 munera
1479 618 1531 674 sibi
1551 618 1690 676 interdurn
1707 635 1789 693 gren-

134 725 205 766 nnm
223 709 326 781 pariter
339 717 527 780 perrexerunt,
549 708 598 765 ubi
608 716 637 765 et
659 709 850 766 sanchssimus
866 725 936 782 papa
990 708 1045 778 dia,
1059 710 1200 768 interdum
1219 710 1406 781 promiserunt
1417 710 1460 767 alii
1476 712 1600 784 majora,
1612 713 1713 785 quibus
1726 713 1787 783 ille,

136 802 282 877 emigravit
302 801 338 859 ad
358 800 509 859 Christum.
538 804 610 859 Nam
629 802 771 871 miracula,
797 817 859 874 qnae
886 819 936 876 per
989 804 1114 874 quamvis
1137 818 1241 877 pauper
1276 804 1350 876 ipse,
1384 813 1467 878 atque
1494 813 1605 878 egentes
1625 807 1667 864 sui
1698 816 1791 864 essent

136 912 203 954 eum
225 904 352 968 operatua
371 903 412 952 est
435 897 582 965 Dominus,
602 895 656 951 alia
674 895 786 968 quidem
805 897 933 969 vidimus,
989 912 1096 967 omnes,
1111 897 1199 955 iratus
1217 896 1371 969 respondit,
1391 899 1464 956 done
1481 899 1596 970 respuit,
1621 899 1789 972 adjutorium

136 989 191 1047 alia
207 989 243 1046 ab
257 988 364 1046 idoneis
377 988 492 1046 testibus
507 989 677 1056 audivimus,
689 1004 811 1062 quorum
822 1005 880 1046 non
893 999 936 1048 est
986 990 1154 1048 contradixit
1175 991 1260 1064 quod,
1276 991 1300 1048 si
1313 992 1400 1063 gratis
1412 992 1609 1064 postulassent,
1624 994 1707 1051 citius
1714 1002 1790 1051 certe

135 1076 222 1140 modo
235 1081 344 1140 dicendi
358 1081 444 1139 locus.
459 1083 566 1155 Fugato
586 1098 654 1155 ergo
664 1082 699 1138 ab
712 1083 790 1140 Urbe
802 1083 935 1142 Heinrico
963 1092 972 1101 ·
989 1085 1194 1157 impetrassent.
1209 1085 1258 1142 hit
1270 1085 1364 1143 enim:
1382 1109 1395 1135 ι
1404 1085 1438 1148 si
1450 1094 1493 1142 est
1503 1084 1639 1159 injustum
1653 1086 1729 1160 quod
1742 1103 1790 1143 ex·

135 1177 165 1233 in
178 1175 345 1234 Teutonicas
360 1183 453 1249 partes
466 1175 560 1232 statim
573 1175 631 1249 ipse
650 1176 773 1245 revertit,
795 1177 934 1234 concitatis
989 1185 1099 1251 petunt,
1114 1193 1163 1235 ero
1174 1179 1322 1251 particeps,
1337 1180 1394 1235 imo
1411 1186 1507 1235 auctor
1520 1194 1617 1237 eorum
1632 1180 1788 1253 injustitiaer

133 1270 259 1341 primum
272 1270 401 1327 omnibus
413 1285 484 1342 pene
493 1268 688 1342 Longobardis
709 1268 855 1327 adversum
870 1286 935 1342 prce
987 1272 1029 1329 sin
1046 1280 1139 1328 eutem
1158 1271 1266 1345 justum
1279 1280 1335 1343 est,
1351 1288 1415 1329 reus
1429 1288 1493 1343 ero,
1509 1272 1532 1329 si
1545 1273 1680 1346 lmtitiam
1692 1273 1790 1331 vendi·

134 1361 225 1420 iatam
236 1361 399 1434 dominam,
417 1370 446 1420 et
461 1361 591 1420 adversus
618 1371 743 1419 sanctum
759 1364 935 1436 provisorem
988 1365 1065 1423 dero.
1087 1388 1100 1415 »
1116 1365 1197 1437 Quod
1210 1365 1233 1422 si
1245 1375 1340 1422 mente
1353 1366 1436 1438 aliqui
1452 1382 1576 1438 perverse
1589 1366 1717 1425 divinitus
1733 1365 1790 1424 for·

134 1457 205 1530 ejus,
229 1456 315 1513 sedet
334 1456 466 1513 adversus
481 1471 592 1512 omnem
607 1456 768 1513 catholicam
786 1456 934 1514 unitatem.
988 1474 1040 1516 san
1061 1459 1201 1527 excaecati,
1224 1467 1272 1515 aut
1284 1460 1397 1516 avaritia
1423 1460 1517 1517 saeculi
1537 1438 1791 1532 perniciossimpli·

172 1553 242 1617 Nec,
256 1549 346 1607 multo
361 1557 425 1623 post
443 1564 509 1606 ecce
522 1549 672 1608 coadunati
691 1557 757 1606 sunt
771 1551 892 1624 episcopi
907 1559 936 1607 et
988 1553 1050 1619 cati,
1074 1552 1217 1610 catholice
1235 1561 1262 1609 et
1275 1553 1434 1626 apostolicae
1456 1552 1614 1610 restitemnt
1629 1553 1787 1622 sententia,

135 1643 314 1701 marchiones
331 1658 395 1699 cum
407 1643 468 1700 aliis
481 1643 585 1712 multis,
601 1644 650 1716 qui
669 1658 769 1717 magno
793 1645 898 1716 impetu
908 1653 936 1701 et
988 1646 1057 1703 dum
1071 1662 1167 1703 secum
1182 1645 1337 1703 ratiocinari
1352 1656 1510 1718 coeperunt,
1539 1645 1632 1703 subito
1654 1646 1724 1703 satis
1737 1647 1788 1704 ob·

134 1735 233 1794 lurore
246 1736 337 1794 sabito
344 1744 463 1792 terrram
473 1736 629 1793 invasemnt
638 1735 762 1809 ejusdem
770 1738 932 1806 comitissa,
946 1777 970 1839 B
985 1747 1163 1807 mutuernut,
1191 1740 1256 1813 quia
1270 1740 1411 1812 sapientia
1431 1740 1503 1797 illius
1520 1739 1649 1796 resistere
1669 1755 1726 1796 non
1736 1754 1789 1811 po-

135 1838 265 1902 pntantes
277 1838 367 1887 totam
380 1829 452 1886 illico
468 1845 525 1887 suae
544 1829 642 1886 ditioni
672 1830 829 1903 subjugare.
855 1833 934 1888 Tunc
986 1840 1115 1902 tuerunt,
1133 1835 1191 1891 imo
1207 1833 1396 1906 eloquentiam
1414 1832 1537 1889 hominis
1555 1840 1661 1889 tanum
1676 1840 1790 1903 tamque

140 1937 209 1996 ergo
241 1923 401 1996 congregati
428 1931 493 1980 sunt
513 1931 542 1979 ct
567 1922 655 1980 nostri
684 1922 820 1996 siquidem
846 1924 937 1996 pauci,
992 1926 1183 1983 rationabilem
1192 1926 1285 1984 mirati
1293 1934 1365 1982 sunt.
1378 1929 1499 1983 Omnem
1507 1926 1580 1983 enim
1590 1925 1793 1997 sacramscrip-

135 2017 271 2088 quoniam
292 2032 349 2073 una
369 2017 413 2071 vix
438 2017 483 2074 die
505 2017 613 2089 praescii
632 2016 697 2073 iacti
725 2024 805 2086 sunt;
827 2032 939 2073 rerum·
992 2028 1083 2076 turam
1100 2019 1327 2076 ferememoriter
1336 2018 1413 2076 novit
1422 2019 1517 2091 (itaut)
1527 2017 1591 2091 quid
1600 2017 1700 2090 singuli
1715 2016 1791 2090 ,quid

134 2109 327 2167 temennimis
347 2109 495 2167 confortati
516 2118 596 2180 sunt,
620 2109 828 2181 quiadominns
846 2118 939 2167 noster
990 2129 1089 2171 omnes
1108 2112 1143 2170 de
1158 2113 1251 2186 quavis
1264 2128 1346 2170 eausa
1358 2113 1444 2169 sancti
1457 2111 1626 2183 expositores
1638 2111 1789 2177 sentirent,
1855 2150 1857 2155 -

133 2210 249 2260 sanctus
271 2204 422 2261 anselmus
452 2203 600 2276 episcopus
629 2219 708 2260 suam
737 2203 776 2261 eis
807 2203 936 2261 benedic·
990 2221 1066 2276 mox,
1080 2215 1113 2263 ut
1126 2206 1318 2279 interrogares,
1333 2205 1621 2278 responderet.lllulta
1636 2203 1689 2261 sibl
1708 2203 1793 2261 sacris

135 2296 244 2354 tionem
265 2311 315 2369 per
335 2304 461 2353 nostram
484 2296 585 2354 direxit
598 2297 762 2369 parvitatem
789 2316 795 2353 :
824 2297 878 2354 hoc
909 2296 937 2354 in
990 2300 1182 2372 exscriptoris
1209 2299 1341 2357 divinitus
1360 2300 1485 2372 exposita
1509 2298 1705 2371 cognovimus,
1721 2312 1790 2369 quo-

136 2389 279 2447 maadatis
303 2391 438 2463 praecipue
464 2389 666 2447 commendans
690 2391 774 2447 nobis
792 2399 823 2447 ιιι
848 2391 872 2447 si
890 2390 937 2463 qui
991 2410 1055 2450 rum
1068 2394 1160 2467 aliqua
1171 2392 1206 2449 ab
1222 2394 1282 2464 ipso
1297 2393 1431 2450 habemus
1443 2392 1561 2464 scripta,
1582 2390 1672 2462 aliqua
1686 2391 1790 2448 retine-

133 2484 450 2541 cumexcommunicatis
460 2484 725 2553 communicassent,
736 2483 938 2556 primitusillos
991 2501 1052 2542 mus
1069 2485 1097 2541 in
1113 2486 1260 2542 memorie.
1276 2486 1381 2543 Multos
1394 2486 1503 2542 libellos
1517 2484 1635 2556 propriis
1662 2482 1792 2540 manibus

136 2576 360 2645 absolveremus,
386 2585 413 2634 et
429 2585 497 2635 tunc
517 2577 619 2649 pariter
646 2592 745 2634 omnes
773 2578 938 2634 auctoritate
991 2579 1164 2650 conscripsit.
1181 2584 1253 2645 (482)
1280 2579 1490 2651 Apolegetioum
1515 2593 1602 2635 unum
1619 2577 1736 2635 diversis
1758 2592 1792 2635 ex

133 2670 285 2744 apostolica
307 2678 335 2728 et
366 2687 415 2727 sua
440 2670 679 2738 benediceremus,
701 2670 869 2727 instruentes
889 2685 937 2726 eos
991 2679 1150 2730 sanctorum
1163 2674 1284 2729 ¹l’atrunr
1304 2671 1493 2728 voluminibus
1507 2671 1680 2743 compilavit,
1692 2670 1792 2744 quibus

136 2780 193 2838 quo
211 2772 293 2837 pacto
311 2779 398 2836 quave
412 2763 562 2821 intentione
587 2763 718 2820 deberent
732 2778 870 2835 pugnare,
886 2763 938 2820 sie·
990 2765 1087 2822 domni
1098 2779 1176 2837 papae
1185 2765 1360 2831 sententiam,
1372 2772 1401 2820 et
1411 2763 1537 2820 universa
1548 2763 1608 2835 eJ'us
1618 2761 1689 2819 iacta
1708 2770 1791 2833 atque

135 2858 230 2931 quein
243 2858 437 2915 remissionem
449 2858 577 2914 omnium
598 2866 776 2929 peccatorum
790 2872 888 2915 eorum
902 2857 938 2912 ia·
992 2866 1126 2931 praecepta
1145 2857 1284 2913 canonicis
1307 2855 1468 2913 defenderet
1486 2854 1640 2912 rationibus
1652 2864 1680 2912 et
1693 2869 1792 2927 appro-

136 2951 237 3009 stantis
253 2951 318 3008 belli
332 2952 571 3008 committeremus
584 2951 748 3024 pericnlum.
992 2951 1069 3008 buret
1092 2948 1252 3008 orthodoxis
1265 2948 1481 3006 auctoritatibus.
1507 2951 1539 3004 ln
1561 2948 1790 3005 Lamentationes

173 3047 259 3103 Facto
275 3045 368 3118 itaque
381 3060 531 3116 congressu
549 3043 680 3101 citissime
695 3044 775 3101 dorsa
789 3044 882 3100 hostes
894 3043 942 3102 de.
995 3045 1122 3102 ieremiae
1136 3044 1359 3101 dilucidissimam
1371 3040 1437 3100 fecit
1453 3043 1665 3114 expositionemr
1684 3041 1791 3098 Psalle-

136 3139 252 3208 derunt3
276 3148 303 3197 et
326 3147 424 3211 captus
446 3146 488 3195 εει
512 3154 577 3194 mox
598 3138 753 3195 Parmensis
779 3137 932 3212 episcopus,
949 3134 972 3198 C
987 3139 1060 3196 rium
1072 3154 1182 3212 quoque
1192 3146 1289 3210 rogatu
1299 3136 1530 3194 benedictissimae
1543 3136 1594 3192 Dei
1607 3134 1714 3191 ancillae
1732 3137 1791 3191 hla-

136 3240 165 3288 et
179 3231 286 3289 nobiles
299 3231 388 3299 multi,
404 3232 526 3288 minores
536 3246 600 3288 vero
617 3230 721 3304 abque
732 3246 866 3300 numero,
885 3229 934 3287 sed
987 3231 1082 3288 thildae
1100 3231 1226 3304 esposuit
1234 3229 1593 3298 luculentissime,breriter
1603 3227 1729 3300 quidem,
1741 3226 1789 3283 sed
1859 3288 1862 3293 ,

137 3332 164 3383 ει
177 3334 355 3382 mortuorum
368 3341 425 3382 non
438 3333 481 3382 est
490 3325 617 3381 inventus
626 3340 765 3381 numerus.
776 3328 820 3381 De
832 3323 936 3381 nostris
989 3325 1088 3381 utiliter
1100 3339 1187 3396 usque
1202 3324 1281 3379 illum
1295 3323 1324 3379 in
1343 3323 1449 3392 locum,
1468 3322 1513 3379 ubi
1523 3321 1562 3377 ait
1574 3340 1581 3378 :
1591 3322 1787 3378 deuderemus

135 3427 233 3477 autem
251 3428 306 3476 tres
324 3418 428 3476 mortui
442 3426 516 3487 sunt,
531 3427 559 3474 et
580 3418 715 3474 vulnerati
728 3417 819 3489 pauci3
842 3432 895 3489 qua
906 3416 935 3473 in
988 3419 1063 3474 vobrs
1074 3419 1106 3474 io
1119 3420 1223 3474 nomiae
1235 3419 1345 3474 Domim
1357 3417 1439 3484 (Psoi.
1455 3418 1585 3480 cxxvxrl.
1597 3414 1638 3471 lbi
1654 3413 1790 3487 siquidem

135 3528 166 3569 re
179 3512 296 3586 glorim
308 3513 370 3580 Dei,
386 3519 413 3568 ει
430 3511 560 3568 virtutem
586 3510 783 3567 benedictionis
804 3525 936 3567 reveren·
989 3512 1072 3567 vitam
1095 3519 1124 3567 et
1150 3511 1350 3581 expositionem
1377 3508 1476 3577 finivit,
1494 3509 1631 3581 nobisque
1658 3507 1789 3564 omnibus

135 3604 245 3663 distimi
258 3605 383 3679 praesulis
404 3604 496 3663 fideles
518 3619 616 3661 omnes
637 3618 785 3676 agnoscere
809 3603 935 3676 potestis.
989 3602 1224 3677 alterpatriaroha
1238 3603 1321 3659 Jacob
1345 3603 1499 3669 benedixit3
1511 3602 1600 3674 cujus,
1615 3609 1647 3657 ut
1661 3599 1789 3657 omnibus

136 3698 249 3756 Abhinc
260 3700 334 3756 enim
344 3697 458 3756 confusa
468 3706 532 3754 sunt
542 3697 732 3755 haeretieorum
743 3696 935 3766 conciliabula,
988 3709 1086 3755 notum
1104 3706 1156 3766 est,
1169 3698 1325 3755 universam
1337 3697 1368 3753 in
1382 3696 1494 3754 ltaliam
1504 3694 1662 3753 benedictio
1676 3694 1790 3751 deseen-

134 3791 310 3850 etdeclinata
323 3801 366 3849 est
380 3791 463 3849 nimis
479 3792 547 3848 elata
560 3788 827 3849 eorumineoientia.
842 3790 936 3847 Gavisi
988 3791 1038 3849 dit.
1053 3795 1087 3848 ln
1110 3792 1203 3864 ipsum
1226 3791 1328 3848 etenim
1359 3799 1388 3847 et
1409 3806 1458 3862 per
1485 3791 1576 3861 ipsum
1607 3787 1728 3846 haeretici
1756 3802 1789 3843 ac

133 3894 233 3943 autem
246 3895 274 3943 et
286 3886 435 3944 confortati
444 3893 511 3942 sunt
519 3901 617 3943 omnes
626 3884 771 3955 Catholici,
782 3883 937 3958 praesertim
989 3885 1156 3942 schismatici
1178 3884 1222 3941 alii
1250 3892 1471 3951 convertuntur,
1495 3881 1541 3938 alii
1570 3880 1788 3949 confunduntur,

132 3979 308 4047 domusiha,
323 3996 406 4053 quam
422 3981 450 4036 S.
469 3981 551 4035 Pater
563 3987 657 4035 εοειει·
670 3978 936 4049 Anselmusepisco·
989 3994 1111 4052 quorum
1128 3977 1309 4035 mordentes
1330 3976 1542 4050 confringuntur
1556 3976 1697 4048 ipsorum,
1720 3973 1788 4030 dum

133 4090 190 4150 pus
214 4074 437 4146 inexsuperatam
450 4081 545 4146 postea
561 4071 718 4139 custodivit,
733 4088 765 4129 ac
785 4072 811 4127 in
825 4070 877 4128 lide
897 4087 937 4127 ca·
990 4072 1076 4145 ipsius
1093 4071 1207 4129 Domini
1220 4070 1312 4127 verbis
1324 4070 1508 4142 respondetur
1522 4068 1579 4126 eis:
1596 4068 1665 4123 Coeci
1679 4067 1788 4133 eidem,

133 4167 241 4225 thelica
260 4177 467 4240 permanentem
486 4165 643 4222 reservavit.
664 4167 702 4220 Et
724 4163 814 4221 iaetus
835 4172 877 4220 est
892 4164 937 4220 ille
990 4166 1082 4221 claudi
1112 4166 1265 4229 ambulant,
1288 4166 1367 4220 surdi
1397 4164 1525 4233 audiunt,
1549 4164 1619 4217 muti
1640 4159 1789 4232 loquuntur

134 4260 302 4319 unimotim
315 4260 435 4317 civitatis
458 4260 621 4332 episcopus,
647 4258 808 4314 innocenter
824 4255 936 4329 quidem
990 4259 1098 4325 (Mattb.
1111 4261 1170 4327 xv).

133 4354 450 4428 exprimendarum
475 4352 616 4410 civitatum
638 4351 738 4424 praesul
760 4349 935 4423 magnificus.
1025 4352 1067 4406 De
1091 4349 1253 4406 abstinentia
1272 4364 1336 4405 vero
1355 4348 1428 4405 illius
1450 4348 1516 4420 quid
1541 4347 1651 4404 dicam?
1683 4348 1788 4404 Omnes

133 4452 213 4507 Nam
235 4455 399 4520 potestatem
414 4447 439 4502 ει
461 4454 490 4503 ει
510 4447 599 4502 vicem
614 4460 693 4501 suam
720 4443 842 4501 domnus
868 4459 936 4516 papa
989 4442 1046 4500 iere
1059 4443 1137 4500 eibos
1154 4443 1250 4500 hebuit
1269 4451 1403 4516 tanquam
1417 4457 1526 4508 exosos,
1551 4440 1632 4496 etiam
1646 4439 1787 4496 delicatis·

133 4540 280 4598 commisit
295 4554 470 4612 peromnem
484 4537 718 4610 longobardiam,
742 4537 788 4594 ubi
802 4535 935 4595 Catholici
951 4504 977 4566 D
991 4537 1077 4594 simos
1096 4551 1178 4608 :quae
1199 4535 1327 4609 praedicta
1349 4535 1437 4608 ipsius
1450 4535 1479 4590 in
1504 4532 1612 4590 Christo
1638 4532 1691 4588 filia
1715 4547 1788 4604 saepe

132 4650 197 4693 non
214 4631 381 4690 haberentur
408 4632 540 4705 episcopi,
565 4631 613 4704 qui
634 4639 700 4687 tunc
718 4629 936 4699 inveniebantur,
990 4632 1041 4688 sibi
1058 4631 1219 4705 exquisivit,
1233 4647 1290 4687 non
1307 4630 1386 4699 dico,
1401 4645 1459 4685 non
1473 4627 1664 4696 manducavit,
1679 4626 1728 4685 sed
1739 4626 1785 4683 vix

133 4735 214 4787 certe
226 4727 372 4784 rarissimi.
884 4776 887 4781 .
990 4727 1119 4799 gustavit.
1133 4727 1238 4783 Cuncta
1249 4724 1342 4781 saeouti
1356 4721 1545 4780 blandimenta
1560 4730 1588 4778 et
1599 4721 1723 4794 corporis
1740 4721 1785 4778 de·

174 4823 351 4880 Concurrunt
362 4821 455 4892 itaque
470 4819 505 4877 ad
520 4819 610 4890 ipsum
624 4817 659 4874 ab
672 4816 803 4873 omnibus
814 4815 936 4889 partibus
989 4819 1079 4886 licias,
1093 4818 1194 4890 quihus
1215 4817 1334 4890 gaudent
1348 4816 1485 4883 homines,
1500 4816 1560 4888 ipse
1578 4814 1629 4872 sibi
1652 4814 1790 4872 convertit

132 4912 343 4987 Langobardiae
351 4922 489 4987 quotquot
499 4914 590 4969 zelum
600 4911 701 4967 habent
709 4909 773 4966 fidei
783 4909 934 4967 catholicae.
989 4913 1019 4969 in
1031 4921 1212 4983 tormentum,
1228 4912 1414 4970 abominando
1428 4912 1547 4985 singula,
1566 4902 1700 4984 tanqu'em
1715 4925 1790 4982 qute-

134 5009 180 5067 lbi
207 5006 424 5065 benedictionem
438 5005 590 5078 Catholici,
609 5004 810 5061 absolutionem
824 5019 935 5060 excom·
989 5007 1058 5063 libet
1072 5022 1185 5063 venena.
1205 5006 1287 5064 Cibus
1308 5020 1418 5080 quoque
1440 5005 1589 5079 appositos,
1615 5004 1685 5062 dum
1705 5004 1788 5060 acir-

134 5101 287 5169 municati,
303 5100 353 5157 sed
366 5100 509 5167 conversi,
532 5099 687 5173 accipient:
701 5098 738 5155 ibi
756 5097 887 5166 chrisma,
899 5097 935 5153 ibi
989 5099 1211 5158 cumsedentibus
1225 5100 1363 5157 interdum
1378 5116 1489 5157 sumere
1499 5107 1652 5173 cogeretur,
1676 5096 1780 5152 infirmi

133 5211 233 5254 sacros
257 5195 368 5252 ordines
392 5192 553 5267 exquirunt3
578 5193 634 5250 illic
654 5192 769 5250 desolati
791 5192 934 5260 solatium,
988 5201 1085 5260 tatem,
1099 5201 1147 5250 aut
1164 5203 1271 5263 votum,
1286 5193 1326 5249 vel
1341 5193 1491 5267 quamlibet
1503 5189 1788 5250 ocasionemhoneste
1860 5242 1877 5275 'g

133 5288 288 5348 inoomulti
305 5288 461 5357 consilium,
483 5286 603 5344 consulti
627 5284 760 5360 gaudium
781 5285 933 5364 inveniunt.
989 5284 1083 5355 tinxi13
1106 5295 1148 5356 ut,
1163 5287 1383 5345 etdesideratam
1406 5286 1564 5344 observaret
1583 5284 1786 5352 cestirnoniam,

137 5379 225 5456 apud
246 5383 338 5455 ipsum
354 5381 490 5455 quidquid
503 5395 619 5453 usqrsnm
635 5380 709 5437 dubii
728 5388 780 5448 est,
797 5380 936 5452 sapienter
989 5381 1234 5439 etconrivantibus
1248 5397 1305 5438 non
1323 5380 1439 5439 inferret
1449 5379 1601 5437 tristitiam.
1611 5377 1789 5446 Vinum,sic

133 5474 287 5537 diffinitur.
298 5475 429 5550 Ejusdem
450 5490 559 5548 semper
578 5475 717 5548 gravitatis
731 5481 758 5530 et
777 5471 936 5530 reverentiae
990 5483 1022 5532 ut
1035 5473 1133 5530 beatus
1158 5474 1198 5530 ait
1210 5475 1409 5548 Hieronymus,
1423 5472 1481 5531 iere
1498 5479 1530 5530 ut
1549 5486 1686 5529 venenum
1709 5468 1786 5543 iugit.

133 5569 288 5643 reperitur,
316 5584 367 5626 nec
394 5569 482 5644 pretio
510 5577 559 5625 aut
585 5567 708 5640 precibus
739 5567 934 5640 cormmpitur.
989 5565 1063 5637 Vidi,
1077 5567 1201 5639 inquam,
1222 5567 1297 5642 quod
1316 5576 1345 5624 et
1366 5569 1466 5625 tacitus
1490 5565 1598 5634 notavi,
1623 5573 1656 5621 ut
1678 5565 1707 5621 in
1737 5577 1786 5619 ore
1876 5602 1888 5655 4.

133 5662 224 5723 blulti
238 5675 312 5736 ssepe
321 5661 358 5720 ed
371 5662 451 5720 illum
464 5662 548 5719 modo
561 5659 681 5729 nobiles,
694 5660 779 5718 morlo
792 5659 935 5732 ignobiles,
988 5667 1128 5731 sumptam
1142 5658 1303 5728 buccellam,
1319 5656 1551 5726 nolletdentibus,
1566 5658 1640 5716 sicut
1651 5664 1695 5714 est
1706 5668 1787 5711 com-

175 5848 253 5920 (ιιι)
267 5847 359 5908 eheu
367 5848 443 5907 huno
455 5848 558 5909 librum
571 5847 774 5921 apologeticum
787 5850 824 5904 D.
839 5845 979 5904 Hernicus
989 5845 1112 5908 &nidus
1124 5854 1196 5906 tom.
1210 5847 1249 5904 vl
1265 5846 1361 5922 hntiq.
1375 5848 1453 5903 lecte
