3870 6164
143 283 195 336 855
646 275 691 331 AD
711 275 824 331 OPERA
843 274 871 330 S.
891 272 1052 333 GREGORll
1072 274 1290 332 Artennites.
1744 276 1794 331 tet

140 412 206 461 mm
219 400 390 475 temporibus
402 400 455 456 illae
468 399 577 472 penitus
591 399 661 472 leges
674 399 863 468 destruuntur,
873 416 940 472 quas
954 404 981 467 A
994 415 1067 469 mire,
1087 399 1153 457 iliud
1168 400 1293 457 videlicet
1308 398 1468 456 ubidicitur
1487 416 1494 454 :
1508 400 1579 467 Ouio
1590 402 1697 470 oportet
1712 401 1797 471 etqui

145 495 232 554 sancti
258 495 385 554 doctores
398 508 486 566 usque
513 492 543 548 in
564 490 649 549 linem
676 493 772 551 mundi
797 508 942 550 mansuras
996 496 1115 565 otpertus
1130 499 1168 550 eet
1189 511 1242 550 non
1259 510 1359 564 rupere
1375 495 1546 550 audientium
1568 496 1702 565 roqomi3
1715 496 1795 550 elatu

144 589 340 663 praedixerunt.
996 592 1191 661 episcopusque·
1206 605 1265 645 cum
1271 591 1345 659 justa
1358 590 1400 644 oel
1418 589 1517 658 iniuste
1530 588 1644 658 obicem,
1664 592 1794 659 patienter

179 681 408 756 Quandoquidem
429 681 513 755 igitur
527 680 634 754 synodo
655 679 734 754 cujus
753 681 797 737 bic
812 681 941 738 testimo·
997 686 1113 755 ‹rccipict
1124 688 1155 739 ul
1166 686 1300 752 capotium
1316 683 1489 738 discutiatur.
1512 681 1597 751 Hine,
1613 690 1647 738 ot
1659 690 1790 753 putamus,

145 781 190 836 nia
215 778 316 833 inserta
339 785 420 846 sunt,
448 791 547 834 omnes
572 774 669 849 synodi
693 792 756 849 quae
777 777 942 834 authenticae
996 775 1032 834 ad
1049 777 1225 834 excusandas
1239 776 1430 833 excusationes
1444 774 1526 842 (real.
1541 777 1791 844 circumeamus

51 932 55 937 ,
145 882 220 942 srmt,
236 887 360 946 quasque
376 873 497 929 Ecclesia
511 871 619 943 recipit,
639 870 821 944 principatum
840 888 941 928 conce-
997 880 1120 941 sumunt,
1145 871 1222 943 quasi
1245 880 1357 944 pmpter
1376 870 1440 933 hoc,
1462 868 1648 940 examinatio,
1670 870 1792 928 sicutde·

144 966 225 1036 dunt,
237 967 358 1041 singulas
370 965 487 1022 aliarum
501 964 871 1022 sententiasannecterenon
884 974 940 1021 tarn
997 966 1067 1035 buit,
1081 965 1141 1023 iieri
1160 982 1217 1022 non
1232 964 1368 1022 debuisset
1385 969 1470 1032 (453),
1486 963 1561 1036 quod
1574 964 1792 1023 excommunica

145 1060 331 1118 necessarium
345 1067 388 1117 est
407 1074 491 1131 quam
507 1058 655 1130 prolixum.
679 1061 780 1115 Unum
801 1067 896 1115 tamen
915 1067 943 1116 et
997 1070 1041 1117 tor
1059 1060 1093 1117 ad
1110 1060 1278 1132 probandam
1291 1060 1331 1116 rel
1346 1058 1558 1132 improbandam
1575 1058 1745 1117 sententiam
1757 1060 1790 1117 etr

145 1155 271 1228 pluribus
294 1153 329 1211 de
345 1152 496 1211 sardicensi
516 1152 634 1222 concilio
650 1167 804 1224 excerpere,
819 1168 874 1208 non
895 1152 944 1209 abs
999 1154 1161 1225 patientiam
1174 1169 1230 1210 non
1246 1152 1411 1211 exhibuerit.

144 1248 324 1305 reducimus.
340 1248 368 1302 ln
392 1246 474 1319 hujus
497 1261 618 1319 namque
634 1245 743 1302 concilii
767 1245 939 1317 praelatione,
1034 1246 1078 1304 ad
1090 1247 1165 1319 quod
1181 1245 1357 1304 refutandum
1375 1263 1431 1303 non
1450 1249 1660 1322 scripturarum
1673 1250 1788 1307 tostino

145 1358 210 1399 cum
233 1341 268 1400 de
295 1340 412 1397 diversis
435 1340 607 1396 diversorum
632 1340 814 1395 conciliorum
843 1340 943 1412 regulis
997 1342 1054 1410 nia,
1068 1357 1126 1398 non
1149 1357 1286 1398 canonum
1308 1342 1465 1409 auctoritas,
1480 1341 1529 1399 sed
1552 1344 1614 1415 ipse
1634 1357 1730 1399 rerum
1750 1359 1788 1417 qe-

145 1443 319 1502 tractaretur,
331 1432 369 1489 ita
390 1433 501 1490 medem
514 1432 689 1506 subJunctum
706 1441 747 1488 est
764 1451 770 1486 :
786 1422 839 1489 Sed
852 1436 883 1488 in
902 1434 943 1489 bie
999 1443 1106 1491 starum
1119 1433 1188 1491 ordo
1203 1432 1376 1507 respondeat.
1392 1438 1497 1493 Notum
1513 1436 1589 1493 enim
1607 1437 1738 1494 omnibus
1748 1438 1788 1494 cir

145 1531 266 1585 mnibus
295 1529 342 1583 illo
364 1530 440 1597 sequi
453 1528 576 1582 debemus
598 1542 766 1597 qrraemruque
793 1543 811 1581 α
837 1529 943 1584 Nicaeae
998 1544 1172 1601 cumqoaque
1191 1537 1246 1595 est,
1270 1530 1414 1585 anathema
1435 1528 1503 1587 iilud
1526 1529 1561 1587 de
1581 1546 1639 1603 quo
1659 1530 1785 1604 agitarit

146 1624 256 1678 ennodio
267 1626 292 1677 et
306 1638 323 1675 a
337 1624 430 1676 coacto
442 1626 524 1691 utque
540 1621 686 1690 apostolico
701 1622 824 1676 Romano
839 1622 939 1690 [Ereto
997 1623 1103 1696 synodo
1123 1624 1251 1679 Romana
1265 1638 1327 1696 quae
1348 1628 1439 1691 (1080)
1460 1623 1550 1695 prima
1569 1623 1785 1698 Quadraqesime

144 1719 197 1785 sio]
210 1730 263 1771 nou
278 1716 430 1785 discrepare
442 1713 575 1769 uidemus.
998 1715 1170 1773 hebdomade
1190 1732 1223 1772 ex
1238 1732 1316 1772 more
1336 1716 1471 1773 celebrata
1486 1725 1529 1774 est
1542 1719 1685 1789 prolatum
1704 1718 1781 1776 luins

179 1808 261 1884 Quod
285 1817 379 1865 autem
413 1807 441 1863 in
477 1806 603 1879 ejusdem
628 1806 736 1863 concilii
765 1807 883 1880 capitulo
911 1815 941 1864 tr
958 1771 982 1834 B
998 1810 1079 1883 Quod
1102 1826 1165 1868 com
1196 1811 1224 1866 in
1253 1819 1344 1883 partes
1373 1811 1538 1868 Teutonicas
1563 1811 1781 1881 insonuisset,ia

83 1888 87 1896 ¹
144 1904 297 1972 invenitur,
324 1900 384 1958 ilios
414 1901 533 1958 velimus
558 1899 701 1957 attendere
734 1901 780 1974 qui
809 1909 866 1958 tam
899 1902 940 1959 ia·
997 1906 1125 1978 proximo
1147 1905 1268 1970 Pascha,
1297 1905 1420 1978 episcopi
1440 1905 1489 1978 qui
1511 1905 1541 1962 in
1560 1906 1675 1963 civitate
1696 1907 1779 1964 liabit-

143 1997 193 2053 cile
215 1998 301 2053 etiam
327 1994 515 2069 quorumlibet
529 1996 735 2068 episcoporum,
761 1994 865 2053 nedum
884 1999 941 2053 Ro·
997 2014 1078 2072 perga
1089 1996 1192 2055 festum
1206 1997 1273 2055 illud
1291 1999 1475 2067 celebrarunt,
1493 2000 1523 2055 in
1542 1999 1589 2056 die
1604 2008 1712 2070 sancto,
1725 2002 1779 2059 inter

144 2092 220 2149 mani
239 2089 377 2163 pontificis
402 2091 570 2146 seutentiam
598 2090 657 2145 sine
689 2090 769 2162 legali
796 2092 942 2147 examina·
996 2093 1144 2153 missarum
1157 2092 1290 2149 solemnia
1303 2093 1390 2149 multa
1401 2103 1429 2148 et
1441 2092 1629 2150 inhonestam
1643 2095 1777 2152 Dominum

144 2188 219 2244 tione
245 2186 419 2254 rescindunt3
443 2186 521 2257 quasi
542 2184 712 2243 discussione
737 2203 794 2245 uon
821 2187 943 2260 indigeat
996 2202 1097 2257 parianu
1112 2188 1236 2258 (Gregor.
1256 2188 1314 2251 Vll)
1338 2185 1402 2242 vitia
1416 2186 1581 2259 jaculantes,
1604 2188 1734 2246 omnibus
1744 2188 1778 2262 qui

144 2279 279 2353 quidquid
316 2278 429 2335 illorum
457 2277 547 2335 verbis
570 2279 627 2335 sire
653 2280 762 2352 justum
786 2281 842 2336 sire
868 2281 941 2354 inju-
997 2281 1151 2352 congregati
1182 2288 1246 2336 sunt
1276 2278 1506 2337 denuntiaverunt
1529 2296 1564 2337 er
1591 2288 1657 2338 tunc
1686 2283 1712 2338 in
1734 2282 1777 2338 reli

143 2382 220 2431 stttm
233 2372 373 2430 asseritur.
396 2371 562 2429 continetur
579 2380 674 2428 autem
693 2374 731 2428 sic
755 2374 782 2429 in
807 2373 941 2446 praetinito
995 2390 1080 2447 quum
1102 2388 1277 2447 nequaquam
1300 2388 1348 2446 pro
1370 2372 1521 2446 apostolico
1543 2373 1701 2433 habendum
1719 2390 1775 2441 enm

143 2467 262 2539 capitulo
278 2487 284 2523 :
298 2469 328 2523 Si
337 2469 476 2538 epiecopus
486 2468 547 2537 quis
558 2468 628 2534 forte
637 2467 794 2536 iracundus,
807 2469 878 2538 quod
888 2484 942 2525 esse
996 2467 1086 2540 ibique
1116 2467 1291 2538 incipientes,
1323 2468 1539 2539 pertransiemnt
1561 2484 1612 2540 per
1638 2468 1776 2526 unirermm

142 2579 194 2620 noa
213 2563 298 2626 debet,
313 2564 363 2617 cito
384 2566 410 2617 ct
423 2576 516 2632 cepere
529 2568 725 2618 commoveatur
738 2563 865 2619 adversm
876 2580 940 2634 pre·
995 2577 1109 2634 regnum
1132 2560 1229 2619 eadem
1252 2559 1438 2633 predicando,
1455 2562 1594 2635 adjunctis
1618 2562 1668 2620 eibi
1686 2571 1714 2619 et
1728 2560 1776 2619 aliis

143 2658 282 2727 sopierum
293 2658 347 2711 sice
358 2655 501 2711 dicemum
512 2670 600 2717 suum,
612 2660 638 2710 et
649 2659 830 2711 eaterminore
839 2673 898 2711 eum
907 2657 941 2712 de
996 2655 1118 2730 ejusdem
1139 2656 1214 2711 verbi
1229 2656 1374 2733 ministris.
1392 2656 1473 2726 Quod
1487 2657 1510 2712 ei
1524 2657 1593 2714 talia
1607 2673 1637 2715 ee
1651 2672 1682 2713 ea
1693 2670 1776 2714 necu-

145 2752 262 2808 Ecclesia
273 2749 402 2812 ooluem't,
414 2748 613 2820 prouidendum
627 2755 665 2805 est
679 2765 712 2804 ae
723 2753 846 2806 irruoceus
859 2751 941 2806 dum-
992 2751 1072 2807 sitate
1095 2765 1237 2823 aggressos
1253 2765 1310 2806 esse
1324 2750 1477 2806 obtendunt
1496 2748 1574 2821 quod
1593 2749 1730 2808 audientia
1747 2750 1777 2806 eit

143 2850 231 2914 octuq
253 2846 302 2898 out
325 2842 424 2914 perdat
448 2845 663 2898 communionem.
690 2845 737 2911 Et,
751 2843 844 2915 paucis
858 2844 940 2900 inter·
996 2844 1130 2917 denegata
1155 2844 1267 2912 inisset,
1286 2842 1415 2916 judicent
1434 2859 1532 2900 omnes
1557 2844 1604 2916 qui
1625 2859 1727 2901 sanum
1742 2858 1776 2900 ra·

143 2937 244 3006 missis,
263 2935 303 2992 sic
317 2935 430 2992 demum
445 2934 617 2992 concluditur
634 2955 640 2992 :
659 2940 766 3005 Tamen,
780 2941 942 3009 priusquam
997 2936 1074 3009 piant
1094 2937 1116 2992 si
1140 2936 1167 2992 in
1188 2936 1234 2992 tali
1255 2937 1388 3008 temporis
1410 2936 1549 2993 intervallo
1574 2936 1627 2995 boc
1642 2934 1776 2995 ullomodo

144 3035 236 3089 omnio
263 3031 408 3101 dilipmter
440 3035 464 3085 et
488 3030 602 3100 fideliter
642 3033 845 3100 ecomineutur,
881 3049 939 3087 eum
997 3030 1056 3086 fieri
1071 3031 1190 3103 potuerit
1203 3039 1347 3103 quatenus,
1363 3040 1426 3103 post
1438 3029 1608 3104 agnitionem
1629 3031 1774 3104 proletaria

143 3130 193 3199 qui
215 3126 314 3194 meret
340 3141 357 3178 o
379 3125 561 3179 commmime
586 3129 739 3195 seperatus,
769 3130 940 3195 ceteroqui·
960 3138 1026 3214 Cse
1050 3125 1208 3193 sententiae,
1229 3124 1324 3181 sedem
1348 3125 1527 3198 apostolicam
1550 3141 1601 3197 pro
1625 3122 1775 3183 decanum

143 3223 241 3276 tiberem
264 3217 356 3274 nullus
369 3218 446 3273 debet
456 3234 623 3289 praesumere
636 3223 667 3274 ut
686 3235 746 3275 cum
768 3224 944 3279 commumoni
997 3234 1077 3275 causa
1092 3218 1317 3291 interpellassent,
1336 3219 1488 3292 eaquelroo
1507 3218 1663 3293 denegante
1681 3221 1709 3277 in
1722 3232 1773 3293 pre

143 3314 235 3370 semet.
996 3312 1068 3369 dicto
1088 3311 1148 3368 loco
1171 3320 1200 3367 et
1219 3320 1342 3383 ternpore
1364 3311 1435 3369 hanc
1454 3311 1619 3369 seditionem
1634 3310 1775 3371 marmeno

177 3408 250 3463 Ecce
265 3406 294 3462 in
309 3406 437 3463 hocloco
451 3406 600 3479 specialiter
614 3394 953 3465 deilioeucommunica-¹
996 3414 1067 3463 sent.
1090 3407 1191 3478 Liquet
1209 3406 1331 3478 proiecto
1345 3405 1429 3481 quod,
1450 3406 1500 3463 etsi
1524 3406 1653 3464 voluntas
1676 3406 1725 3463 boc
1735 3403 1773 3460 ilic

143 3499 225 3557 tionis
254 3494 353 3573 genere
376 3500 479 3573 agitur,
504 3500 594 3573 quod,
621 3500 763 3558 iracundia
781 3510 941 3575 grassante,
995 3507 1165 3572 suggereret,
1179 3500 1249 3556 sicut
1263 3514 1314 3555 nec
1328 3499 1404 3567 iecit,
1421 3508 1515 3555 tamen
1527 3494 1773 3574 temporisaugaet'a

143 3593 424 3665 commtmnn,·quod
439 3609 556 3665 propero
568 3603 596 3650 et
608 3610 705 3667 aspero
720 3602 798 3651 motu
809 3597 944 3654 accelera·
995 3610 1049 3650 non
1068 3602 1215 3665 pateretur.
1230 3592 1312 3650 Unde
1331 3601 1422 3651 totum
1439 3593 1505 3649 illud
1518 3594 1619 3666 pariter
1633 3590 1774 3668 comprobo·

143 3694 203 3753 tur;
216 3693 244 3741 et
257 3694 354 3742 tamen
367 3700 543 3759 summopere
555 3695 667 3743 cavetur
678 3704 712 3744 ne
726 3689 768 3745 rei
783 3689 823 3745 sic
833 3706 942 3746 excom·
997 3695 1052 3755 tur,
1066 3687 1140 3760 quod
1151 3703 1202 3743 nec
1218 3687 1350 3743 discussio
1364 3685 1434 3743 iacta
1448 3694 1499 3757 est,
1515 3703 1567 3744 nec
1586 3695 1617 3743 ut
1632 3686 1710 3747 fieret
1719 3698 1775 3761 quit·

144 3777 314 3835 municatum
333 3786 398 3835 aute
417 3777 578 3854 diligentem
593 3781 827 3839 examinationem
846 3784 943 3857 aliquis
996 3781 1080 3837 situm
1096 3789 1137 3837 eet
1156 3781 1196 3837 rel
1220 3781 1392 3854 denegatum.
1410 3785 1524 3840 Constet
1547 3798 1614 3856 ergo
1635 3778 1776 3840 temeritatis

144 3870 265 3944 recipiat.
995 3875 1085 3946 potius
1103 3875 1221 3947 impulsu
1240 3890 1322 3947 quam
1341 3876 1509 3932 necessitatis
1530 3874 1669 3933 idacium
1688 3878 1776 3933 camd

179 3966 246 4020 Haee
261 3964 346 4021 ethis
362 3964 462 4020 similia
479 3964 507 4020 in
524 3966 647 4023 conciliis
665 3976 693 4023 et
708 3968 734 4022 in
750 3971 942 4026 Romanorum
996 3968 1224 4024 excommunicati
1238 3978 1300 4024 aute
1313 3969 1502 4041 probationem
1514 3969 1671 4041 legitimam
1682 3970 1777 4029 incon·

143 4058 293 4131 praesulum
312 4057 430 4115 decretis
445 4059 524 4132 quasi
543 4060 677 4132 usquead
698 4060 838 4118 festidium
856 4063 942 4120 incnl·
997 4063 1157 4118 munionem
1169 4063 1364 4135 reciperentur.
1378 4063 1460 4132 Qnod
1476 4062 1711 4135 quemadmodum
1722 4074 1775 4135 pcc·

143 4159 253 4208 cantur.
269 4153 327 4208 Nec
339 4150 392 4208 hoc
406 4150 515 4225 quidem
530 4151 733 4223 intermittitur,
748 4155 837 4227 qualis
850 4163 941 4213 utros·
996 4153 1059 4210 fartis
1082 4156 1205 4211 conciliis
1227 4165 1255 4212 et
1277 4155 1395 4212 decretis
1419 4157 1554 4212 invenitur
1576 4157 1733 4224 adversum,
1746 4154 1776 4211 ile

143 4260 196 4316 que
217 4243 337 4301 vindicta
358 4253 490 4318 sequatur
517 4267 522 4302 :
550 4246 628 4314 istos,
651 4249 674 4304 si
698 4250 942 4307 exconnmmicatis
996 4251 1077 4304 etiam
1096 4266 1152 4307 non
1170 4259 1275 4317 nostro,
1294 4251 1342 4308 sed
1356 4251 1475 4307 virorum
1492 4251 1707 4323 apostolicomm
1721 4251 1779 4309 Gre-

51 4406 61 4429 Ι
142 4338 262 4395 scienter
277 4346 305 4395 et
325 4347 390 4395 ante
414 4339 556 4412 utriusque
578 4341 662 4413 partis
681 4342 785 4415 justam
798 4346 939 4401 examina·
996 4345 1063 4417 gorii
1077 4352 1158 4416 atque
1166 4345 1269 4401 Leonis
1282 4345 1403 4417 [iudicio]
1411 4346 1486 4401 omni
1499 4345 1668 4403 auctoritate
1681 4357 1781 4402 ramam

141 4431 247 4489 nonem
284 4432 504 4495 communicant,
533 4434 705 4506 latebrasque
731 4436 940 4506 defensionum,
995 4438 1094 4494 etsine
1108 4438 1281 4496 cunctatione
1304 4438 1478 4496 cassandum.
1495 4442 1530 4495 Et
1552 4439 1615 4512 quia
1635 4456 1690 4498 non
1704 4440 1782 4496 minu

141 4525 288 4597 quominus
309 4524 344 4582 ad
366 4524 584 4583 satisfactionem
598 4529 796 4601 perducantur,
823 4539 941 4602 praeten—
954 4501 980 4564 Ῑ)
995 4531 1184 4587 ecclesiasticis
1204 4532 1444 4590 consuetudinibus
1457 4548 1538 4605 quam
1556 4532 1666 4606 legibus
1679 4532 1783 4605 miras*

142 4616 228 4687 dunt3
245 4620 497 4677 excommunicatos
511 4628 614 4688 autem,
634 4622 658 4678 si
677 4631 757 4690 aute,
773 4623 939 4681 audientiam
995 4633 1054 4693 tur,
1077 4624 1215 4697 praetbctis
1237 4627 1345 4684 duobus
1373 4624 1506 4693 testibus,
1529 4627 1660 4696 tertium,
1684 4629 1783 4685 beatum

140 4711 344 4768 communicare
368 4717 603 4787 presumpserint,
627 4716 648 4771 si
663 4732 753 4773 carisa
767 4732 824 4774 sure
846 4717 940 4775 adesse
997 4720 1182 4791 augustinum
1205 4719 1404 4792 conjungendo,
1427 4718 1566 4793 triplicem
1580 4720 1734 4779 ianiculum
1752 4716 1784 4776 ia

139 4804 318 4877 neglexerint,
337 4806 359 4862 ei
375 4805 445 4864 inira
471 4809 654 4866 constitutum
668 4811 821 4868 terminum
845 4828 939 4870 coram
994 4812 1110 4869 ciamus.
1128 4815 1192 4883 Qui,
1214 4812 1249 4870 ad
1268 4813 1431 4869 fesulanum
1453 4814 1645 4886 presbyterum
1664 4813 1782 4877 scribtos.

140 4897 196 4954 suis
215 4900 534 4959 excommunicatoribus
557 4918 669 4959 causam
693 4920 772 4961 suam
798 4922 854 4962 non
879 4923 937 4978 per·
994 4906 1065 4961 inter
1079 4908 1130 4963 alia
1155 4908 1192 4963 sic
1213 4908 1252 4962 ait
1267 4925 1274 4960 τ
1290 4910 1364 4963 Sicut
1375 4909 1601 4978 praevaricatores
1619 4910 1706 4979 lecum
1719 4908 1783 4963 dici·

139 4992 256 5065 egerint,
279 4993 301 5048 si
321 4994 496 5052 interdictum
514 4996 565 5053 sibi
589 4997 773 5054 ministerium
795 5016 940 5072 usurpave-
994 5016 1102 5069 uorum,
1126 5004 1208 5056 itaet
1225 5006 1414 5071 corrtempteres
1433 5002 1658 5057 cousuetudinem
1675 5002 1783 5058 ecclesie

139 5087 212 5154 rint;
227 5101 290 5158 quae
302 5088 365 5159 quia
385 5089 454 5145 nulli
471 5074 609 5163 incognita
628 5098 702 5158 snm,
718 5090 797 5146 latins
812 5092 855 5148 iric
871 5109 937 5149 enu-
992 5096 1124 5149 stirrrrum
1144 5096 1280 5150 coercendi
1293 5100 1365 5150 surrt.
1383 5097 1454 5150 item
1473 5102 1501 5150 et
1525 5095 1709 5151 ianuarium:
1726 5095 1781 5152 Ou-

42 5182 46 5186 '
138 5194 248 5236 merare
260 5195 311 5237 nec
325 5183 474 5239 necessitas
486 5183 580 5257 exigit,
591 5200 641 5241 nec
653 5184 774 5241 brevitas
787 5184 939 5257 epistolaris
992 5189 1039 5241 uita
1055 5190 1133 5256 tutio,
1147 5205 1206 5259 quie
1220 5205 1266 5242 nec
1283 5194 1438 5243 statutorum
1452 5190 1657 5259 Scriptumrum
1670 5188 1781 5245 auctori·

142 5268 272 5329 admittit.
992 5283 1094 5336 tatibus
1107 5284 1288 5349 coritiueutur,
1304 5298 1350 5337 ner
1364 5286 1542 5354 episcoporum
1555 5285 1678 5339 conciliis
1687 5286 1779 5338 statuto

171 5364 301 5440 sedquia
316 5367 447 5426 adversus
467 5370 519 5425 ista
541 5372 680 5427 excusatio
697 5374 789 5429 locum
805 5389 862 5429 non
884 5374 936 5431 ha·
991 5379 1182 5445 reperiuntur,
1206 5391 1254 5429 ure
1277 5376 1464 5430 rorrsuetmliue
1484 5376 1648 5431 universalis
1669 5375 1780 5431 &uene

136 5459 194 5528 bet,
209 5457 325 5518 sonasse
339 5476 373 5517 ex
387 5462 452 5532 ipsis
464 5462 597 5536 quiddam
614 5465 694 5521 nobis
708 5466 847 5539 objicitur,
861 5468 935 5541 quod
990 5470 1114 5524 roborato
1124 5473 1196 5530 surii.
1207 5470 1351 5524 resecando
1365 5471 1500 5524 eristimo.

135 5552 165 5609 in
190 5551 324 5625 praedicto
348 5554 470 5628 capitulo
492 5564 624 5615 statutum
649 5569 705 5629 est3
720 5560 793 5635 quod
809 5577 860 5617 nos
873 5563 933 5634 qui·
1025 5564 1126 5618 Verum
1149 5561 1183 5618 dc
1203 5563 1337 5620 militibus
1357 5562 1507 5618 Dominicis
1527 5563 1641 5619 interim
1662 5558 1778 5627 tacendo,

126 5639 210 5711 dem,
225 5647 298 5702 sicut
321 5648 372 5704 alia
397 5650 535 5721 quadam
549 5654 707 5726 compendii
726 5671 808 5711 causa
822 5656 933 5713 reticui·
990 5657 1024 5713 ad
1042 5656 1126 5728 ipsine
1143 5659 1255 5713 Domini
1274 5658 1382 5715 illorum
1404 5656 1486 5714 verba
1500 5657 1653 5728 veniamus,
1675 5652 1781 5717 dicent'n

171 5829 244 5904 i⁴⁵³l
261 5832 372 5892 Videtur
386 5837 462 5895 locus
476 5849 624 5913 corruptus
637 5849 665 5898 ct
677 5842 731 5914 teg.
751 5842 825 5897 Sr'cut
840 5842 934 5899 debuit
947 5846 1018 5914 fieri,
1032 5846 1108 5912 torto
1120 5859 1172 5900 nou
1188 5846 1300 5913 suirmt.
