3884 6158
47 298 52 317 ἱ
153 238 200 294 llll
495 237 524 292 S.
544 231 704 291 enecetur
722 232 768 290 llll
786 231 885 291 PAPAE
903 229 1041 290 OPERU!
1057 228 1146 288 PARS
1164 228 1185 286 l.
1204 255 1240 272 -
1257 223 1460 285 antistitem.

154 361 276 437 synodus
289 368 382 421 uncta
405 361 567 419 decerneret
587 357 622 416 ed
642 356 725 415 tuem
740 372 774 415 ee
785 364 952 430 exsequente
964 361 991 428 Α
1004 335 1296 425 cosmimetriam
1309 348 1550 421 interventoribus,
1563 347 1677 424 provebi

66 502 69 507 .
152 454 359 530 perduceretur?
372 457 413 513 lle
428 454 511 527 igitur
530 451 566 511 ad
582 458 691 510 tentum
705 451 770 509 velit
781 451 891 510 crimen
905 465 950 509 ve·
1005 444 1084 503 mini.

151 557 208 609 stra
226 549 382 608 fraternitas
395 548 472 622 erigi,
487 554 519 606 ut
532 561 595 622 quse
606 546 635 605 iu
649 545 737 604 causis
749 545 874 604 emnium
888 547 948 602 lle-
1037 537 1107 592 Diti
1123 531 1157 591 ld
1171 529 1259 606 [apud
1281 536 1306 588 ⁶⁸
1327 533 1366 587 ⁸²⁷⁰
1379 530 1410 586 *Ὦ
1434 532 1506 602 ffb]
1530 534 1659 586 lancium

151 644 239 702 mauis
258 642 432 717 pontificibue
454 649 512 700 rata
535 641 647 702 fuerunt
666 648 698 709 et
718 640 803 712 licita,
817 638 846 698 in
866 639 947 697 vestri
1001 639 1068 683 uum
1104 622 1249 683 undfssimll
1276 619 1417 681 Kilissdil
1442 616 1621 696 septembrii·
1647 614 1679 676 'll

151 737 235 795 ortus
248 752 331 796 cauo
344 736 531 796 inrequies
544 744 572 794 o
585 735 678 793 relicte
700 733 788 794 eun.
801 734 845 793 au
859 733 887 792 u
900 750 949 791 au·
1000 716 1100 791 prima.

149 839 208 891 tem
230 830 305 906 qued
317 830 352 889 de
366 831 508 906 privilegio
521 828 627 901 dicitis,
642 829 762 888 breviter
776 829 888 887 interim
901 844 946 885 re·

107 972 109 977 .
150 925 319 1000 spondemus
331 925 406 1001 quod
420 932 537 1001 possunt
550 923 677 998 mium
692 925 721 982 in
735 922 883 999 privilegiis
897 939 948 998 pre

149 1034 189 1091 re,
204 1035 255 1095 pre
267 1035 394 1096 porsena,
407 1035 458 1094 pro
469 1026 603 1092 tempere,
615 1033 665 1092 pro
679 1017 740 1076 lece
750 1015 948 1091 concedique

1274 784 1452 844 nulsione
1465 784 1516 842 lll.

1109 895 1152 938 an
1172 893 1327 939 nucem
1347 892 1523 938 nnrscevurr
1542 887 1676 934 ereneett

1300 972 1393 1038 (Anne
1411 972 1503 1037 loli.)

149 1115 250 1173 itemm
264 1130 315 1189 pre
334 1113 447 1183 eisdem,
470 1113 493 1172 ei
512 1113 658 1170 necessitas
681 1110 724 1169 vel
745 1109 846 1170 utilitas
859 1111 949 1185 major
1004 1056 1679 1203 Ufflffi‚wifflfflfieffl;g

149 1209 283 1284 exegerit,
295 1208 410 1267 licenter
420 1207 511 1266 valent
521 1205 698 1266 commutari.
707 1204 852 1280 Privildgia
864 1205 948 1279 siqui·
1037 1203 1190 1259 litterarum
1203 1204 1453 1274 eupreeevv'ptensm
1460 1200 1599 1271 exemplar
1611 1200 1679 1255 mitti

147 1300 213 1360 dem
225 1300 391 1360 nendebent
402 1309 562 1363 eremorum
571 1303 685 1358 Patrem
697 1299 891 1357 auctoritatem
903 1298 945 1355 in·
1037 1296 1189 1352 descensus
1208 1294 1364 1369 epiecopus,
1380 1308 1475 1354 servus
1484 1307 1628 1351 serverum
1650 1294 1679 1350 D

149 1394 452 1471 fringere,eedutilitati
459 1403 563 1454 sauma
569 1394 697 1453 Ecclesia
703 1391 867 1467 prospicere.
880 1391 947 1450 lude
1001 1406 1064 1446 eous
1080 1390 1172 1447 Dicusi
1191 1388 1329 1464 episcopo,
1343 1398 1372 1446 et
1382 1388 1494 1462 Eugeni
1507 1385 1678 1445 Cluniaccnsl

147 1488 444 1564 estqueddrelatensis
454 1489 586 1559 Ecclesia,
597 1503 655 1545 non
664 1486 947 1546 solumabeateGre·
1000 1484 1118 1542 salutem
1139 1493 1167 1541 et
1184 1483 1363 1558 apostolicam
1382 1481 1614 1541 benedictionem.

146 1583 226 1658 gorio
244 1581 358 1642 doctore
380 1583 509 1643 dulcifluo
530 1583 633 1656 (epici.
652 1582 672 1640 l.
684 1595 728 1651 rv,
751 1596 797 1654 ep.
818 1585 875 1652 ιι),
895 1580 945 1639 sed
1035 1578 1104 1650 Quia
1121 1578 1150 1636 iu
1162 1585 1264 1637 sanctae
1277 1577 1340 1649 Dei,
1355 1577 1398 1635 cui
1412 1575 1503 1635 divina
1524 1573 1679 1650 disposition

147 1677 233 1736 etiam
257 1693 273 1736 a
292 1677 415 1752 plumbus
434 1677 494 1751 ejus
515 1675 617 1735 moene
637 1675 866 1745 antecedentibus,
880 1689 945 1734 cum
999 1672 1133 1744 videmus,
1159 1671 1291 1731 Ecclesiae
1313 1670 1445 1747 regimine
1471 1669 1588 1729 sollicite
1610 1684 1662 1729 nee

149 1770 264 1830 baberet
272 1772 360 1830 vicem
373 1771 444 1830 sedis
464 1771 631 1845 apostolica,
645 1777 678 1829 ut
689 1783 787 1829 omnes
800 1770 943 1845 epiecepes
958 1765 984 1831 B
998 1774 1117 1841 eportet,
1139 1766 1236 1824 vestris
1250 1764 1366 1825 assiduis
1380 1764 1507 1840 precibus
1519 1764 1600 1823 nobis
1613 1771 1645 1821 ut
1669 1760 1679 1823 i

150 1866 237 1924 tetius
250 1865 326 1941 regni
338 1865 521 1936 Francorum,
535 1865 610 1940 qued
627 1873 693 1924 tunc
713 1865 796 1924 latius
815 1863 945 1924 extende-
1000 1861 1148 1920 obtineatis
1168 1860 1330 1936 praeeidium
1349 1859 1534 1933 deposcimus.
1555 1858 1679 1934 Quaprep

150 1959 241 2029 batur,
263 1960 297 2020 ad
316 1960 465 2019 concilium
482 1965 658 2030 convocaret,
673 1974 776 2035 eosque
792 1959 821 2017 in
837 1959 945 2035 judicio
999 1970 1175 2030 summepere
1191 1953 1310 2014 stridium
1335 1952 1464 2012 adbibere
1478 1951 1656 2011 admonendo
1677 1968 1679 2007 τ

148 2054 341 2112 consumserit
353 2053 426 2123 (siue
438 2053 517 2128 eujus
535 2053 645 2111 lieentia
660 2053 743 2111 nullis
756 2068 791 2111 ex
802 2068 886 2128 supra
904 2053 945 2112 di-
999 2065 1062 2109 mus
1073 2047 1365 2127 quatenus‘inquiratis
1379 2056 1407 2106 et
1419 2047 1558 2117 canoniea,
1574 2054 1679 2121 proutp

149 2146 200 2204 ctis
212 2147 348 2221 episcopis
357 2147 440 2222 lenge
452 2162 529 2205 aeuo
539 2146 697 2220 episcopatu
711 2144 753 2204 fas
765 2154 826 2205 crat
837 2146 940 2218 abire);
998 2144 1083 2201 fluam
1097 2145 1241 2218 imponere
1254 2141 1405 2216 procuretis
1419 2141 1547 2215 negotiis,
1557 2139 1632 2200 unde
1645 2142 1679 2199 lli

147 2249 210 2316 post
223 2240 312 2314 ulique
326 2248 452 2317 tempera
467 2256 516 2316 pre
536 2239 702 2313 quibusdam
715 2241 804 2299 causis
815 2239 944 2315 praeelicta
1000 2236 1219 2312 archiepiscopus
1231 2235 1370 2294 confrater
1391 2243 1486 2293 nester
1509 2235 1566 2293 suis
1588 2232 1679 2291 litteris

146 2343 268 2410 potestne
290 2343 320 2394 et
333 2335 482 2394 aucteritas
498 2335 627 2406 cessavi,
642 2342 670 2393 et
682 2350 762 2392 suam
782 2335 873 2393 vicem
886 2335 944 2393 aliis
998 2339 1165 2406 conquestus
1181 2337 1231 2388 est.
1254 2329 1435 2401 Conqueritur
1448 2329 1520 2386 enim
1535 2328 1569 2385 de
1592 2324 1679 2385 cenfrr

146 2426 248 2503 quitur
265 2428 368 2503 placuit
379 2428 460 2487 sedes
477 2428 626 2502 apostolica
636 2428 781 2486 concessit.
796 2429 943 2486 Rememis
997 2431 1056 2482 stre
1071 2423 1277 2497 archiepiscope
1286 2423 1434 2481 Viennensi
1446 2420 1634 2493 warmundo,
1645 2434 1679 2495 qu

145 2521 230 2579 etiem
239 2519 421 2597 cuipraesides
430 2521 552 2580 Ecclesia
561 2520 683 2596 quodam
693 2520 941 2596 tempereprimati
995 2518 1228 2593 archiepiscopatu
1242 2517 1416 2593 presbyteros
1430 2515 1558 2590 deposuit
1580 2524 1608 2573 et
1621 2514 1679 2574 cesi

103 2669 107 2677 .
146 2614 292 2689 subiacuit,
306 2614 382 2685 etei,
402 2614 577 2688 utmagistre
596 2622 660 2689 poet
673 2616 834 2672 Remanrnn
847 2615 941 2687 penti·
994 2613 1092 2671 stituit.
1115 2611 1284 2684 Quinetiam
1297 2610 1474 2686 conqueritur
1487 2609 1565 2685 qued
1585 2608 1679 2668 duee

146 2706 238 2778 ficem,
260 2706 389 2766 obedivit.
405 2706 486 2779 Quod
500 2714 527 2765 et
545 2706 580 2765 de
593 2706 716 2780 pluribus
735 2705 798 2763 aliis
811 2708 942 2765 Ecclesiis
994 2706 1039 2763 nei
1052 2704 1176 2780 ejusdem
1186 2705 1339 2777 ilemeneis,
1356 2704 1548 2762 laudunensis
1559 2702 1679 2762 seiiicm

147 2800 403 2875 petestisinvenire,
416 2800 440 2859 si
452 2809 615 2859 sanctorum
628 2803 741 2859 Patrum
754 2800 938 2860 diotaetnctu
993 2799 1137 2870 sionensis,
1161 2802 1314 2874 postposita
1334 2799 1464 2857 canonica
1486 2797 1660 2868 auctoritate,

103 2886 106 2891 ’
145 2893 297 2969 procuratis
310 2893 457 2968 diligenter
468 2895 648 2969 investigare.
662 2896 720 2953 llec
734 2894 763 2953 id
775 2894 895 2954 dicimus
907 2903 940 2954 ut
992 2909 1106 2952 nentem
1127 2895 1184 2952 ausi
1207 2903 1272 2952 suut
1285 2894 1447 2967 episcopum
1470 2906 1639 2962 consecrare,
1653 2890 1679 2952 dr

147 2987 285 3062 privilegia
303 2995 401 3046 vestroe
414 2988 544 3048 Ecclesia
558 2995 655 3046 centra
678 2987 815 3046 rationem
833 2988 876 3046 vel
895 2990 939 3046 iu·
992 2996 1064 3045 esset
1077 2987 1220 3045 nobiscum
1235 2991 1335 3046 liomte
1346 2995 1374 3045 et
1392 2986 1425 3046 de
1446 3001 1475 3045 se
1496 2985 1660 3045 sententm

143 3080 226 3156 biugi
239 3080 357 3139 velimus
370 3081 412 3139 vel
432 3081 562 3140 imminui
579 3080 615 3139 de
632 3080 742 3154 quibus,
754 3082 810 3139 vita
823 3082 938 3152 comite,
993 3087 1035 3138 ter
1055 3089 1233 3154 exspectaret.
1259 3081 1341 3153 Quod
1358 3097 1407 3139 ves
1425 3080 1507 3155 digna
1529 3088 1557 3138 et
1576 3078 1670 3137 solerti

142 3190 194 3234 suo
208 3183 344 3249 tempore,
359 3189 407 3233 ore
420 3173 456 3233 sd
474 3190 506 3231 es
522 3174 639 3232 otiosius
653 3174 815 3232 collocuturi
832 3189 937 3234 sumus.
957 3148 1070 3231 Ctiene
1086 3172 1224 3232 discutere
1235 3182 1264 3232 et
1276 3190 1442 3249 cognoscere
1452 3174 1527 3232 omni
1542 3172 1626 3232 mede
1637 3180 1679 3232 stu

143 3267 197 3328 Sed
211 3268 321 3327 interim
332 3267 509 3326 dilectionem
517 3276 638 3327 vestram
650 3283 685 3326 ex
697 3275 776 3342 parte
786 3267 859 3327 beati
872 3285 940 3344 ape·
995 3269 1032 3326 lta
1051 3283 1111 3327 sese
1124 3284 1168 3326 res
1185 3268 1296 3338 babeat,
1312 3277 1344 3326 ut
1359 3268 1534 3342 praediximue
1555 3281 1608 3326 noe

145 3360 282 3421 stolorum
300 3361 430 3436 principie
447 3361 523 3419 Petri
536 3361 737 3431 admonemus,
750 3369 793 3434 ut,
808 3362 940 3437 quemad·
993 3361 1169 3432 intellexisse,
1183 3362 1339 3436 presertim
1352 3362 1374 3419 ei
1396 3361 1469 3419 idern
1484 3359 1676 3419 ambianorum

143 3455 259 3513 modum
284 3455 362 3513 vobis
376 3458 474 3513 Eemae
495 3455 591 3530 positis
611 3455 818 3524 comtituimus,
843 3472 940 3515 cerem
994 3458 1131 3514 ilemenae
1142 3455 1238 3530 synodi
1247 3463 1275 3513 et
1285 3456 1441 3531 apostolieae
1451 3455 1521 3512 sedis
1536 3454 1678 3514 decretum

143 3547 237 3606 Dicnei
260 3549 389 3623 episcopo
399 3548 607 3608 etClunieeenei
620 3548 734 3619 abbate,
745 3549 844 3623 quibus
857 3550 887 3607 in
897 3549 940 3608 bis
993 3566 1032 3609 nu
1043 3549 1105 3608 laici
1128 3548 1247 3608 nefanda
1267 3549 1415 3608 ambitione
1427 3557 1456 3606 et
1473 3547 1621 3607 temerario
1634 3562 1679 3607 eut

142 3640 230 3698 vicem
252 3651 376 3699 nestram
392 3642 594 3712 commisimus,
614 3643 807 3701 occasionibus
832 3645 940 3701 eunctis
993 3643 1121 3702 etiterum
1131 3644 1269 3717 suscipere
1289 3644 1476 3718 praesumpsit,
1488 3643 1612 3703 canonici
1631 3640 1679 3718 rig

143 3732 347 3808 obstaculisque
360 3734 485 3804 remotis,
496 3750 578 3807 mpcr
589 3734 704 3808 objectis
724 3735 855 3795 omnibus
879 3737 940 3796 sitis
994 3728 1108 3795 veritate
1115 3737 1207 3794 taliter
1217 3738 1245 3793 in
1254 3753 1317 3794 eum
1330 3736 1468 3795 vindicare
1482 3737 1679 3811 et'pnnireobn

143 3824 308 3899 respondere
339 3827 435 3898 parati,
465 3826 586 3901 legaliter
611 3827 778 3898 aadebocre,
808 3832 940 3890 mnenice
993 3829 1065 3904 agite
1088 3837 1120 3887 ut
1140 3830 1199 3904 eius
1221 3831 1344 3904 exempla
1359 3832 1451 3889 caeteri
1473 3830 1574 3888 imitari
1595 3829 1679 3889 timm

144 3917 340 3994 purificemus
357 3918 686 3993 sialiudavebisiquod
704 3920 806 3994 obsiti)
829 3931 938 3996 agatur,
994 3925 1121 3982 Manasse
1143 3930 1248 3994 autom,
1262 3924 1297 3982 de
1320 3941 1375 3998 que
1388 3924 1517 3982 similiter
1535 3922 1679 3997 conquerit

143 4011 358 4086 tergiversationi
371 4019 400 4070 et
414 4011 485 4087 luge
495 4021 524 4070 ct
535 4013 713 4071 meselemia
723 4013 868 4084 scelerum
881 4031 939 4074 nen
994 4018 1092 4077 Oebali
1106 4033 1277 4093 suorumque
1289 4016 1395 4093 relegio
1409 4027 1437 4076 et
1450 4018 1550 4076 auxilie
1566 4018 1679 4077 illumei

143 4105 279 4164 exectiom
290 4105 404 4180 justitie
415 4115 443 4165 et
457 4105 593 4181 aequitatis
606 4122 623 4163 a
637 4106 762 4182 pluribus
775 4109 938 4167 ascribatur.
994 4112 1061 4170 nam
1083 4111 1199 4185 fatigare
1209 4126 1267 4170 nou
1279 4121 1378 4180 emme,
1394 4111 1518 4170 laborare
1533 4120 1565 4170 ut
1578 4111 1613 4170 nd
1626 4126 1679 4187 pac

143 4200 187 4257 lle
203 4198 406 4274 archiepiscopo
428 4208 521 4258 autern
536 4199 694 4271 Viennensi,
713 4215 798 4275 quem
816 4218 940 4278 conque-
993 4205 1058 4263 deat
1076 4214 1104 4263 et
1123 4205 1158 4263 ab
1182 4204 1378 4278 inquietatione
1401 4206 1530 4264 Ecclesia
1556 4214 1585 4265 et
1602 4220 1679 4280 pcrec

143 4291 239 4350 rimini
252 4292 280 4349 ln
300 4291 410 4352 dioeeen
425 4301 515 4352 vestra
535 4301 564 4352 et
579 4293 737 4368 deposuisse
754 4294 939 4372 presbyteres,
996 4298 1188 4372 archiepiscopi
1215 4298 1347 4372 quiescat.
1364 4300 1444 4371 Quod
1465 4301 1488 4357 si
1511 4298 1581 4358 ferte
1598 4299 1628 4358 in

144 4392 173 4444 et
190 4383 303 4445 eosdem
324 4386 427 4471 iterum
440 4387 470 4444 in
483 4387 602 4463 gradum
616 4387 764 4463 pristinum
776 4389 938 4460 restituisse,
995 4391 1113 4450 tumacia
1142 4391 1290 4466 persistens
1321 4394 1431 4452 obedire
1456 4394 1586 4463 renuerit,
1620 4392 1675 4452 niel

143 4479 223 4539 etde
241 4480 376 4555 episcopis
388 4479 566 4540 laudunensi
580 4487 609 4539 et
624 4482 817 4541 suessionensi
838 4481 939 4542 uulfra·
954 4483 1094 4582 Diustam
1121 4485 1324 4543 excusationem
1351 4485 1454 4543 babere
1481 4486 1671 4560 cognoverlu‘s,

40 4648 46 4657 .
143 4573 238 4646 ganeis
260 4573 357 4632 vesum
377 4573 423 4648 qui
445 4573 660 4633 ambianensem
675 4575 846 4651 episcopum,
860 4576 939 4635 vebis
993 4593 1102 4652 cunque
1137 4577 1216 4636 vebis
1250 4579 1353 4652 justius
1382 4578 1491 4637 videtur
1526 4578 1617 4639 facite.
1652 4580 1679 4638 n

143 4665 536 4727 inconsultisetnescisutibus
548 4671 651 4728 Roma
664 4669 747 4728 etiam
759 4669 938 4746 pesitie,ceu·
991 4681 1084 4730 autem
1110 4670 1317 4731 neeesdtatibus
1341 4671 1469 4731 eumdem
1491 4672 1679 4747 archiepiscop

142 4765 295 4829 morarum,
307 4768 336 4816 ct
352 4758 387 4816 de
400 4762 528 4820 Manasse
546 4763 593 4836 qui
607 4777 656 4821 vos
671 4771 700 4821 et
712 4763 867 4823 Ecdcsiam
891 4780 938 4823 ve·
992 4774 1086 4825 tamen
1103 4765 1182 4824 vebis
1201 4765 1345 4835 obedierit)
1359 4766 1429 4823 sieut
1447 4765 1562 4841 dignum
1582 4764 1679 4840 ested

142 4857 239 4920 tuem,
252 4851 316 4926 quia
336 4853 488 4912 malefactis
501 4870 557 4912 nou
577 4864 680 4927 potest,
693 4857 849 4917 maledictis
868 4856 938 4915 infc-
993 4859 1073 4934 eique
1084 4860 1263 4918 commissam
1276 4858 1428 4916 Ecclesiam
1440 4859 1602 4918 anctoritate
1619 4857 1679 4918 beel

141 4949 216 5002 sture
229 4958 288 5002 nen
301 4954 400 5014 cesset,
411 4955 440 5004 et
451 4945 487 5005 de
500 4949 608 5007 ceteris
621 4949 759 5020 omnibus,
776 4966 858 5026 mpcr
874 4951 937 5025 qui·
993 4952 1084 5028 (qued
1093 4951 1166 5011 etde
1187 4952 1247 5011 aliis
1260 4952 1382 5011 ecelesiis
1403 4967 1451 5010 voe
1465 4961 1577 5028 oportet
1586 4956 1679 5028 egere]

142 5035 429 5112 bnscenquestionem
441 5038 791 5109 vobiecellibueritfaeere.
807 5044 938 5102 misimus
990 5044 1056 5104 dite.
1069 5048 1133 5120 lpse
1154 5052 1260 5114 autem,
1280 5045 1354 5103 sicut
1366 5060 1402 5104 ex
1422 5045 1479 5105 suis
1495 5045 1676 5121 eemevimus

142 5129 248 5188 litteras
260 5137 369 5189 nenses
382 5133 607 5193 commemoratis
625 5135 813 5196 confratribus
823 5137 936 5206 omnis,
990 5155 1058 5214 qnae
1070 5140 1149 5200 vebia
1161 5139 1321 5210 direximus,
1338 5139 1461 5198 inducias
1473 5138 1581 5215 quierit,
1594 5144 1626 5198 ut
1637 5136 1679 5198 sul

141 5224 240 5282 Dieusi
252 5223 379 5284 videlicet
392 5225 520 5301 episcopo
543 5235 574 5286 et
587 5227 759 5287 Clunlacensi
782 5228 888 5300 abbati,
907 5237 937 5288 ut
991 5233 1058 5308 giat,
1065 5233 1110 5292 cui
1121 5233 1235 5308 qualiter
1244 5233 1435 5307 rescripsimus
1445 5233 1524 5292 robls
1536 5233 1618 5291 etium
1632 5247 1679 5308 per

141 5323 240 5375 conen
261 5315 391 5377 studeant
404 5317 548 5394 diligenter
568 5319 707 5394 inquirere
721 5320 836 5383 tobimte
848 5322 939 5383 diacu-
991 5327 1051 5401 pler
1070 5325 1229 5385 indicemus.
1244 5329 1300 5385 Vos
1320 5336 1423 5399 summ,
1441 5327 1542 5387 fratres
1553 5327 1608 5385 mei
1620 5326 1679 5387 aba

140 5417 213 5478 tere,
223 5408 347 5471 demea
360 5420 389 5471 et
404 5410 535 5489 indagata
548 5413 583 5472 ad
597 5429 708 5489 purum,
718 5414 804 5490 juste,
814 5415 938 5492 legaliter
989 5419 1101 5478 virliter
1114 5426 1142 5477 et
1152 5419 1289 5493 sapienter
1309 5421 1393 5495 agite,
1408 5429 1553 5495 vernaque
1564 5420 1660 5480 emnia
1674 5420 1679 5478 l

141 5510 170 5562 et
190 5504 319 5565 uranica
334 5504 465 5580 judicare
488 5507 541 5567 llis
550 5508 655 5568 metris
672 5510 788 5569 monitis
805 5511 939 5571 obsecun-
990 5511 1155 5584 ritetedmt,
1181 5519 1214 5571 ut
1239 5513 1362 5587 oppressi
1380 5528 1429 5572 voe
1453 5513 1605 5588 pendentm
1625 5510 1679 5575 Μ

140 5595 239 5659 mum
258 5613 309 5673 per
330 5599 425 5659 emnia
441 5599 586 5662 melonum
609 5604 799 5677 epestelemm
821 5605 895 5666 Petri
909 5612 938 5663 et
989 5607 1136 5675 inveniant,
1149 5614 1178 5664 et
1198 5607 1388 5680 opprimentes
1409 5616 1549 5666 amatores
1566 5605 1679 5682 iustitie

141 5690 220 5752 Pauli
230 5690 421 5753 bmedietiem
430 5694 597 5770 inpressae
608 5695 937 5767 donemini,etfnfuture
991 5700 1324 5775 gnoeeuut.0mnipoteus
1334 5700 1679 5775 Demspirltnmeenetuu

84 5840 86 5844 ,
141 5794 350 5861 emiorum
370 5788 485 5851 rlucelis
504 5789 623 5853 ιιιοιιιιι
640 5791 770 5853 emnium
790 5791 826 5855 ed
838 5807 936 5855 eornm
991 5793 1152 5854 busrestris
1170 5793 1307 5862 innodat,
1323 5808 1425 5869 vosque
1437 5808 1487 5869 per
1499 5792 1638 5857 elemvlll
1657 5791 1679 5870 d
