3870 6164
135 232 191 285 929

593 228 736 282 ΑΡΡΕΝΙ).
757 229 799 283 lll.
821 257 856 267 —
874 226 1084 287 ΜΟΝΙΙΜΕΝΤΑ
1102 232 1333 289 anatemati.

1718 216 1786 295 'ooo

134 353 266 409 instantis
286 352 389 408 mortis
400 350 482 407 evasit
495 350 762 421 periculummeritis
775 360 802 408 et
812 351 936 423 precibus
951 355 977 419 Α
992 354 1084 413 nimus
1114 358 1272 430 speculum,
1299 372 1314 412 a
1336 372 1393 429 qno
1419 357 1590 429 postulamus
1612 359 1753 417 arrrilium.
1772 386 1785 410 ν

135 445 304 505 sanctissimi
319 445 378 501 viri.

172 542 247 596 XLl.
265 540 338 610 (488)
356 539 557 595 iliracolorum
582 539 709 612 quaednm
733 540 776 596 vel
802 539 934 595 oblivioni

133 633 237 691 tradita
260 632 302 688 vel
316 640 395 689 antea
415 632 570 705 incognita,
594 648 668 689 nunc
690 648 754 690 vero
776 641 933 705 comperta,

134 727 241 784 notitiae
263 734 360 782 vestrae
382 734 548 797 prasentare
569 725 660 798 euplo.
683 729 851 783 Remeantes
869 742 934 783 cum

134 820 240 892 gaudio
263 820 433 886 Brixiauses,
448 819 593 891 dequibus
616 835 704 892 nuper
723 820 819 892 scripsi
842 819 934 887 vobis,

134 913 267 986 cumjam
278 921 438 985 perventum
450 921 523 969 esset
536 912 572 969 ad
591 911 692 969 vadum
706 913 781 986 quod
795 912 934 986 paululum

128 1015 181 1064 ¹est
193 1022 278 1078 supra
288 1005 426 1073 Godium,
438 1020 496 1062 non
509 1012 619 1079 reperta
631 1006 687 1063 ulla
698 1005 773 1074 navi,
787 1006 893 1063 nullam
907 1006 935 1063 in

133 1101 220 1159 corde
232 1117 284 1158 suo
304 1101 426 1157 tulerunt
439 1101 608 1171 molestiam,
622 1116 735 1157 omnem
748 1101 776 1156 in
789 1104 849 1157 Deo
863 1109 892 1156 et
904 1103 933 1158 S.

134 1196 270 1253 Amelmo
285 1202 419 1266 ponentes
430 1194 570 1252 fiduciam.
585 1197 696 1251 Moram
710 1193 801 1266 itaque
811 1191 934 1250 facienti·

132 1289 197 1353 bus,
212 1287 335 1360 quodam
355 1303 428 1360 equo
441 1303 474 1343 ex
493 1287 544 1343 alia
569 1295 647 1359 parte
663 1286 788 1343 fluminis
806 1287 865 1343 viso
888 1287 935 1360 qui

135 1383 261 1439 moriens
279 1391 307 1437 et
321 1379 451 1437 exhalans
464 1381 567 1454 absque
592 1381 653 1436 cibo
677 1388 705 1436 et
724 1388 790 1453 potu
814 1396 862 1453 per
888 1380 935 1436 tri·

134 1475 224 1533 dirum
238 1474 275 1530 ibi
288 1474 425 1547 jacuerat,
440 1473 553 1546 quidam
573 1490 605 1531 ex
629 1474 668 1530 eis
687 1473 873 1531 indubitanter
891 1489 936 1530 ro·

118 1618 122 1623 .
135 1571 212 1643 gavit
227 1573 357 1625 11111111
375 1570 404 1625 S.
419 1567 580 1625 anselmum
595 1576 626 1623 ut
643 1576 767 1640 surgeret
789 1572 818 1624 et
836 1583 936 1624 omues

134 1661 331 1719 transveheret.
353 1660 406 1728 Qui
421 1676 486 1716 mox
507 1660 637 1729 surrexit,
664 1668 693 1717 11
711 1660 746 1717 sd
769 1659 936 1717 transferen-

138 1755 208 1813 dum
217 1770 265 1812 eos
282 1769 311 1810 se
324 1754 434 1810 obtulit.

173 1854 258 1918 Eece,
269 1865 354 1922 quam
368 1847 510 1922 magnilica
526 1850 616 1906 Patris
627 1850 714 1906 nostri
729 1849 841 1906 merita!
856 1853 934 1917 Ecce,

135 1960 222 2017 quam
240 1942 385 2016 imperiosa
408 1942 540 2015 potential
557 1943 654 1998 Mortis
676 1943 716 1999 lex
733 1942 874 2015 frangitur,
888 1959 936 1998 sua

131 2039 196 2111 jura
209 2038 310 2094 mutari
323 2036 457 2109 queritur,
472 2035 606 2092 obnoxius
629 2037 712 2092 morti
724 2037 849 2108 eripitur,
873 2036 937 2093 vita

137 2130 307 2198 conceditur,
319 2130 382 2186 vitae
390 2137 541 2201 reparatur,
553 2138 584 2185 ut
592 2129 677 2185 servis
688 2130 741 2207 Dei
753 2129 935 2202 obsequatur;

139 2235 169 2282 11
182 2225 231 2297 qui
245 2240 275 2280 so
287 2222 359 2279 ferre
372 2238 428 2278 nou
444 2230 565 2295 poterat,
579 2221 615 2277 ad
627 2221 773 2279 ferendum
785 2238 853 2278 onus
870 2237 936 2293 prae·

141 2319 258 2392 paravit,
279 2327 306 2375 et
319 2326 378 2373 tam
393 2315 555 2373 famulanter
567 2315 602 2371 ad
625 2316 778 2388 parendum
802 2331 833 2372 se
855 2313 937 2372 offert

137 2413 217 2485 quasi
237 2411 341 2468 ratione
354 2426 410 2467 non
422 2418 536 2466 careret.
562 2409 641 2466 Velle
659 2408 751 2466 dicere
764 2408 872 2465 videtur
888 2429 894 2464 ε
908 2410 935 2466 81

135 2514 238 2564 natura
262 2513 409 2577 pateretur,
424 2520 472 2560 cur
493 2519 537 2560 mc
560 2519 617 2559 non
636 2500 795 2560 ascenditis?
814 2505 868 2560 Cur
891 2518 936 2559 me

136 2600 170 2656 ad
185 2598 330 2656 servitium
353 2605 474 2655 vestrum
497 2612 556 2652 non
570 2596 717 2652 exercetis?
735 2597 798 2651 Non
819 2611 880 2651 sum
900 2596 936 2651 ob

135 2691 214 2750 aliud
228 2691 290 2749 vita
301 2705 447 2747 concessus
459 2691 610 2762 mortisque
627 2688 750 2744 laticibus
762 2691 936 2759 111111111-

135 2796 213 2844 terea
232 2785 346 2858 qnidam
360 2793 450 2840 naulae
465 2783 590 2839 videntes
607 2782 668 2838 illos
682 2781 754 2854 apud
776 2781 864 2853 ripam
880 2797 936 2837 ma·

134 2888 249 2947 nentes,
275 2878 385 2952 navigio
398 2878 433 2934 ad
453 2876 684 2933 transvebendum
710 2876 770 2932 illos
792 2874 935 2943 advenere,

134 2980 279 3046 sperantes
299 2987 329 3029 se
344 2971 378 3028 ab
400 2969 440 3027 eis
462 2970 581 3042 pretium
602 2969 702 3025 babere
727 2984 816 3040 posse.
846 2970 936 3040 Quam

988 450 1043 506 lllis
1052 465 1119 524 ergo
1130 458 1189 507 tam
1203 449 1302 506 devote
1313 449 1465 518 orantibus,
1480 466 1562 522 quam
1572 453 1705 521 rogabant
1718 455 1787 509 salu·

989 551 1047 600 tem
1062 559 1158 601 eorum
1172 544 1300 616 precibus
1313 552 1356 599 est
1366 553 1539 601 consecutus.
1558 548 1649 616 eram
1674 546 1786 619 quidam

989 639 1168 694 [dermannus
1192 637 1227 693 de
1251 637 1431 705 scorzariolo,
1455 638 1501 710 qui
1532 653 1649 695 manum
1662 640 1787 697 similiter

989 739 1161 787 contractam
1182 730 1312 798 babebat,
1332 739 1375 787 est
1403 730 1530 803 adeptus.

1024 825 1096 897 (189)
1135 828 1270 882 Praeterea
1293 824 1394 881 mulier
1414 824 1560 897 quasdam,
1580 840 1643 898 quae
1670 825 1787 883 humum

988 934 1089 975 cernua
1107 933 1216 989 semper
1230 919 1381 990 spectabat,
1395 933 1458 990 quae
1472 918 1526 973 nisi
1546 915 1619 975 fuste
1634 926 1787 976 sustentata

989 1012 1029 1067 ire
1049 1027 1107 1067 non
1120 1012 1244 1079 valebat,
1259 1011 1333 1083 apud
1354 1011 1491 1067 termulum
1519 1013 1662 1068 memorati
1685 1013 1786 1082 Patris,

990 1105 1085 1162 mrrltis
1105 1103 1262 1162 videntibus
1277 1114 1318 1162 est
1330 1113 1431 1162 erecta.
1453 1104 1538 1178 Crrjus
1557 1105 1652 1162 locum
1664 1122 1723 1162 non
1734 1122 1788 1162 no-

990 1199 1060 1267 tavi,
1075 1199 1142 1272 qnia
1157 1214 1214 1271 prae
1239 1198 1415 1255 multitudine
1430 1199 1545 1255 inveniri
1559 1214 1616 1254 nou
1631 1200 1731 1272 potuit.

1024 1293 1118 1349 ’111111
1130 1307 1197 1348 vero
1205 1290 1249 1348 dio
1259 1291 1459 1348 ascensionem
1472 1292 1586 1349 Domini
1599 1293 1791 1371 antecedente,

989 1386 1045 1443 duo
1068 1384 1141 1442 facta
1156 1393 1223 1442 suut
1239 1384 1386 1441 mirabilia.
1398 1383 1535 1455 Quadam
1549 1386 1625 1442 euim
1638 1387 1671 1444 de
1686 1386 1790 1458 episco-

990 1474 1055 1552 patu
1078 1481 1235 1547 Cremona,
1255 1477 1290 1535 de
1313 1479 1373 1536 loco
1388 1479 1434 1552 qni
1449 1478 1549 1535 dicium
1569 1480 1638 1536 Casa
1663 1479 1787 1548 anserii,

989 1573 1063 1646 quod
1077 1588 1125 1645 per
1139 1582 1203 1630 octo
1213 1588 1299 1629 annos
1312 1572 1455 1642 amiserat,
1473 1571 1658 1629 intercedente
1674 1573 1788 1629 sanctis·

989 1668 1062 1724 simo
1084 1675 1212 1739 patrono,
1232 1665 1451 1738 lumenreoepit.

1025 1763 1087 1832 Ipsa
1101 1775 1210 1834 quoque
1223 1759 1282 1829 die,
1295 1759 1395 1815 mulier
1408 1756 1538 1831 quaedam
1550 1757 1583 1814 de
1598 1757 1708 1814 abbatia
1719 1760 1788 1814 Leo·

991 1853 1085 1920 nensi,
1099 1852 1241 1909 dexteram
1264 1851 1367 1908 habens
1392 1851 1515 1917 aridam,
1539 1866 1623 1922 quam
1643 1851 1789 1907 contractis

990 1947 1082 2002 nervis
1093 1945 1210 2013 braclrii,
1224 1943 1281 2002 fere
1292 1945 1371 2017 juxta
1385 1944 1532 2000 humerum
1545 1959 1654 2015 semper
1666 1943 1788 2012 tenebat,

989 2047 1186 2111 contractoque
1198 2054 1269 2112 genu
1278 2037 1401 2111 ejusdem
1411 2037 1503 2093 lateris
1514 2037 1632 2092 humum
1640 2036 1735 2109 digitis
1745 2053 1789 2109 pe·

990 2133 1033 2190 dis
1047 2148 1158 2189 summo
1167 2140 1250 2188 tenus
1263 2133 1306 2187 vix
1316 2129 1454 2203 tangebat,
1466 2130 1540 2202 apud
1549 2129 1690 2186 tumulum
1702 2131 1789 2186 sancti

990 2226 1076 2284 Patris
1093 2226 1181 2283 nostri
1195 2225 1338 2298 utriusque
1352 2224 1419 2281 mali
1434 2225 1595 2295 sospitatem
1604 2223 1715 2280 invenit.

1026 2323 1102 2376 luter
1112 2319 1157 2375 illa
1172 2334 1235 2392 qua
1246 2319 1275 2374 in
1292 2317 1453 2375 ascensione
1466 2315 1528 2372 Filii
1538 2315 1579 2372 sui
1594 2319 1671 2372 Deus
1686 2330 1734 2387 per
1747 2315 1789 2373 fa·
1885 2302 1902 2379 ,¹

990 2413 1098 2469 mulum
1115 2428 1198 2470 suum
1217 2412 1364 2485 magnilica
1388 2418 1518 2482 operatus
1552 2417 1602 2477 est,
1631 2408 1790 2467 mirabiliter

989 2506 1182 2563 admirandam
1197 2506 1255 2578 ejus
1267 2506 1399 2561 virtutem
1420 2512 1515 2575 postea
1537 2503 1607 2559 mibi
1620 2502 1789 2559 declaratam

989 2599 1025 2656 ab
1037 2598 1135 2655 eodem
1149 2598 1192 2654 cni
1213 2597 1308 2654 salutis
1321 2606 1424 2654 nostrae
1444 2601 1548 2653 Auctor
1574 2611 1653 2652 suam
1670 2596 1791 2653 contulit

990 2692 1160 2749 medicinam·
1178 2690 1315 2747 desiderio
1334 2698 1426 2745 vestro
1456 2688 1643 2745 desideranter
1665 2690 1786 2745 notifico.
1864 2720 1867 2725 ·

990 2785 1107 2856 Quidam
1129 2785 1203 2840 enirn
1219 2782 1269 2838 fuit
1291 2782 1326 2839 de
1350 2782 1413 2838 villa
1436 2791 1525 2838 vestra
1557 2796 1619 2853 quae
1638 2790 1680 2837 est
1706 2797 1789 2853 prope

990 2879 1142 2944 timinam,
1161 2876 1273 2932 nomine
1285 2876 1403 2943 (liliano,
1418 2875 1464 2945 qni
1478 2889 1534 2929 non
1548 2882 1606 2929 tam
1621 2889 1720 2929 renum
1730 2877 1788 2945 [ge-

991 2970 1088 3044 nuum]
1112 2969 1305 3027 rectitudinem
1335 2967 1446 3026 dolebat
1472 2967 1523 3023 sibi
1547 2965 1632 3023 fuisse
1660 2975 1788 3039 negatam

134 3082 235 3124 navem
256 3066 442 3132 intraverunt,
475 3072 504 3120 ct
519 3062 637 3119 feliciter
663 3063 839 3119 transierunt.
865 3065 935 3119 Ecce
953 3087 975 3152 C
990 3082 1073 3139 qnam
1100 3080 1233 3121 manuum
1255 3063 1385 3118 virtutem
1410 3061 1525 3116 omnino
1548 3068 1682 3130 ereptam.
1708 3058 1787 3116 Adeo

135 3168 273 3232 quantum
297 3174 385 3230 equus
411 3157 567 3226 laborabat,
591 3164 623 3212 111
632 3172 662 3212 se
674 3155 847 3213 obedientem
860 3155 933 3212 exhi·
989 3161 1079 3226 enim,
1092 3166 1167 3231 gutta
1177 3156 1337 3213 immaniter
1347 3163 1521 3228 perurgente,
1535 3154 1704 3221 tremebant,
1715 3152 1788 3224 quod

135 3253 216 3321 beat,
235 3260 263 3309 et
284 3260 416 3323 quantum
433 3251 540 3317 nititur,
565 3259 596 3306 ut
615 3248 784 3322 obsequendi
806 3249 936 3306 voluntas
989 3252 1058 3308 nibil
1073 3267 1153 3324 agere
1167 3251 1290 3322 nihilque
1304 3258 1398 3305 tenere
1409 3249 1525 3305 valebat.
1546 3248 1617 3303 Huic
1635 3246 1729 3320 itaque
1741 3262 1790 3317 per

136 3343 342 3402 manifestetur!
357 3344 409 3401 Sed
421 3343 496 3416 quod
511 3359 625 3399 orenou
636 3342 767 3414 loquitur,
781 3343 835 3398 hoc
856 3349 934 3415 gestu
990 3346 1124 3401 visionem
1142 3345 1281 3400 Dominus
1301 3343 1430 3399 revelavit
1454 3342 1528 3414 qnod
1550 3342 1575 3397 si
1596 3341 1631 3398 ad
1649 3340 1790 3398 tumulum

136 3438 263 3512 corporis
295 3437 449 3510 profitetur.
481 3435 711 3508 Transgredieute
744 3435 847 3508 quippe
872 3434 936 3491 navi
989 3438 1157 3495 sanctissimi
1176 3437 1301 3493 anselmi
1323 3451 1352 3492 se
1367 3444 1512 3492 ventorum
1536 3443 1693 3490 reverenter
1706 3449 1788 3490 vove·

134 3529 348 3603 transgreditur,
367 3538 521 3586 revertente
548 3544 656 3601 quoqne
690 3528 751 3597 illa,
780 3527 935 3584 revertitur.
989 3531 1201 3603 ret,utriusqne
1216 3530 1386 3587 infirmitatis
1399 3529 1517 3586 salutem
1532 3528 1604 3586 illico
1616 3544 1646 3584 se
1658 3527 1789 3599 adeptum

135 3628 314 3683 Postremum
338 3623 499 3680 transvectis
521 3621 664 3688 omuibus,
694 3620 729 3678 ad
753 3621 846 3676 locum
864 3620 937 3677 unde
991 3625 1127 3698 gauderet
1144 3625 1196 3680 llic
1210 3639 1275 3695 argo
1301 3623 1443 3695 evigilans,
1458 3621 1592 3678 visionem
1606 3636 1702 3677 secum
1717 3620 1788 3692 cogi·

136 3726 254 3777 venerat
264 3717 393 3790 perrexit,
406 3716 501 3788 ibique
515 3715 595 3787 paulo
613 3722 674 3787 post
685 3714 770 3770 vitam
785 3713 883 3769 linivit·
991 3727 1067 3787 tans,
1086 3717 1194 3775 nescius
1218 3715 1286 3790 quid
1310 3723 1418 3789 ageret,
1444 3714 1589 3787 ambiguus
1607 3713 1672 3786 qnid
1695 3712 1789 3769 crede·

171 3810 349 3870 11111111
373 3826 421 3883 per
435 3808 551 3882 quidam
571 3807 935 3878 Cremonensisacomplu·
992 3820 1045 3881 ret,
1068 3812 1242 3868 revelationis
1277 3809 1450 3877 incredulus,
1481 3808 1575 3866 salutis
1599 3816 1693 3863 1111111
1714 3806 1791 3877 cupi-

136 3907 216 3963 ribue
230 3905 324 3961 vicinis
338 3903 394 3961 suis
408 3901 442 3959 nd
460 3904 588 3959 tumbam
602 3902 690 3959 sancti
709 3901 759 3958 viri
772 3900 938 3974 allatus,qui
992 3906 1060 3974 dus,
1084 3903 1221 3978 quosdam
1240 3903 1330 3960 bonos
1352 3902 1480 3959 homines
1504 3917 1561 3958 suae
1582 3900 1690 3958 vieiniae
1712 3899 1792 3957 adse

135 4014 255 4057 manum
268 3997 373 4055 aridam
386 3996 513 4052 habebnt.
528 3995 595 4067 Ejus
607 3995 725 4051 salutem
739 4003 894 4051 reverenter
910 4002 939 4051 ef
993 4001 1075 4057 acciri
1104 3998 1182 4067 fecit,
1217 4004 1386 4070 narrataque
1408 3995 1529 4064 visione,
1557 3993 1674 4050 vovendi
1704 4007 1734 4067 ga
1756 3992 1792 4048 ab
1851 4034 1854 4041 ,

133 4090 411 4162 ωπῦᾶθῦῑθῐθῑβῐῑθ
420 4087 797 4161 mig¹1³⁰⁰1lfidessljaillu³⁸i
810 4086 939 4144 minitan-
994 4092 1192 4150 eisconsilium
1215 4089 1333 4162 recepit,
1358 4087 1483 4160 factoque
1506 4095 1586 4155 voto,
1608 4086 1703 4143 statim
1723 4100 1791 4142 oon-

134 4194 189 4253 ter,
202 4183 387 4258 postulabant,
398 4183 519 4240 dicentes
537 4202 543 4237 :
557 4206 570 4231 1
584 4181 711 4238 Piissimo
722 4182 833 4252 praesul,
843 4189 940 4237 sancte
994 4185 1087 4242 valuit.

137 4276 434 4346 anselmeoonfessor
452 4276 520 4345 Dei,
533 4274 694 4332 exaudinos
708 4288 757 4346 pro
772 4272 877 4329 famulo
891 4282 939 4329 tuo
1028 4282 1098 4335 ltem
1111 4276 1210 4332 muller
1224 4275 1353 4348 quadam
1369 4275 1402 4331 de
1419 4277 1507 4332 Fossa
1521 4274 1662 4346 Capraria,
1677 4272 1792 4330 renibus
1894 4286 1899 4295 ’

137 4381 267 4441 1111111;
280 4371 302 4427 si
320 4371 387 4444 quid
400 4371 428 4426 in
452 4370 507 4426 vita
521 4377 575 4426 ate
589 4367 751 4434 meruimus,
772 4367 794 4424 si
809 4366 938 4439 praedica·
994 4371 1130 4445 [genibus]
1142 4370 1296 4432 incurvata,
1309 4367 1411 4440 pedum
1425 4368 1537 4424 servitio
1552 4367 1666 4439 privata,
1680 4361 1806 4422 eorum·=

136 4467 248 4522 tionem
260 4473 334 4521 11111
355 4464 474 4521 fideliter
488 4462 655 4534 accepimus,
671 4462 695 4518 si
712 4460 798 4517 iidem
817 4461 938 4517 incorru-
954 4443 981 4508 Ῑ)
995 4481 1050 4539 qua
1064 4464 1123 4521 loco
1146 4461 1261 4519 fustium
1280 4461 1383 4518 auxilio
1411 4460 1458 4516 diu
1475 4459 1571 4529 potita,
1595 4459 1791 4531 1111111111-

137 4568 218 4634 ptam
231 4557 410 4625 malimus,
430 4557 454 4613 ⁸1
479 4554 730 4613 0011lf³di⁰⁰¹1tib¹1³
744 4554 793 4610 libi
810 4563 937 4611 constan·
992 4560 1118 4617 cessisset
1133 4556 1169 4613 ad
1178 4556 1318 4613 tumulum
1340 4554 1427 4611 Patris
1448 4551 1549 4619 nostri,
1565 4552 1623 4607 sole
1632 4551 1691 4623 jam
1710 4552 1807 4608 dece--

137 4660 183 4709 ter
199 4650 366 4720 restitimus,
386 4650 564 4718 exaudinos,
591 4647 689 4720 adjuva
710 4664 775 4704 eum
793 4655 821 4704 et
835 4646 937 4715 llbera3
992 4652 1084 4719 deute,
1097 4660 1155 4707 tam
1172 4650 1261 4723 gravis
1283 4656 1311 4706 et
1326 4647 1407 4704 variae
1419 4645 1588 4702 infirmitatis
1599 4644 1690 4701 subito
1705 4643 1792 4717 sospi-

139 4744 246 4802 multos
254 4744 357 4800 sanasti
372 4742 543 4811 infidelibus,
555 4756 642 4798 unum
657 4741 755 4797 saltem
777 4740 938 4797 concedeli·
993 4744 1201 4815 tatemrecepit.

138 4836 261 4905 delibus,
274 4835 392 4894 neforte
404 4836 537 4893 insultent
548 4835 628 4891 nobis
643 4834 747 4890 inimici
761 4833 937 4906 objicientes:
1031 4838 1111 4910 Quod
1125 4836 1195 4893 mihi
1208 4835 1336 4908 quaedam
1349 4841 1478 4891 matrona
1488 4833 1589 4890 mulier
1600 4831 1726 4902 honesta,
1738 4847 1792 4889 ura-

137 4933 223 4989 Nuuc
236 4939 364 5004 apparet,
378 4945 461 5003 quam
475 4928 559 5002 grati,
573 4943 656 5001 qnam
679 4927 725 4984 lidi
741 4927 765 4983 ei
784 4927 812 4982 in
826 4927 881 4983 vita
896 4943 940 4984 ex·
994 4940 1037 4989 ter
1056 4930 1169 4987 loannis
1189 4928 1224 4985 de
1239 4929 1358 4996 Persico,
1380 4928 1489 4995 retulit,
1504 4926 1582 4983 vobis
1598 4941 1708 4999 quoque
1721 4924 1792 4981 refe·

137 5023 364 5082 1111111111.ὃί111
385 5024 413 5079 in
431 5023 487 5079 vita
507 5021 660 5088 dilexisset,
675 5021 704 5076 in
727 5027 817 5077 morte
831 5036 941 5093 quoque
993 5025 1112 5083 rendum
1130 5022 1230 5097 potavi.
1247 5023 1317 5079 Haec
1335 5020 1390 5078 fide
1411 5020 1500 5093 plena,
1515 5019 1568 5077 Dei
1579 5034 1674 5075 amore
1700 5017 1791 5089 perse.

138 5133 190 5175 vos
201 5111 425 5186 honorificasset3
439 5115 488 5173 sed
505 5130 589 5188 quam
605 5130 654 5171 vos
674 5113 817 5187 indignos,
834 5114 940 5171 abomi·
995 5129 1049 5188 cta,
1057 5118 1226 5176 sanctissimi
1234 5113 1523 5186 anselmidisciptinis
1533 5113 1667 5178 instituta,
1678 5126 1792 5167 suorum

139 5211 262 5281 nabiles,
281 5210 567 5284 contemptibilesesse
581 5208 730 5281 judicavit,
754 5216 862 5265 111111
878 5223 942 5280 gra·
996 5209 1350 5286 presbyteronrmoflioinm
1361 5215 1473 5281 propter
1481 5204 1793 5264 excommunicationem

138 5304 179 5362 tia
188 5304 294 5361 elimes
308 5319 356 5361 vos
369 5301 443 5362 fecit.
455 5304 591 5376 Repellea
605 5305 702 5374 nobis,
718 5303 838 5376 piissime
850 5306 942 5372 Pater,
996 5321 1138 5380 spernens,
1152 5303 1270 5378 quadam
1284 5302 1330 5360 die
1350 5302 1445 5360 duma
1463 5298 1703 5358 circumstantibus
1716 5312 1793 5369 qute-

138 5398 194 5456 boo
208 5397 404 5470 opprobrium,
426 5405 456 5454 et
471 5398 526 5453 cito
542 5396 635 5468 profer
647 5405 776 5454 nostrum
799 5398 941 5471 gaudium.
997 5408 1069 5457 reret
1080 5399 1153 5455 unde
1169 5397 1287 5471 aliquam
1300 5396 1415 5469 dignum
1429 5402 1458 5451 et
1477 5392 1511 5451 ad
1525 5392 1714 5449 celebrandam
1724 5391 1794 5447 mis-

140 5493 270 5549 blonstra
283 5490 403 5547 tenebis
416 5489 580 5563 propitium,
596 5490 625 5545 in
652 5504 735 5562 quem
758 5505 866 5562 semper
891 5506 943 5546 res·
996 5505 1057 5547 sam
1070 5487 1202 5545 idoneum
1223 5486 1323 5543 babere
1337 5492 1440 5558 posset,
1452 5481 1563 5555 quidam
1576 5479 1611 5537 de
1626 5481 1722 5538 casalo
1736 5481 1794 5537 1111-

140 5580 268 5655 posim
285 5580 413 5652 unicam,
432 5596 516 5655 quem
536 5579 616 5636 nobis
627 5578 829 5652 inspiciendum
844 5596 943 5654 propo-
994 5578 1057 5651 jore
1071 5584 1166 5633 astaus
1186 5574 1278 5632 dixit:
1295 5590 1310 5627 1
1329 5576 1385 5631 Cur
1402 5577 1557 5627 vestrorum
1572 5568 1794 5641 presbyterorum

177 5710 251 5773 (488)
267 5705 388 5778 Epistola
404 5705 499 5771 altera,
512 5703 615 5761 Ubaldi
635 5702 755 5830 episcopi
779 5706 938 5774 lllantuani,
1031 5705 1105 5769 (489)
1118 5699 1264 5781 Posthac
1284 5697 1351 5753 nulli
1368 5693 1487 5764 amplius
1509 5691 1618 5748 nrrmeri
1631 5694 1661 5748 iu
1674 5705 1794 5762 apogra-

141 5775 179 5834 ad
198 5777 329 5834 eamdem
340 5777 476 5834 illustriss.
488 5776 630 5834 dominam
644 5775 727 5832 llatbi
739 5775 812 5833 dam.
994 5773 1049 5847 pbo
1061 5782 1157 5830 nostro
1171 5777 1322 5844 signantur.
