3884 6158
169 265 221 319 aba
515 258 544 314 S.
561 251 725 312 annotatt
740 253 786 308 llll
804 252 901 309 PAPAE
919 249 1058 306 OPERUM
1076 249 1164 307 Pstis
1180 252 1200 305 l.
1220 277 1255 291 -·-
1274 248 1474 305 resistatur.
1764 250 1819 304 000

169 395 323 461 quaerentes
347 384 461 455 (Philip.
477 386 525 451 ιι),
548 381 660 437 sibimet
674 379 767 435 hostes
789 377 857 434 alios
876 386 967 450 tyran·
978 379 1009 442 A
1023 376 1112 433 silicas
1131 392 1179 433 seu
1202 376 1298 433 altaria
1311 375 1441 444 dedicari,
1461 377 1502 432 vel
1520 374 1556 433 ad
1570 391 1667 432 eorum
1680 375 1821 433 honorem

170 483 229 539 nice
254 479 427 553 opprimunt3
456 475 483 531 hi
508 490 573 531 vero
598 473 672 545 regis
692 471 808 543 Christi,
835 471 873 527 illi
899 487 965 527 uero
1019 478 1114 527 sancta
1135 470 1255 527 Ecclesia
1280 469 1379 526 missas
1399 470 1493 526 statuit
1515 469 1663 526 celebrari?
1686 469 1821 527 Timeaut

170 573 270 632 diaboli
290 587 390 644 corpus
412 577 487 627 sunt.
511 565 561 624 lsti
575 567 608 624 ad
633 566 686 623 hoc
711 566 762 622 sibi
786 566 922 638 imperant
937 574 967 620 ut
1020 579 1097 637 reges
1112 564 1211 636 aliique
1224 564 1370 636 principes,
1383 579 1419 619 ne
1436 570 1538 635 quanto
1552 578 1581 619 se
1600 563 1708 621 caeteris
1721 562 1820 621 homi·

170 684 235 725 eum
256 680 366 723 summo
388 665 559 735 Imperatore
580 660 746 718 aeternaliter
770 667 894 733 regnent,
909 658 989 736 illo·¹
1020 658 1102 715 nibus
1124 657 1154 713 in
1176 656 1227 713 hac
1240 658 1296 713 vita
1311 656 1431 729 praelerri
1453 655 1582 730 gaudent,
1604 664 1683 713 tanto
1697 656 1821 729 amplius

170 777 231 818 rum
242 775 306 816 vero
320 757 347 815 id
359 763 480 830 potestas
491 756 548 829 agit
562 763 592 811 ut
604 770 668 811 cum
679 753 853 809 tenebrarum
867 752 967 824 prinei·
1021 751 1138 829 aeternis-
1151 749 1284 807 ineendiis
1297 750 1484 823 subjiciantur.
1501 749 1584 807 Unde
1601 750 1734 822 seriptum
1748 758 1794 807 est
1809 769 1818 807 :

172 871 216 929 pe,
230 854 276 926 qui
286 868 336 909 rea
348 857 387 907 eet
400 868 481 923 super
498 864 587 905 omnes
599 850 668 919 filios
680 848 810 918 scopabioe
821 848 881 912 (lob
891 848 966 915 ιιι),
1021 849 1142 903 Potentes
1153 850 1274 916 potenter
1284 850 1416 901 tormento
1424 847 1566 915 protientur
1575 845 1650 916 (Sap.
1661 850 1714 911 vr).
1728 845 1822 901 Detot

172 957 275 1004 aeterna
288 945 465 1004 damnatione
487 944 652 1015 dispereant.
671 942 727 997 Nee
742 940 818 997 valde
831 955 897 996 saue
911 940 968 996 mi·
1021 941 1095 995 enim
1112 939 1271 994 homiuibus
1285 942 1344 994 Deo
1359 938 1490 995 reddituri
1511 945 1576 994 sunt
1596 938 1734 994 rationem
1748 946 1823 1010 quot

170 1041 289 1098 randum
303 1048 344 1097 est
362 1038 436 1111 quod
455 1037 520 1093 mali
534 1034 676 1108 pontifices
693 1034 789 1107 iniquo
801 1034 869 1106 regi,
884 1049 966 1104 quem
1021 1048 1078 1090 suar
1091 1032 1270 1089 dominationi
1287 1032 1414 1088 subditos
1424 1031 1587 1088 habuerunt.
1603 1031 1721 1101 Quodsi
1737 1030 1821 1088 alicui

172 1134 278 1207 adeptis
296 1133 368 1189 male
381 1148 430 1205 per
443 1145 507 1188 eum
529 1129 681 1185 honoribus
693 1128 809 1197 diligunt
829 1134 967 1183 metuunt·
1022 1126 1147 1199 religioso
1163 1126 1269 1199 privato
1291 1141 1347 1182 non
1369 1141 1468 1198 parvus
1482 1125 1560 1181 labor
1575 1133 1617 1181 est
1636 1140 1723 1180 unam
1736 1140 1819 1181 suam

172 1244 236 1301 qne,
251 1226 432 1291 consentiunt,
447 1224 494 1297 qui
507 1223 662 1279 Simoniacc
671 1221 806 1293 quoslibet
815 1220 968 1277 ordinando
1022 1221 1144 1276 animam
1157 1219 1305 1288 custodire,
1331 1228 1450 1292 quantus
1473 1219 1549 1275 labor
1562 1218 1689 1275 imminet
1713 1219 1819 1291 prinoi-

99 1334 103 1339 ·
174 1324 265 1377 Deum
284 1335 335 1393 pro
359 1318 405 1374 vili
428 1318 512 1374 otiam
533 1316 620 1388 pretio
645 1315 776 1372 vendunt.
802 1317 873 1371 Nam
898 1313 969 1369 sicut
1022 1315 1102 1386 pibus
1119 1329 1202 1387 super
1215 1314 1310 1370 multis
1320 1312 1440 1368 millibus
1449 1313 1620 1370 animarum?

174 1414 252 1472 electi
278 1412 458 1469 insolubiliter
471 1426 522 1467 suo
537 1410 623 1482 Capiti
645 1410 787 1478 uniuntur,
810 1408 847 1463 ita
873 1417 902 1463 et
924 1422 968 1462 re·
1058 1409 1194 1465 Praeterea
1208 1408 1232 1462 si
1249 1407 1387 1479 judicium
1406 1415 1507 1464 sauetae
1518 1407 1645 1463 Ecclesiae
1659 1405 1737 1464 valde
1751 1423 1821 1464 oon·

173 1507 251 1581 probi
269 1507 388 1561 maxime
402 1511 497 1560 eontm
510 1504 598 1560 bonos
608 1504 633 1559 ei
647 1502 695 1574 qui
711 1503 821 1558 malitiae
833 1508 916 1572 caput
928 1507 970 1555 est
1022 1500 1132 1573 stringit
1160 1507 1332 1571 peccatorem
1361 1514 1410 1570 pro
1439 1501 1518 1556 unius
1549 1499 1670 1556 hominis
1701 1500 1822 1558 interlo-

174 1598 346 1673 pertiuaciter
367 1596 551 1665 ioederaotur3
574 1604 753 1668 contraquos
768 1594 891 1667 profecto
912 1609 968 1649 non
1023 1593 1127 1662 ctione,
1152 1591 1218 1664 quid
1242 1592 1297 1647 erit
1318 1591 1352 1648 de
1380 1592 1412 1647 iis
1439 1593 1486 1664 qui
1508 1592 1596 1648 multa
1620 1593 1706 1649 millia
1733 1595 1822 1652 morti

173 1704 233 1752 tam¹
257 1689 449 1748 disserendum
472 1704 559 1761 'quam
584 1705 633 1761 pro
665 1688 704 1745 eis
740 1696 781 1743 est
807 1686 970 1758 lacrymosis
1023 1686 1136 1743 tradunt
1158 1701 1208 1758 pro
1232 1686 1315 1759 hujus
1341 1686 1436 1741 mundi
1452 1686 1574 1742 honore?
1596 1687 1658 1758 qui,
1682 1686 1747 1744 lieet
1770 1705 1821 1747 ore

20 1812 27 1831 ι
118 1830 121 1835 .
175 1783 327 1858 planctibus
350 1781 554 1855 ingemendum,
570 1791 601 1838 ut
614 1781 788 1853 omnipotens
812 1784 888 1836 Deus
908 1779 968 1835 illos
983 1771 1007 1833 B
1021 1779 1167 1853 aliquando
1182 1780 1274 1836 dicant
1290 1801 1296 1835 ε
1313 1782 1376 1835 blea
1401 1778 1480 1852 eulpa
1506 1795 1555 1851 pro
1577 1780 1728 1836 multorum
1745 1782 1822 1839 coei-

173 1877 308 1951 alaqueis
321 1878 438 1941 Satanae,
463 1876 563 1948 quibus
583 1873 681 1946 captivi
707 1882 843 1942 tenentur,
861 1873 968 1945 eripiat,
1023 1875 1108 1941 sione,
1133 1882 1224 1929 tamen
1246 1872 1330 1929 cordo
1352 1872 1473 1944 gaudent
1495 1874 1524 1927 iu
1547 1873 1588 1929 sui
1602 1874 1678 1946 quasi
1706 1874 1823 1934 honoris

172 1981 201 2029 et
214 1970 257 2026 rel
269 1979 332 2042 post
342 1968 463 2041 pericula
475 1968 508 2025 ad
524 1968 709 2040 cognitionem
723 1967 845 2024 veritatis
857 1966 969 2023 tandem
1023 1969 1189 2035 extensione,
1215 1969 1366 2039 noluntque
1388 1983 1444 2022 non
1469 1965 1563 2023 iecisse
1588 1967 1662 2039 quod
1686 1978 1820 2041 egerunt,

173 2063 317 2137 aliquando
338 2062 480 2135 perducat.
500 2064 570 2118 Hae
590 2061 624 2117 de
646 2061 755 2134 regibus
777 2069 804 2117 et
820 2061 968 2132 imperato·
1022 2078 1112 2135 neque
1124 2061 1301 2133 dolentqnod
1314 2059 1412 2116 iratres
1424 2062 1529 2117 suosiu
1543 2063 1691 2118 Tartarum
1705 2078 1823 2136 eompu-

173 2159 260 2224 ribus,
275 2156 321 2229 qui
334 2155 459 2213 saeculari
472 2154 557 2227 gloria
575 2153 692 2210 nimium
706 2153 816 2220 tumidi,
827 2169 885 2209 non
898 2156 968 2220 Deo,
1023 2158 1122 2214 lerunt.
1148 2156 1272 2227 Cumque
1296 2170 1330 2210 ex
1355 2162 1415 2209 toto
1442 2154 1523 2210 corde
1547 2169 1594 2210 eos
1615 2171 1673 2210 non
1693 2157 1822 2228 poenitet,

173 2251 222 2308 sed
237 2250 287 2306 sibi
302 2256 422 2322 regnant.
436 2248 488 2305 Sed
500 2247 564 2320 quia
573 2247 659 2303 nostri
671 2255 713 2303 est
726 2246 811 2303 ollicii
823 2246 969 2316 unicuique
1023 2265 1112 2322 neque
1136 2249 1233 2304 volunt
1250 2247 1374 2303 humano
1396 2247 1528 2320 sauguine
1546 2247 1679 2320 acquisita
1702 2248 1745 2305 vel
1770 2249 1824 2308 dc-

174 2343 329 2401 secundum
355 2341 500 2407 ordinem,
526 2340 568 2396 vel
595 2340 757 2413 dignitatem
782 2355 835 2411 qua
863 2339 970 2396 ridetur
1023 2352 1098 2400 tenta
1114 2342 1253 2409 omittere,
1267 2341 1378 2397 illorum
1394 2340 1550 2412 poeuitentia
1563 2341 1635 2412 apud
1656 2345 1749 2399 Deum
1762 2344 1824 2400 sine

147 2430 155 2453 “·
173 2438 273 2510 vigere,
290 2434 507 2492 exhortationem
521 2434 696 2500 distribuere,
710 2432 919 2504 imperatoribus
942 2441 969 2489 et
1024 2438 1110 2510 digno
1138 2436 1306 2508 pernitentiae
1334 2434 1422 2490 lrtrctu
1447 2443 1548 2490 manet.
1580 2434 1662 2490 Unde
1695 2436 1823 2507 prolecto

173 2530 299 2602 regibus,
324 2528 484 2600 caeterisque
504 2527 684 2599 principibus,
701 2536 731 2582 ut
754 2527 887 2582 elationes
909 2542 968 2582 ma·
1024 2530 1101 2587 valde
1119 2538 1161 2585 est
1181 2528 1350 2592 timendum,
1373 2536 1455 2600 atque
1477 2527 1509 2582 ad
1533 2528 1697 2584 memoriam
1720 2544 1822 2587 eorum

174 2625 213 2680 ris
236 2624 319 2687 (Paul.
339 2621 429 2692 xcix),
455 2630 483 2677 et
506 2620 640 2692 superbiae
663 2620 764 2676 lluctus
786 2621 969 2692 comprimere
1023 2623 1119 2680 crebro
1139 2621 1325 2678 revocandum
1346 2620 1431 2693 quod,
1451 2621 1521 2676 sicut
1545 2620 1647 2692 praelati
1672 2637 1823 2691 sumus,a

174 2716 295 2782 valeant,
309 2729 385 2771 arma
398 2713 577 2782 humilitatis,
600 2716 660 2769 Deo
679 2721 807 2781 auctore,
827 2712 969 2784 providere
1024 2716 1117 2773 muudi
1144 2715 1275 2788 principio
1297 2715 1453 2787 paucissimi
1483 2730 1531 2785 per
1553 2714 1660 2771 diversa
1684 2723 1824 2772 terrarum

174 2823 314 2866 curamus.
344 2807 454 2863 Scimus
478 2808 550 2863 euim
577 2807 639 2880 quia
664 2807 804 2863 mundana
829 2807 915 2879 gloria
942 2815 969 2865 at
1024 2826 1106 2882 regna
1121 2824 1199 2881 reges
1215 2809 1303 2864 sancti
1325 2824 1357 2863 ex
1372 2807 1563 2863 innumerabili
1580 2823 1678 2863 eorum
1697 2809 1824 2867 multitu·

173 2901 311 2960 saecularis
324 2915 391 2956 cura
404 2916 452 2957 eos
475 2900 643 2971 permaxime
663 2901 708 2972 qui
723 2910 845 2973 praesunt
866 2900 900 2957 ad
915 2901 969 2957 ela·
1023 2904 1087 2960 diue
1111 2903 1294 2975 reperiuntur,
1314 2917 1376 2958 cum
1401 2902 1431 2956 ιιι
1451 2918 1504 2955 una
1527 2909 1636 2957 tantum
1660 2902 1824 2973 pontificum

172 2996 276 3051 tionem
298 2993 407 3050 trahere
429 2992 512 3062 solet,
541 3009 595 3066 qua
618 3008 735 3065 semper,
760 2993 881 3066 neglecta
913 2992 969 3050 hu·
1022 2997 1142 3052 seriatim
1162 2994 1367 3051 succedentium
1390 2994 1466 3061 sede,
1485 2994 1611 3050 videlicet
1638 2998 1783 3063 Romana,
1807 3012 1824 3052 a

172 3087 307 3153 militate,
334 3087 472 3159 propriam
504 3085 653 3158 quaerendo
682 3085 814 3159 gloriam,
837 3085 967 3143 fratribus
1023 3099 1147 3162 tempore
1169 3089 1243 3144 beati
1267 3088 1338 3143 Petri
1363 3087 1478 3159 apostoli
1502 3086 1590 3144 ferme
1610 3097 1722 3144 eentum
1749 3090 1824 3146 inter

172 3183 282 3252 cupiant
302 3180 491 3253 praeeminere.
506 3178 625 3235 Proinde
639 3178 746 3234 videtur
766 3180 834 3234 utile
847 3180 967 3235 maxime
1021 3182 1209 3238 sanctissimos
1234 3188 1436 3252 computentur.
1467 3182 1524 3237 Cur
1549 3189 1642 3236 autem
1673 3181 1742 3248 hoe,
1768 3182 1823 3240 nisi

172 3273 386 3346 imperatoribus
399 3281 427 3328 et
449 3273 561 3345 regibus
575 3280 615 3339 ut,
630 3287 694 3328 eum
715 3287 794 3328 mens
816 3272 926 3328 illorum
940 3288 970 3329 se
1023 3277 1084 3348 quia
1109 3291 1187 3348 reges
1207 3283 1288 3330 terrm
1312 3280 1341 3330 et
1360 3274 1497 3347 principes
1522 3289 1590 3329 vana
1614 3276 1701 3346 gloria
1722 3276 1822 3347 illecti,

171 3365 270 3423 adalta
283 3366 385 3440 erigere
396 3374 424 3422 et
439 3381 487 3438 pro
499 3366 629 3438 singulari
643 3364 701 3421 vult
715 3364 800 3438 gloria
814 3365 969 3434 oblectare,
1022 3371 1094 3426 sicut
1117 3368 1291 3441 praelibatum
1315 3375 1371 3432 est,
1397 3382 1458 3440 quat
1473 3383 1521 3423 sua
1544 3375 1609 3423 sunt
1631 3368 1825 3439 spiritualibus

171 3460 292 3517 inveniat
317 3459 418 3531 quibus
446 3474 477 3516 se
505 3458 595 3516 modis
626 3458 762 3526 humiliet,
790 3468 871 3531 atque
896 3458 969 3517 unde
1023 3463 1104 3519 rebus
1118 3460 1286 3533 praeferunt?
1301 3461 1421 3534 religiosi
1440 3468 1532 3517 autem
1552 3460 1697 3532 pontifices
1720 3478 1823 3520 ranam

171 3554 288 3627 gaudeat
320 3554 420 3611 sentiat
443 3552 505 3625 plus
536 3551 701 3609 timendum.
728 3554 876 3624 Perspiciat
904 3569 969 3626 ergo
1023 3558 1138 3630 gloriam
1152 3556 1344 3630 despicientes,
1354 3572 1415 3627 quar
1431 3557 1481 3612 Dei
1491 3564 1556 3611 sunt
1567 3556 1721 3613 carnalibus
1735 3560 1820 3616 rebus

172 3645 317 3717 diligenter
342 3661 425 3718 quam
454 3645 620 3716 periculosa,
644 3662 761 3717 quamve
784 3645 904 3703 timenda
934 3647 972 3703 sit
1024 3659 1197 3723 praeponunt.
1213 3650 1256 3706 llli
1267 3650 1294 3704 in
1315 3666 1344 3705 se
1356 3649 1544 3722 delinquentes
1558 3648 1638 3705 facile
1651 3650 1821 3722 puniuntur,

171 3737 343 3809 imperatoria
367 3736 407 3794 rel
428 3737 501 3809 regia
528 3737 655 3809 dignitas,
684 3739 711 3793 iu
735 3754 788 3810 qua
816 3739 970 3811 paucissimi
1023 3745 1052 3799 in
1068 3747 1159 3799 Deum
1178 3753 1322 3815 peccantes
1338 3759 1417 3815 aeqno
1436 3743 1531 3799 animo
1549 3742 1654 3806 lerunt:
1678 3743 1723 3800 isti
1738 3744 1768 3800 in
1792 3760 1823 3803 se

171 3830 323 3898 saliantur,
344 3837 375 3887 et
397 3829 435 3885 illi
458 3830 515 3902 qui,
538 3833 596 3887 Deo
616 3831 775 3897 miserante,
799 3831 969 3888 adsalutem
1024 3837 1198 3910 peccantibus
1226 3836 1281 3910 pito
1313 3837 1472 3908 ignoscunt,
1502 3840 1590 3892 boum
1617 3835 1823 3896 offendentibus

170 3922 293 3990 veniunt,
319 3937 378 3977 non
400 3936 489 3993 aeque,
516 3929 547 3978 ut
571 3923 650 3979 multi
675 3939 843 3995 pauperum,
864 3925 970 3997 judicio
1023 3946 1078 3985 non
1102 3929 1197 3985 leviter
1222 3938 1345 4000 pareunt.
1371 3929 1413 3985 llli
1436 3929 1552 3985 terrenis
1575 3929 1682 3985 actibus
1701 3932 1822 3989 nimium

171 4016 258 4072 sancti
273 4014 399 4086 Spiritus,
415 4015 445 4070 in
469 4023 561 4070 sancta
587 4015 707 4072 Ecclesia
731 4017 922 4075 clarificantur.
944 4026 969 4077 Α
1023 4022 1107 4079 dediti
1133 4022 1283 4094 spiritualia
1309 4022 1523 4094 parvipendunt3
1551 4023 1593 4078 isti
1619 4023 1743 4079 coelestia
1775 4041 1819 4081 se-

170 4108 269 4165 mundi
282 4107 354 4163 eninr
365 4107 497 4179 principio
508 4124 596 4180 usque
609 4108 643 4165 ad
656 4109 715 4166 haec
726 4118 821 4166 nostra
832 4120 968 4184 tempora,
1022 4115 1089 4172 dulo
1099 4116 1261 4172 meditantes
1275 4131 1337 4188 quae
1353 4124 1418 4171 sunt
1431 4121 1538 4171 terrena
1549 4124 1745 4174 contemnunt.

171 4202 198 4256 in
210 4208 268 4257 tota
281 4199 441 4257 authentica
456 4200 593 4272 Scriptura
607 4217 666 4257 non
680 4202 836 4260 invenimus
849 4205 969 4278 impera·
1058 4207 1238 4265 Admonendi
1251 4224 1316 4281 ergo
1330 4217 1396 4264 sunt
1411 4225 1508 4264 omues
1529 4208 1676 4265 Christiani
1691 4210 1740 4283 qui
1755 4226 1820 4268 eum

171 4301 247 4351 tores
261 4293 302 4350 rel
321 4309 416 4366 reges,
431 4310 551 4365 quorum
574 4295 631 4351 vita
650 4295 718 4353 adeo
734 4296 814 4353 luerit
837 4299 969 4372 religione
1022 4302 1130 4358 Christo
1153 4317 1269 4374 regnare
1292 4303 1421 4374 cupiunt,
1448 4317 1482 4358 ne
1508 4302 1656 4359 ambitione
1681 4304 1822 4362 secutur

169 4387 305 4461 praecipua
320 4396 348 4444 et
361 4387 460 4444 virtute
480 4388 623 4461 signorum
635 4388 779 4458 decorata,
800 4391 872 4448 sicut
887 4392 968 4449 innu·
1023 4395 1161 4464 potcstatis
1184 4410 1297 4466 regnare
1321 4394 1460 4461 affectent,
1475 4396 1522 4452 sed
1538 4395 1628 4468 potius
1651 4411 1711 4467 prae
1735 4398 1822 4454 oeulis

170 4481 308 4538 merabilis
333 4480 515 4538 multitudinis
539 4482 634 4538 saeculi
653 4491 889 4555 contemptorum,
904 4487 1006 4565 licetD
1022 4488 1141 4544 habeant
1160 4486 1235 4560 quod
1255 4488 1353 4543 heatus
1374 4489 1519 4561 Gregorius
1537 4504 1604 4560 papa
1628 4490 1821 4547 sanctissimus

169 4573 370 4645 plureseorum
383 4574 528 4631 credamus
541 4574 614 4647 apud
635 4576 853 4648 omnipotentem
877 4582 967 4637 Deum
1022 4583 1050 4637 in
1069 4581 1153 4637 libro
1174 4580 1306 4636 Pastorali
1324 4581 1466 4650 admonet,
1486 4581 1578 4638 dicens
1603 4601 1609 4636 :
1634 4605 1646 4629 α
1669 4585 1747 4638 lnter
1770 4584 1822 4640 hoc

168 4665 366 4723 misericordiae
391 4668 509 4724 salutem
533 4668 676 4725 iuvenisse.
701 4671 844 4743 Namque,
871 4681 904 4728 ut
933 4673 968 4730 de
1021 4676 1111 4746 itaque
1123 4674 1188 4746 quid
1205 4674 1376 4746 sequendum
1388 4684 1440 4743 est,
1456 4675 1521 4747 quid
1536 4674 1699 4741 tenendum,
1715 4677 1770 4732 nisi
1790 4684 1821 4732 ut

171 4757 302 4830 apostolis
313 4767 341 4814 et
354 4760 520 4834 martyribus
530 4769 681 4828 taceamus,
697 4763 757 4834 quis
770 4765 967 4836 imperatorum
1021 4768 1164 4824 virtutibus
1187 4769 1292 4838 pollens
1315 4777 1426 4823 coactus
1449 4768 1483 4824 ad
1499 4770 1622 4841 regimen
1636 4768 1745 4837 reniat3
1766 4771 1820 4826 vir·

172 4849 213 4905 vel
242 4865 338 4922 regum
361 4867 440 4923 arque
460 4861 492 4908 ut
512 4853 609 4911 beatus
637 4856 786 4924 Martinus,
813 4860 965 4928 Antonius,
1021 4861 1125 4918 tutibus
1139 4877 1254 4927 vacuus,
1280 4876 1332 4916 nee
1346 4870 1458 4915 coactus
1484 4862 1616 4916 accedat?
1636 4862 1719 4929 Quod
1743 4863 1767 4919 si
1787 4862 1821 4919 ad

170 4943 348 5010 Benedictus,
363 4945 504 5002 miraculis
524 4947 638 5004 claruit?
653 4949 718 5017 Quis
732 4951 804 5005 euim
819 4951 969 5023 imperator
1022 4954 1202 5026 apostolicam
1227 4951 1335 5020 sedem,
1362 4954 1389 5008 in
1415 4969 1467 5025 qua
1494 4955 1545 5009 rite
1569 4954 1689 5010 ordinati
1713 4957 1822 5013 meritis

172 5043 220 5090 aut
246 5050 292 5090 rex
318 5045 445 5093 mortuos
475 5039 632 5106 suscitavit,
656 5039 779 5112 leprosos
806 5044 966 5113 nrundarit,
1021 5047 1093 5102 heati
1109 5047 1181 5103 Petri
1195 5047 1309 5117 apostoli
1329 5046 1458 5102 meliores
1477 5046 1645 5115 elheiuntur,
1664 5047 1712 5118 qui
1727 5051 1825 5106 Deum

170 5127 526 5186 caeoosilluminavitiEoee
534 5132 749 5189 Constantinum
760 5134 812 5204 pise
825 5138 967 5195 memoria
1020 5141 1121 5196 timent
1135 5141 1222 5196 coacti
1242 5155 1305 5194 eum
1325 5155 1425 5210 magno
1446 5140 1548 5195 timore
1566 5140 1700 5209 veniunt,
1720 5141 1758 5197 ad
1781 5158 1826 5199 re-

169 5220 382 5291 imperatorem,
397 5221 585 5279 Theodosium
600 5232 627 5280 et
648 5226 822 5293 llonorium,
837 5228 965 5286 carolum
1020 5234 1064 5305 gni
1092 5232 1193 5290 solium
1220 5248 1284 5288 eum
1311 5242 1414 5304 quanto
1430 5233 1529 5289 timore
1543 5248 1574 5289 ae
1588 5242 1709 5290 tremore
1736 5251 1824 5293 acoe-

170 5321 197 5367 et
217 5313 404 5385 Ludovicum,
421 5314 537 5387 justitiae
551 5325 704 5383 amatores,
726 5319 886 5377 Christianae
900 5323 963 5379 reli·
1018 5325 1138 5382 dendum
1158 5335 1210 5392 est,
1225 5325 1418 5396 inquoetiam
1434 5326 1540 5382 boniet
1559 5325 1678 5381 humiles
1697 5327 1823 5393 (sientin

168 5404 257 5478 gionis
270 5415 475 5481 propagatores,
490 5410 673 5466 Ecclesiarum
688 5411 855 5481 defensores,
871 5426 964 5473 sancta
1018 5419 1081 5474 Saul
1105 5425 1133 5474 et
1156 5418 1244 5474 David
1268 5421 1450 5492 cognoscitur)
1472 5419 1622 5476 deteriores
1638 5419 1727 5488 dunt3
1754 5437 1825 5479 nam

168 5499 281 5570 quidem
305 5502 420 5558 Ecclesia
443 5502 536 5559 laudat
558 5513 586 5560 et
612 5513 767 5573 veneratur,
792 5517 964 5568 nontamen
1016 5512 1090 5584 quod
1112 5511 1146 5568 de
1161 5512 1310 5583 apostoliea
1333 5511 1399 5569 sede
1421 5512 1635 5585 praelibavimus,
1650 5512 1823 5573 indueretis

168 5606 217 5648 eos
235 5590 344 5650 fulsisse
354 5602 431 5650 tanta
451 5595 647 5653 miraculorum
660 5599 745 5670 gloria
760 5600 871 5658 indicat.
887 5606 963 5660 Prae-
1016 5605 1087 5661 beati
1100 5605 1256 5678 Symmachi
1279 5621 1356 5678 papae
1381 5606 1454 5678 (licet
1476 5605 1661 5679 experimento
1685 5607 1822 5673 sciamus)

166 5690 240 5741 terea
257 5683 294 5741 ed
307 5694 376 5758 quot
394 5688 507 5745 nomina
530 5705 626 5761 regum
640 5692 682 5747 vel
697 5692 894 5764 imperatomm
916 5695 962 5752 ba·
1015 5698 1055 5755 sic
1067 5700 1227 5756 continetur
1250 5718 1257 5756 :
1283 5699 1330 5756 ille
1349 5699 1452 5756 scilicet
1466 5699 1561 5757 beatos
1579 5701 1601 5756 P
1604 5740 1671 5758 ......
1696 5699 1822 5773 [Pam]
