3870 6164
79 262 136 316 ιιι
188 228 201 241 '
478 257 741 317 elroceeonesn.
759 288 795 297 -
813 258 983 319 nr’ocornn
1003 261 1070 317 eno
1090 262 1262 319 sirinano
1281 264 1336 318 vn.
1478 314 1481 319 .
1683 273 1734 325 aaa

79 384 264 455 comprobata,
289 388 344 440 Deo
369 388 444 448 teste,
470 386 621 440 immcentia
644 388 702 448 tua,
726 384 881 440 abstraatur
895 393 921 456 Α
936 387 1121 456 Birrplrarius,
1136 390 1277 444 misnensis
1287 384 1565 464 praefietusecequo
1578 391 1673 447 aeon
1685 409 1736 448 ce·

78 492 160 532 omne
176 494 205 534 os
215 479 358 533 adrasum
368 479 500 548 teintona
513 480 703 547 punientium,
716 482 742 533 et
755 494 797 532 rne
811 479 882 533 elain
933 483 1057 552 spiranit.
1068 482 1114 538 Sic
1128 488 1154 537 et
1166 483 1329 551 Godefrn'dus
1342 483 1413 552 elue,
1428 485 1511 541 bostis
1526 486 1663 553 Seserem
1672 503 1736 555 per·

78 588 245 646 eepscansa
260 577 313 627 tua
323 572 461 640 mumulo,
472 578 497 628 et
509 574 668 628 innocentia
677 576 732 628 tuce
741 573 882 627 vehemen-
935 589 1036 636 erasas,
1051 576 1109 629 sine
1120 576 1282 642 confessione
1293 578 1383 645 periit.
1398 578 1441 632 lta
1460 581 1485 632 et
1502 581 1578 649 Eppo
1599 581 1737 650 arncopns

79 671 187 725 tissima
208 669 350 728 assertore,
368 667 505 739 principes
527 667 579 721 tibi
601 667 882 734 reconciliationes·
934 672 1034 736 naster,
1049 683 1163 738 maprrus
1183 671 1294 724 lierrrici
1311 671 1407 736 fautor·
1427 675 1452 726 et
1473 676 1634 740 asseruntur,
1650 678 1736 728 morte

78 763 347 833 pnurnrestituutar,
364 782 377 809 ι
393 768 447 815 ete.
458 760 505 817 Aa
523 761 577 815 lroec
588 761 632 815 iile
642 762 782 831 intaminata
795 775 824 815 rc
838 765 881 816 at·
935 763 1009 818 mala
1027 763 1163 831 conclusit,
1185 762 1218 818 de
1234 779 1289 832 pua
1312 765 1341 817 in
1359 764 1497 833 praedictis
1516 766 1652 823 chronicis
1661 769 1736 836 nan-

79 858 182 912 tonitus
202 859 334 918 aestuare,
352 855 544 923 terpieersari,
560 855 671 909 consina
690 869 749 909 curn
762 855 819 908 suis
837 855 882 920 fa·
934 856 1110 925 deturpenscs
1121 858 1244 913 Ecclesia
1267 856 1351 911 ituaol
1363 858 1470 913 verbnm
1483 859 1608 914 scribitur
1622 878 1632 913 .·
1646 863 1732 930 liparo,

77 950 233 1006 maliarrbas
261 951 412 1017 seprepatus
443 965 461 1003 a
486 948 659 1003 multitudine
684 951 816 1017 corrferrc,
844 952 879 1016 ct,
935 950 1074 1008 citizensis
1101 952 1249 1021 episcopiam,
1274 950 1340 1005 dnm
1362 953 1391 1005 in
1414 953 1544 1022 episcopio
1562 954 1592 1010 S.
1616 954 1737 1010 Cbiliarri

79 1044 153 1115 qrrid
163 1044 235 1111 facto
248 1058 314 1112 apres
325 1047 402 1105 esset,
411 1042 528 1112 pualitm
540 1046 596 1096 tam
606 1042 736 1097 horrendi
744 1043 880 1097 cnarninis
934 1045 1079 1114 quandam
1090 1046 1180 1100 rivum
1194 1045 1262 1111 forti
1279 1043 1372 1100 sederis
1384 1044 1413 1097 in
1423 1059 1488 1114 cauo
1505 1048 1643 1115 transiret,
1656 1056 1735 1117 quem

78 1138 266 1194 awannam
278 1135 413 1199 accederet,
427 1136 549 1206 trepidus
560 1136 704 1200 wrmulcre,
715 1143 769 1192 ete.
935 1138 1047 1207 quilibet
1055 1137 1137 1208 pedes
1158 1140 1215 1193 sine
1226 1137 1344 1207 periurio
1366 1138 1484 1193 transire
1503 1144 1606 1209 posset,
1622 1140 1670 1195 nbi
1688 1156 1735 1197 nec

115 1228 218 1287 Refert
235 1228 309 1287 idem
330 1229 497 1286 umbertus
516 1227 674 1286 horribilem
693 1229 796 1285 exitum
811 1227 881 1286 Wil-
934 1232 1100 1286 timoratius
1120 1231 1191 1299 fnit3
1217 1231 1398 1300 eprroanlente
1418 1233 1541 1287 morieris
1567 1248 1605 1288 sce
1626 1235 1734 1289 interiit

77 1323 162 1380 hetroi
196 1322 318 1395 episcopi
346 1322 538 1395 Trsjcetensis,
568 1322 614 1394 qui
641 1322 733 1379 hostili
765 1336 880 1393 prorsus
932 1328 1022 1380 sancto
1036 1325 1208 1381 Clriiinnosic
1222 1325 1440 1394 disponentem,
1454 1326 1503 1394 qui
1519 1323 1734 1394 ejusrebaneio·

75 1417 142 1475 otio
153 1416 317 1489 Gregorium
334 1417 382 1473 Vll
392 1416 625 1489 persequebatur:
641 1417 800 1473 Willrelnrus
814 1418 879 1470 tra-
933 1419 1018 1474 lcntas
1033 1419 1198 1481 incubuerat,
1212 1421 1356 1487 circumque
1367 1418 1441 1473 itlius
1454 1433 1525 1488 sape
1543 1404 1644 1488 inpasti
1667 1419 1735 1475 bibe·

71 1512 200 1582 jettensis
221 1512 359 1581 qriscopus
382 1527 490 1566 causam
517 1512 590 1580 repis
614 1515 707 1566 centra
729 1511 825 1565 bonnm
852 1514 877 1564 et
931 1517 986 1582 rat,
1007 1529 1105 1583 respuam
1124 1527 1319 1583 quoquesuunr
1335 1511 1533 1581 pestebibenela
1546 1508 1620 1567 abra
1634 1529 1735 1569 eremum

76 1621 187 1676 aaanm
204 1606 339 1661 warmic
353 1606 488 1669 bebatur,
507 1609 531 1659 et
544 1605 635 1660 serrato
656 1607 780 1675 partium
795 1606 877 1673 repis,
932 1613 1113 1676 increpuerat.
1131 1609 1168 1663 Et
1184 1609 1249 1677 ania
1259 1606 1335 1661 nabis
1348 1605 1555 1661 inconciliabilis
1565 1610 1717 1676 permeruit

79 1700 165 1754 aruba
178 1700 210 1752 in
225 1698 356 1769 r'rrjurr'ccm
377 1700 494 1755 Romani
510 1700 654 1768 rnrrtificis,
674 1699 795 1753 anseribus
812 1713 879 1768 pene
935 1704 985 1756 lico
998 1702 1228 1770 irreconciliatus,
1239 1700 1273 1756 ab
1283 1700 1547 1768 baesitamiprauit.
1560 1701 1734 1757 flacciaco

76 1792 171 1848 diebus
184 1793 359 1861 solennibus,
377 1795 450 1848 irrter
471 1795 616 1848 missarum
630 1794 759 1849 solemnio
781 1792 877 1847 rabula
893 1799 918 1863 Β
932 1794 994 1849 bum
1015 1797 1045 1851 in
1064 1795 1243 1864 pincinnatis
1267 1792 1503 1862 Mapcleburpensis
1525 1794 1650 1849 Ecclesia
1671 1794 1733 1850 Arr-

76 1887 326 1942 arcdeclamabat:
342 1887 486 1957 perficerem
501 1902 571 1950 eam,
587 1887 740 1942 adulterum
753 1892 780 1942 et
798 1902 881 1956 psen-
933 1889 1042 1943 realibus
1059 1889 1193 1957 mercretur.

78 1981 265 2051 tempestatum
278 1982 430 2052 appellans,
447 1986 472 2036 et
486 1986 574 2036 terna
591 1997 628 2044 se,
649 1997 731 2051 puram
749 1983 881 2036 creatoris
969 1983 1045 2038 v111.
1063 1981 1200 2040 Chronica
1217 1978 1413 2052 Thuringensia
1427 1977 1500 2052 apud
1515 1979 1645 2038 eamdem
1661 1983 1733 2039 lan·

77 2075 209 2145 episcopis
224 2091 404 2145 saparamera
417 2077 674 2131 excommunicatum
686 2077 879 2145 prenarrtr'ans.
933 2076 1020 2149 giam.
1039 2077 1119 2132 Anao
1134 2077 1240 2132 Donrini
1261 2079 1340 2145 1013,
1357 2070 1556 2131 Hildebrandas
1569 2077 1733 2145 professione

77 2169 199 2224 lsbreei
213 2174 389 2239 posteaquam
405 2186 466 2232 ree,
485 2172 586 2225 reactus
598 2170 769 2240 prescientibus
788 2171 879 2237 feriis,
933 2173 1077 2227 nrorraclrus
1103 2174 1128 2226 et
1149 2172 1273 2226 Ronmnie
1297 2169 1420 2226 Ecclesia
1443 2169 1662 2232 irrcbidiaconus,
1686 2186 1733 2226 rm·

80 2261 202 2333 trajano
216 2263 387 2326 anasse-ar,
411 2267 518 2334 repente
536 2265 697 2332 pracbsimn
721 2263 881 2332 aspritudine
934 2269 1004 2320 tiorre
1026 2267 1136 2327 Tuscus,
1159 2266 1277 2318 cranium
1291 2262 1473 2318 cardinalium
1491 2277 1617 2318 consensu
1637 2263 1731 2319 sainn-

77 2360 217 2426 aorreptua
234 2360 283 2411 est.
299 2356 417 2426 Cnmqne
438 2372 487 2426 per·
499 2358 641 2412 acerrimos
664 2358 799 2411 cruciatus
821 2358 882 2411 arri·
933 2362 1003 2415 niter
1021 2364 1103 2429 eatque
1115 2360 1238 2414 aaronica
1251 2357 1345 2413 eiectans
1358 2359 1390 2426 fit
1401 2371 1492 2427 papa,
1512 2359 1542 2411 in
1555 2371 1665 2412 numero
1682 2358 1731 2412 etr

77 2464 126 2504 mse
139 2465 173 2504 ac
193 2451 310 2520 corperis
330 2454 484 2519 mperctar,
507 2450 656 2505 miserabili
673 2449 779 2520 ejulate
791 2464 881 2504 caram
933 2458 1078 2509 eteooatas
1100 2457 1139 2509 est
1160 2453 1305 2522 Greporias
1327 2451 1467 2521 septimus.
1494 2449 1569 2506 Sed-it
1589 2453 1667 2506 manus
1688 2453 1730 2514 12,

78 2543 214 2611 ommibus,
233 2545 283 2613 qui
293 2544 421 2609 uacarent,
435 2544 644 2611 vociferabatur,
655 2544 731 2613 justo
744 2545 793 2599 Dei
798 2543 882 2614 jucli-
933 2563 1021 2601 rnerrse
1042 2563 1103 2609 arro,
1120 2546 1214 2601 clicbas
1231 2552 1258 2600 4.
1275 2547 1356 2600 Istius
1368 2543 1515 2614 punitentia
1527 2560 1581 2600 nan
1603 2544 1681 2600 noco
1703 2546 1733 2599 in

78 2639 114 2692 ria
124 2653 154 2692 se
163 2641 190 2691 et
201 2642 363 2706 praesentem
372 2640 456 2693 citam
468 2640 591 2694 amisisse
607 2642 633 2692 et
646 2642 795 2692 eteniam:
811 2636 881 2706 puori
933 2642 994 2709 ipsa
1009 2641 1100 2703 italia,
1116 2640 1162 2694 sat
1171 2641 1254 2695 etiarn
1271 2640 1300 2693 in
1315 2639 1463 2694 Teutonicis
1471 2639 1630 2707 provinciis,
1647 2652 1733 2694 sacer-

79 2733 136 2800 rapi
154 2730 194 2786 acl
216 2733 318 2794 ameria,
340 2747 401 2801 qum
420 2747 562 2803 perperam
584 2731 753 2799 intendisset,
773 2720 881 2801 operam
933 2734 1026 2789 alomna
1044 2735 1184 2801 refrenata
1201 2736 1241 2788 est
1256 2731 1457 2786 incontinentia.
1479 2733 1539 2795 liic,
1552 2736 1584 2786 ut
1595 2734 1732 2788 Martinus

78 2840 166 2888 suom,
180 2840 284 2880 stamme
296 2825 397 2881 Marisa
404 2826 572 2896 prabrrisset,
589 2831 670 2896 atque
683 2827 711 2879 in
725 2840 800 2895 spem
819 2840 882 2894 pra·
933 2830 984 2891 ait,
998 2827 1107 2883 caecilio
1133 2830 1183 2882 tib
1204 2826 1387 2894 episcoporum
1401 2824 1505 2886 babilo,
1526 2826 1669 2880 Hermionam
1684 2827 1731 2880 im·

79 2921 121 2973 tie
142 2918 201 2989 eiam
230 2921 348 2975 flammeo
369 2922 493 2990 pontifici
512 2921 696 2987 sanctissime,
725 2923 751 2974 el
776 2922 881 2988 aposto·
931 2926 1085 2993 per-aierem
1099 2905 1352 2981 ceeornmnnicaait,
1371 2919 1451 2987 quar·
1469 2918 1593 2973 Ecclesm
1606 2921 1732 2974 Romanae

78 3012 194 3068 ticenum
215 3015 348 3068 virtutum
364 3016 424 3070 niro
442 3029 534 3084 praees
548 3014 722 3069 mntecuelias
739 3014 840 3074 scieris,
856 3015 882 3067 at
933 3017 1086 3082 scissorem;
1112 3014 1158 3069 secl
1177 3012 1286 3069 maelein
1302 3011 1428 3073 absoluit,
1448 3013 1555 3080 etpost,
1568 3011 1667 3065 mrum
1688 3026 1732 3066 aa·

77 3106 196 3175 proderis
213 3107 514 3177 innoceniiropasset.
528 3110 559 3163 tn
571 3108 639 3162 barre
658 3121 754 3175 nocem,
766 3111 797 3161 at
815 3120 882 3161 asse·
934 3110 1151 3176 communica-cim
1174 3109 1241 3177 auia
1263 3105 1407 3162 desidium
1425 3105 1456 3158 in
1474 3104 1592 3160 Ecclesia
1607 3119 1733 3174 procura·
1789 3134 1792 3139 ·

79 3205 152 3264 met,
167 3201 229 3255 sine
247 3203 512 3264 communicassem
522 3201 581 3256 ulla
593 3202 778 3268 satisfactione
788 3199 877 3269 eespi·
892 3186 915 3250 C
933 3205 984 3273 eit,
1005 3204 1128 3274 pueritia
1141 3206 1167 3257 et
1183 3201 1382 3272 irrmprrientia
1393 3214 1444 3254 sna
1458 3198 1590 3253 eaisterne
1599 3200 1630 3253 in
1641 3214 1735 3255 carisa.

77 3295 158 3349 rasit.
967 3300 1019 3354 lX.
1032 3296 1172 3352 Marianus
1184 3296 1280 3351 Saulus
1293 3292 1341 3349 lib.
1353 3308 1388 3349 ιιι
1400 3291 1527 3349 Chronici
1542 3311 1549 3348 :
1565 3294 1670 3348 interea
1680 3293 1731 3348 do-

110 3389 160 3443 v1.
174 3385 254 3444 ldem
271 3386 308 3446 de
319 3387 373 3444 hoc
384 3387 535 3463 Wilbetmp
547 3387 658 3444 tradunt
670 3386 789 3443 Annales
800 3388 876 3457 Mag-
928 3393 1002 3446 mirra
1012 3389 1171 3446 Alecandro
1181 3389 1324 3458 apostolice
1339 3387 1373 3440 ete
1389 3385 1474 3440 medio
1486 3385 1599 3448 scublaio,
1614 3386 1731 3455 suscepit

75 3479 271 3553 ffiurgeoses,
296 3480 369 3554 apud
393 3482 511 3538 Paulum
531 3483 663 3554 Langium
687 3481 716 3536 in
738 3479 875 3537 Chronico
929 3486 1017 3539 sedem
1030 3482 1208 3554 apstolicam
1221 3480 1363 3548 Greporius
1377 3480 1517 3547 septimus,
1534 3480 1583 3548 qui
1594 3478 1730 3534 ctltilrte-

76 3574 207 3633 citizensi
220 3593 230 3631 c
242 3577 275 3630 ln
292 3577 350 3646 ipso
367 3576 430 3639 boc,
444 3576 544 3647 inquit,
558 3581 587 3631 in
607 3592 660 3646 pao
681 3578 799 3632 floriano
808 3590 877 3644 pon-
931 3578 1061 3641 brnrulns,
1080 3575 1248 3647 professione
1266 3573 1499 3635 accrastinante,
1519 3573 1692 3641 arraimoniis
1705 3575 1732 3627 et

75 3670 143 3738 tiici
155 3669 311 3738 demebat,
327 3671 384 3740 ipse
400 3671 476 3725 mula
498 3670 652 3726 amelecitae
672 3670 830 3740 corripitur,
846 3669 876 3721 in
929 3671 1088 3728 clamoribus
1110 3670 1299 3725 carnotino-nm
1316 3666 1400 3736 justis
1417 3665 1561 3721 adeersum
1585 3667 1730 3721 ilenrmam

74 3778 130 3832 puer
148 3776 235 3833 eaque
252 3764 289 3817 ad
299 3765 483 3819 miserantium
497 3767 560 3819 aba
572 3766 716 3820 ternninrun
727 3764 874 3819 detinetur.
930 3771 957 3823 et
979 3767 1105 3822 scelernm
1125 3763 1181 3833 ejras
1195 3763 1393 3817 immanitatem
1405 3759 1519 3822 audin,
1541 3759 1596 3814 zelo
1616 3761 1667 3814 Dei
1686 3775 1731 3814 aa·

74 3858 170 3927 troque
186 3857 280 3913 morbo
293 3860 380 3927 carpis
391 3873 423 3913 ue
438 3859 527 3928 rnapis
543 3859 752 3928 inprnucscente,
765 3872 825 3913 eum
835 3871 875 3916 eo,
930 3877 1032 3924 cereres,
1041 3859 1103 3930 farn
1119 3858 1220 3913 dictrrm
1236 3871 1324 3925 repent
1337 3856 1594 3910 excommunicatum
1605 3867 1730 3922 prenarr-

74 3950 142 4005 drrm
160 3951 276 4020 quictem
291 3953 368 4007 bonno
379 3955 448 4023 repis
467 3968 528 4008 eum
539 3957 655 4021 reparet,
667 3958 699 4006 nt
710 3968 736 4008 se
753 3968 814 4006 canc
828 3965 877 4006 suo
931 3958 1020 4023 tirou,
1034 3955 1153 4009 maaian
1164 3955 1274 4022 propter
1291 3950 1447 4006 simoniam.
1469 3946 1546 4014 Queri
1567 3948 1673 4013 facturn
1686 3962 1731 4001 cu-

75 4044 361 4102 marrdataremitterct
373 4046 411 4101 ael
425 4062 531 4116 repam:
548 4062 566 4098 u
576 4049 638 4113 itae,
650 4047 748 4116 iraquit,
763 4044 877 4101 miliaci
931 4049 1035 4105 tlcolicis
1057 4047 1166 4118 anunm
1180 4047 1247 4100 viris
1268 4044 1330 4099 bene
1346 4043 1468 4112 praeuia·
1490 4041 1647 4097 simoniacis
1668 4055 1729 4095 aero
1805 4062 1818 4070 ··

75 4139 250 4203 mauditum,
270 4140 342 4209 euml
363 4143 428 4210 lpse,
448 4144 473 4195 et
488 4157 550 4211 epa,
575 4145 604 4211 el,
625 4154 713 4195 omres
737 4139 879 4208 screnitati
931 4160 963 4199 ac
973 4142 1130 4212 fautoribus
1146 4141 1216 4209 repis
1231 4140 1345 4193 cranium
1358 4136 1517 4206 displicuit:
1532 4135 1582 4204 pai
1594 4133 1728 4196 decebant,

73 4234 379 4304 cfasfaacntes,sumus
393 4235 519 4289 Martiali
534 4237 742 4305 inperpetuum.
760 4233 878 4301 enmono
930 4253 1068 4307 numnquam
1080 4233 1410 4303 fuisseaurlitrnn,repem
1424 4228 1571 4297 aliquando
1582 4242 1730 4284 commmu-
1810 4280 1820 4287 .

73 4343 91 4381 a
109 4329 169 4383 seris
181 4327 232 4397 pn·
244 4327 360 4383 caeram
374 4328 487 4392 clericis,
501 4344 535 4384 ne
552 4329 621 4384 talia
635 4329 796 4398 loqueretur,
811 4329 878 4381 essct
931 4332 1063 4386 nicaticni
1074 4328 1222 4383 subditum.
1240 4329 1321 4383 Facta
1334 4328 1372 4380 est
1394 4324 1480 4392 ipitur
1493 4323 1616 4377 menime
1632 4321 1730 4400 dianio

73 4420 235 4477 mantus
255 4439 263 4476 ι
285 4421 357 4489 Quia
370 4422 460 4486 atiud,
481 4424 586 4494 inquit,
608 4424 712 4493 loprmr,
731 4423 787 4478 reisi
806 4419 877 4491 quart
930 4426 960 4479 in
983 4424 1105 4479 Ecclesia
1126 4422 1192 4488 Dei3
1214 4419 1350 4475 rottei-icis
1370 4416 1477 4472 (lomina
1498 4414 1641 4485 apostolico
1669 4418 1729 4469 stu-
1807 4444 1809 4448 .

70 4530 169 4570 mum
189 4528 246 4571 esse
265 4516 409 4571 visibiliter
428 4518 555 4573 intucor?
574 4519 641 4572 Eece
656 4518 727 4572 enim
745 4517 877 4571 damorres
931 4517 1004 4573 diosa
1015 4516 1171 4584 fauentibus
1186 4531 1216 4569 uc
1226 4511 1369 4584 preceptis
1384 4511 1452 4579 eires,
1465 4507 1641 4564 schismaticis
1654 4508 1728 4563 Herr-

71 4608 174 4665 lectum
202 4623 292 4665 ineam
315 4612 501 4674 circumstant,
528 4616 657 4681 quatenus
680 4627 721 4665 rne
743 4626 818 4679 rnen,
845 4612 875 4662 nt
890 4589 983 4665 Drica
1010 4615 1036 4664 ct
1065 4606 1276 4678 cooperatoribus
1304 4602 1360 4671 ejus
1385 4617 1419 4656 esc
1450 4601 1526 4656 comte
1553 4600 1729 4657 antemium

70 4703 259 4773 aspaaeera
285 4706 403 4776 rapiam.
431 4708 526 4776 Itaque
549 4721 608 4760 cunr
629 4707 708 4773 fuero
731 4721 745 4760 e
771 4718 876 4773 corpore
930 4703 1125 4759 relabentibus.
1138 4704 1214 4756 inter
1233 4711 1297 4766 quos
1313 4698 1371 4750 erat
1383 4695 1510 4764 princeps
1524 4693 1729 4763 etsipniferin·

70 4796 197 4863 eductus,
215 4812 278 4867 ropo
295 4813 340 4852 cas
357 4802 479 4854 aceneres
498 4799 588 4869 fideles
603 4816 637 4853 nc
660 4815 687 4854 se
700 4800 875 4868 fatrpentpro
929 4798 1021 4857 stitia,
1044 4794 1155 4849 (tilectus
1171 4795 1222 4847 Deo
1237 4794 1262 4843 ct
1282 4786 1446 4848 borreinibus,
1471 4785 1563 4841 beatas
1583 4787 1663 4842 Arene
1679 4786 1727 4843 Co·

69 4906 114 4944 me
131 4889 259 4955 facienda
273 4891 493 4962 supplicationes.
510 4911 524 4944 n
539 4894 590 4946 Hic
605 4894 693 4962 ipitur
707 4894 737 4947 iar
748 4892 875 4962 despera-
930 4889 1056 4943 toeniensis
1081 4885 1293 4954 archiepiscopus
1315 4879 1400 4950 (atejus
1422 4880 1553 4935 inseraris
1566 4880 1597 4933 in
1619 4876 1727 4934 benedi·

69 4985 146 5038 tione
156 4983 313 5053 bemanus,
324 4984 485 5057 elinjacebat
498 4987 657 5057 immittes,
672 4987 753 5042 ctorem
762 4988 874 5043 Romam
928 4983 1012 5037 etiarm
1029 4976 1083 5051 est)
1105 4994 1165 5033 cum
1180 4974 1406 5031 reverendissimis
1423 4973 1602 5029 Baetasiorum
1614 4975 1727 5028 rectori-

68 5078 206 5131 mittitur.
220 5080 256 5134 Bt
266 5077 332 5134 inste
344 5081 456 5149 quesita
468 5081 587 5143 consilia
604 5096 637 5134 ne
651 5080 769 5150 popalus
780 5081 874 5147 foetore
929 5077 987 5144 bns,
1001 5072 1139 5144 Sipcfrirlo
1154 5070 1323 5140 Mamercino,
1344 5068 1468 5126 Vezetino
1486 5066 1723 5137 btapbeburpensi,

67 5176 300 5243 meraurperaun
315 5175 459 5246 apostolico
467 5174 630 5246 mersamine
641 5173 874 5230 mmnrerrrnrtioni·
928 5170 1058 5226 linens-rio
1070 5163 1292 5224 Halnerstariensi
1304 5162 1420 5232 aliisque
1432 5160 1561 5232 episcopis
1581 5163 1606 5216 et
1620 5159 1728 5214 abbati-
1792 5164 1796 5171 '

70 5264 125 5320 bns
137 5266 278 5337 repetatur.
929 5262 988 5326 bus,
1002 5262 1139 5317 morraclris
1151 5264 1176 5316 et
1187 5259 1299 5319 etnicis,
1315 5254 1522 5310 assentientibus
1533 5267 1636 5325 queam
1643 5254 1728 5322 prin-
1788 5310 1791 5315 ,

110 5358 171 5413 vu.
184 5358 285 5417 subdit
296 5360 429 5437 langius,
443 5369 470 5419 et
479 5362 530 5420 iste
543 5362 676 5437 septimus
685 5360 722 5418 sit
734 5359 811 5417 testis
823 5376 872 5432 pro
928 5360 1032 5431 cipibus
1053 5361 1134 5414 totius
1157 5356 1294 5415 suamne,
1318 5352 1412 5409 Ottone
1436 5350 1511 5413 duce,
1533 5351 1629 5418 Manno
1649 5347 1726 5411 duce,

69 5450 229 5510 immittit
246 5455 374 5528 Gregorii
395 5458 456 5515 Vll.
471 5458 559 5528 Quam
574 5456 680 5516 melarii
694 5471 727 5513 eo
745 5454 874 5511 libentius
932 5455 1022 5511 Uclona
1035 5453 1196 5514 marchione,
1219 5448 1351 5505 Laconico
1369 5446 1471 5508 cernite,
1486 5458 1545 5498 aem
1558 5441 1624 5499 aliis
1644 5442 1726 5496 imru·

66 5544 229 5619 “mimi
243 5562 301 5622 (1¹10
310 5551 433 5608 natanti
447 5552 612 5611 Lutheranre
624 5561 708 5610 scetae
725 5549 777 5609 sub
790 5550 874 5606 tinam
927 5547 1101 5604 mirabilibus
1121 5548 1178 5600 tarn
1187 5542 1317 5599 nobilium
1326 5556 1409 5610 qnam
1422 5540 1576 5608 infmornm
1594 5535 1726 5591 militari·

67 5639 113 5697 sui
128 5639 259 5698 minoia
276 5656 308 5700 aa
319 5641 510 5718 benigniorem
521 5656 549 5707 et
562 5647 714 5722 aequiorem
728 5644 872 5704 exhibuit:
929 5643 976 5698 bus
1001 5642 1085 5696 ains:
1106 5641 1228 5708 Quornm'
1250 5635 1314 5706 ribei
1336 5634 1500 5691 imationem
1529 5632 1725 5698 ecfrenatam

69 5735 105 5791 Et
121 5736 164 5791 ita
177 5735 231 5790 alii
239 5737 388 5809 armum
400 5743 510 5804 ltarriei
518 5748 643 5816 fautores
656 5743 726 5797 mate
736 5743 871 5797 interiere.
923 5735 1042 5806 justitia
1049 5733 1212 5790 animabitis
1219 5744 1294 5801 papa
1304 5729 1449 5800 tircporias
1461 5724 1585 5788 audiam,
1598 5722 1723 5778 cleanteo

72 5828 142 5898 [³4⁰²
160 5830 325 5887 Mirm
338 5833 515 5913 “willenci
535 5841 679 5919 cerenicus
696 5840 780 5892 morte
794 5837 871 5892 obir't.
929 5845 971 5887 eos
985 5830 1117 5886 sevitiam
1135 5825 1253 5890 tricarici,
1267 5823 1460 5889 fautoremque
1474 5817 1541 5885 eius,
1556 5810 1724 5887 quenadmo-
