3870 6164
466 74 475 83 '
557 78 568 111 d

560 134 566 151 b

134 268 204 324 ttot
593 272 737 328 Arrunti.
758 274 800 328 lll.
823 303 855 313 -
873 273 1084 330 uouuumtm
1101 275 1330 331 oaeuotttAttA.
1484 311 1491 325 ·
1713 270 1782 335 llus

133 394 206 465 quit,
222 393 352 448 universa
375 402 451 450 tenet
471 394 602 465 Ecclesia,
619 411 669 451 nec
681 397 804 452 conciliis
818 397 925 453 institu-
940 401 967 464 Α
1016 406 1042 456 Α
1056 409 1179 473 tempore
1193 410 1284 457 autem
1297 401 1379 472 hujus
1390 402 1496 457 concilii
1507 401 1566 474 jam
1580 403 1782 475 aliquantulum
1876 388 1884 399 ⁶

132 496 194 543 tum
220 486 268 542 sed
292 502 401 557 semper
419 495 556 543 retentum
574 496 625 558 est,
642 504 697 545 non
712 490 766 545 nisi
780 491 928 561 apostolica
980 494 1080 551 sedatis
1094 494 1337 567 persecutionibus,
1361 495 1446 551 iidem
1468 495 1608 567 pontifices
1623 498 1711 552 multo
1726 498 1782 569 plc-

133 580 297 637 auctoritate
311 579 444 635 traditum
454 581 604 637 rectissime
618 582 747 639 creditur.
766 586 864 656 »Ergo
878 600 931 640 neo
981 588 1044 644 nius
1069 597 1096 644 et
1118 588 1257 645 decentius
1282 589 1478 663 ecclesiasticas
1495 590 1603 662 regulas
1617 598 1676 645 tum
1692 605 1739 660 per
1752 607 1782 647 se

133 673 297 746 hujusmodi
318 672 502 730 traditionum
524 684 729 747 contemptores
749 676 842 733 minus
856 692 930 734 coer·
982 695 1012 750 jn
1026 681 1144 739 decretis
1166 683 1234 749 suis,
1249 691 1309 738 tum
1325 699 1372 754 per
1394 683 1462 738 alios
1483 684 1511 738 in
1527 682 1648 740 conciliis
1661 685 1784 754 promul-

133 768 214 825 eendi
238 776 303 824 sunt
323 784 407 839 quam
423 768 642 840 praevaricatores
653 768 811 826 divinarum
827 770 930 843 legum,
984 790 1059 848 gare,
1084 775 1139 831 sive
1163 775 1348 847 promulgatas
1361 776 1526 832 confirmare
1538 786 1690 849 coeperunt.
1710 778 1783 847 Quas

133 870 166 919 ut
177 861 250 918 idem
262 861 360 917 doctor
373 859 410 918 ad
422 862 592 919 Casulanum
607 863 796 936 presbyterum
809 862 932 921 scribens
986 876 1015 924 et
1037 868 1221 940 inposterum
1245 867 1558 925 ecclesiasticidoctores
1579 870 1668 942 magis
1690 870 1719 925 in
1733 886 1785 926 usu

133 962 261 1012 testatur.
986 961 1087 1018 babere
1100 970 1310 1019 consueverunt.
1336 964 1393 1018 Has
1412 963 1493 1018 ctiam
1515 966 1548 1019 B.
1566 962 1700 1020 Adrianus
1715 979 1784 1036 papa

172 1052 239 1105 Post
261 1049 400 1120 apostolos
418 1057 512 1106 autem
527 1051 648 1106 Romani
663 1049 816 1122 pontifices,
833 1059 890 1107 tam
905 1051 934 1105 iu
986 1070 1051 1113 cum
1070 1055 1221 1111 canonibus
1234 1055 1421 1127 apostolorum
1436 1056 1470 1111 ad
1482 1057 1690 1113 instructionem
1704 1057 1785 1113 Occi·

135 1151 271 1216 potestate
285 1157 370 1215 quam
384 1143 412 1199 in
431 1143 626 1215 eradicatione
641 1157 934 1213 commemoremus,
989 1148 1141 1206 dentaliom
1156 1148 1339 1205 ecclesiarum
1362 1148 1516 1222 dirigendas
1535 1147 1691 1219 destinavit,
1712 1150 1787 1205 vide

136 1237 349 1294 ecclesiasticam
370 1236 544 1308 disciplinam
565 1235 767 1293 studiosissime
786 1237 844 1293 suis
856 1237 935 1293 insti·
989 1242 1053 1299 licet
1064 1249 1096 1296 ut
1109 1243 1199 1313 ipsum
1215 1241 1358 1299 Nlcaenum
1372 1251 1400 1298 et
1413 1243 1467 1298 alia
1483 1241 1641 1314 hujusmodi
1661 1243 1785 1308 concilia,

137 1331 206 1387 tutis
220 1329 355 1387 formasse
368 1339 397 1387 et
409 1327 590 1386 informatam
607 1344 775 1403 propagasse
795 1331 937 1401 reperirm-
989 1350 1108 1408 quorum
1129 1335 1269 1408 quaedam,
1289 1337 1338 1391 etsi
1360 1336 1473 1392 Nicaeno
1488 1335 1604 1392 concilio
1619 1336 1786 1407 antiquiora,

135 1434 199 1491 tur;
225 1433 253 1480 et
275 1424 327 1480 boc
349 1424 444 1496 utique
465 1422 574 1480 diverso
595 1423 689 1480 modo.
706 1423 784 1480 Sient
796 1424 871 1480 enirn
884 1423 937 1495 ipsi
988 1437 1083 1485 tamen
1097 1437 1158 1501 post
1168 1430 1310 1485 Nicaenum
1326 1429 1354 1485 in
1365 1429 1560 1485 auctoritatem
1581 1438 1707 1500 recepta3
1722 1429 1788 1485 item

136 1525 242 1575 sancta
265 1517 393 1574 Ecclesia
406 1516 519 1573 diversis
543 1517 713 1589 temporibus
734 1515 876 1590 prefuisse
900 1516 938 1573 le·
990 1531 1018 1580 et
1044 1522 1089 1579 illa
1116 1524 1307 1578 Romanorum
1333 1520 1495 1594 pontificum
1514 1522 1634 1586 decreta,
1649 1537 1711 1594 quse
1726 1530 1789 1594 post

137 1619 253 1684 guntur,
275 1612 359 1667 itaet
382 1609 489 1666 diverse
510 1611 567 1666 suis
578 1611 752 1682 temporibus
765 1611 938 1667 consuluisse
990 1615 1065 1672 idem
1089 1615 1236 1671 concilium
1253 1616 1377 1672 instituta
1401 1611 1538 1689 legun'tur.
1555 1617 1613 1671 Nec
1626 1615 1680 1671 boc
1693 1615 1788 1687 utique

137 1704 325 1761 inveniuntur.
343 1707 415 1759 Nam
435 1719 452 1759 a
472 1703 552 1760 beato
567 1707 647 1760 Petro
661 1719 748 1775 usque
762 1703 797 1760 ad
810 1712 937 1760 sanctum
952 1720 977 1783 Β
992 1708 1052 1766 ideo
1075 1707 1170 1765 iecisse
1192 1709 1346 1765 credendus
1370 1717 1411 1765 est
1430 1708 1506 1780 quasi
1521 1709 1722 1779 antiquioribus
1734 1717 1790 1764 sta·

136 1800 307 1873 sylvestrum
322 1799 405 1855 varica
426 1806 454 1853 et
477 1797 650 1853 creberrima
665 1797 867 1868 persecutiones
881 1796 938 1853 lue-
992 1803 1057 1859 tutis
1079 1802 1105 1858 in
1130 1802 1224 1874 aliquo
1245 1802 1475 1874 praejudimverit;
1496 1802 1552 1858 imo
1574 1802 1665 1874 potius
1687 1800 1747 1858 ideo
1760 1810 1791 1857 ut

137 1902 216 1960 runt,
243 1893 392 1965 inquibus
420 1891 549 1965 episcopi,
575 1901 669 1964 utpote
694 1892 780 1965 capita
808 1893 936 1959 aliomm,
993 1896 1209 1967 competentiora
1224 1910 1340 1968 quaeque
1353 1895 1469 1969 regulari
1483 1894 1670 1951 Ecclesiamm
1691 1895 1790 1952 instru-

139 1987 260 2045 matime
274 1985 506 2057 periclitabantur.
523 1985 605 2043 Unde
620 1993 648 2041 et
660 1985 781 2041 Romani
797 1984 939 2056 pontifices
995 1989 1078 2045 ctioui
1097 1988 1288 2059 procuraverit.

140 2078 216 2137 illius
231 2079 361 2152 temporis
375 2078 561 2150 multipliciter
572 2095 619 2134 eos
639 2094 688 2149 pro
701 2077 832 2150 qualitate
845 2092 939 2149 perso·
1029 2083 1088 2138 Nec
1112 2082 1220 2137 mireris
1245 2080 1319 2153 quod
1341 2079 1464 2151 ipsorum
1483 2080 1660 2136 conciliorum
1675 2082 1791 2137 auctori·
1886 2144 1892 2149 ¹

140 2182 253 2241 narum,
269 2173 431 2230 necessitate
444 2188 547 2239 rerum,
562 2172 769 2245 opportunitate
780 2180 940 2242 tempomm
994 2182 1080 2231 tatem
1101 2177 1232 2230 Romano
1252 2173 1374 2245 pontiflci
1388 2173 1562 2230 ascribimus.
1584 2177 1665 2241 llam,
1687 2197 1699 2222 α
1718 2154 1801 2230 nulla'

141 2267 253 2340 scriptis
276 2267 333 2323 suis
355 2266 489 2323 consolati
513 2272 593 2333 sunt;
621 2266 652 2320 in
676 2265 774 2337 quibus
792 2264 826 2321 de
841 2279 940 2320 eorum
995 2268 1108 2325 concilia
1128 2276 1187 2323 rata
1209 2268 1347 2341 leguntur,
1369 2282 1432 2338 quae
1453 2267 1603 2338 apostolica
1629 2267 1793 2323 anctoritate

137 2360 253 2435 ,iudiciis
274 2360 362 2417 multa
387 2360 426 2416 vel
452 2375 521 2431 pene
544 2359 638 2414 omnia
666 2366 829 2424 statuerunt,
845 2365 876 2413 ut
889 2358 942 2412 im·
996 2360 1065 2417 fulta
1077 2377 1134 2417 non
1148 2346 1260 2429 fuerint,
1277 2383 1290 2408 s
1312 2368 1343 2416 ut
1355 2359 1452 2416 beatus
1466 2363 1601 2416 Damasus
1616 2374 1685 2433 papa
1704 2361 1733 2417 in
1748 2361 1795 2417 de-

143 2455 297 2527 proborum
322 2452 564 2525 praesumptionem
588 2451 623 2507 ab
649 2466 747 2508 eorum
771 2449 943 2506 infestatione
996 2455 1077 2511 cretis
1100 2454 1170 2523 suis,
1191 2468 1251 2524 cap.
1277 2460 1306 2520 9,
1332 2453 1453 2509 asserit:
1474 2454 1519 2509 cui
1543 2455 1571 2510 S.
1586 2453 1755 2509 Athanasius
1769 2462 1796 2509 et

143 2562 258 2621 quoquo
290 2547 375 2603 modo
407 2554 629 2617 compesceren13
662 2545 772 2617 quippe,
799 2550 943 2599 attestante
996 2546 1086 2603 Julius
1100 2561 1180 2618 papa,
1193 2545 1337 2601 Nicaenum
1355 2560 1465 2617 quoque
1479 2545 1637 2612 concilium,
1651 2554 1681 2602 et
1698 2547 1795 2620 reliqui

143 2651 240 2699 sancto
251 2642 371 2698 Fabiano
386 2657 454 2714 papa
466 2650 494 2697 et
507 2639 697 2713 llartyre‚ipsi
706 2638 821 2710 apostoli
834 2653 944 2693 eorum-
998 2640 1086 2695 sancti
1098 2641 1192 2694 Patres
1202 2638 1392 2708 astipulantur.
1401 2639 1518 2693 Sanctus
1528 2653 1638 2709 quoque
1648 2639 1796 2695 Marcellus

144 2751 201 2808 quc
213 2718 383 2793 successores
395 2743 549 2792 statuerunt
563 2743 593 2790 ut
611 2732 729 2804 episcopi
741 2740 790 2788 aut
802 2747 944 2803 nunquam
999 2748 1067 2804 papa
1084 2740 1112 2787 et
1126 2720 1229 2803 martyr
1243 2730 1269 2785 in
1284 2729 1403 2786 decretis
1423 2730 1490 2796 suis,
1504 2745 1564 2802 cap.
1580 2736 1597 2785 5
1618 2749 1625 2785 ι
1642 2753 1655 2779 a
1675 2731 1740 2802 lpsi,
1756 2731 1797 2786 in·

145 2838 351 2896 accusarentur,
375 2836 423 2884 aut
446 2828 568 2885 accusari
582 2825 740 2882 dilllcillime
755 2827 947 2896 perruitteren-
999 2827 1068 2899 quit,
1091 2824 1219 2896 apostoli,
1240 2837 1461 2895 eorumquoque
1476 2837 1658 2890 successores,
1674 2824 1797 2880 Domino

145 2930 205 2981 tur.
217 2924 299 2987 llam,
314 2931 347 2978 ut
362 2923 457 2979 beatus
471 2921 656 2994 Eutychianus
668 2935 736 2991 papa
750 2928 777 2974 et
791 2925 894 2991 martyr
906 2927 946 2974 te-
999 2919 1159 2990 inspirante,
1186 2918 1388 2973 constituerunt
1410 2924 1443 2972 ut
1465 2917 1538 2972 nulla
1563 2915 1641 2972 fieret
1674 2916 1798 2990 synodus

139 3023 247 3085 statur,
261 3016 284 3073 si
299 3016 437 3072 accusatio
451 3015 642 3087 cpiscoporum
661 3022 727 3069 tunc
748 3011 826 3069 lacile
840 3020 868 3069 et
885 3027 946 3083 pas·
1001 3021 1100 3085 praeter
1114 3015 1249 3068 Romanae
1273 3010 1345 3068 sedis
1363 3010 1563 3066 auctoritatem.
1590 3033 1603 3058 ι
1629 3012 1697 3066 Nam
1724 3009 1800 3066 illins

147 3110 202 3167 sim
226 3109 428 3174 admitteretur,
449 3108 575 3181 perpauci
598 3107 680 3164 nimis
702 3106 889 3162 invenirentur
901 3106 949 3178 qui
962 3086 987 3151 C
1001 3104 1072 3162 sedis
1092 3105 1234 3177 episcopus
1246 3102 1331 3175 judex
1349 3111 1391 3160 cst
1411 3103 1498 3159 totius
1519 3102 1659 3159 Ecclesia.
1681 3105 1737 3159 Nec
1751 3102 1800 3158 ali·

147 3218 184 3262 co
199 3203 515 3275 temporeepiscopatum
527 3217 585 3257 non
597 3200 731 3273 lugerent,
747 3214 810 3256 cum
820 3207 847 3255 et
858 3198 949 3271 quoti·
1001 3199 1074 3272 quod
1081 3196 1217 3270 judicium
1228 3198 1299 3252 valet
1310 3198 1413 3270 absque
1424 3196 1545 3268 legitimo
1553 3196 1657 3268 iudice.

148 3295 263 3355 dianam
278 3305 397 3353 mortem
419 3310 452 3351 ex
471 3295 660 3367 persecutione
682 3294 821 3362 timerent,
842 3308 895 3349 nec
908 3300 949 3348 ta-
1038 3294 1108 3348 Sunt
1130 3297 1223 3347 autem
1249 3298 1368 3362 quatuor
1397 3289 1513 3346 concilia
1545 3290 1644 3362 quibus
1678 3291 1801 3346 Romani

149 3405 216 3446 men
226 3389 414 3462 improborum
433 3389 634 3444 accusationem
647 3386 781 3444 declinare
791 3394 912 3459 possent.
1003 3385 1147 3459 pontifices
1161 3399 1288 3456 magnam
1307 3383 1489 3440 reverentiam
1512 3382 1646 3440 detulisse
1661 3382 1801 3456 leguntur,

161 3485 303 3545 ¹Suttctuu
324 3483 408 3540 ctiam
422 3482 572 3539 anacletus
592 3497 660 3553 papa
675 3488 704 3537 et
720 3488 827 3552 martyr
840 3480 875 3536 ad
888 3482 949 3535 uni·
1002 3479 1146 3535 Nicaenum
1167 3477 1286 3544 scilicet,
1311 3475 1659 3548 Constantinopolitanum,
1691 3475 1802 3549 Ephesi·

147 3590 248 3635 senos
268 3576 411 3649 episcopos
431 3575 514 3632 ltaliae
534 3573 666 3641 scribens,
693 3573 872 3645 dejectionem
892 3573 950 3628 sive
1002 3569 1348 3639 num‚ethaloedonense
1361 3568 1509 3625 concilium
1523 3589 1531 3636 3
1543 3585 1605 3642 quae
1618 3585 1635 3625 a
1647 3567 1803 3626 beatoGre-

149 3669 362 3727 damnationem
373 3669 566 3741 episcoporum
576 3667 628 3723 sibi
639 3667 950 3725 Dominumreservasse
1003 3665 1079 3740 gotio
1103 3680 1160 3720 non
1184 3663 1267 3721 semel
1290 3672 1322 3720 ut
1351 3670 1469 3734 quatuor
1495 3662 1709 3734 Evangeliorum
1736 3662 1800 3719 libri

150 3770 279 3829 testetur,
294 3761 371 3833 quasi
388 3761 536 3818 bominum
556 3760 662 3832 judicio
681 3759 822 3832 subjacere
841 3775 900 3815 non
912 3759 951 3814 vi·
1006 3759 1159 3816 veneranda
1182 3764 1341 3825 censentur,
1366 3764 1394 3812 et
1421 3756 1471 3812 sub
1494 3755 1611 3812 terribili
1625 3755 1803 3813 anathemate

150 3853 280 3913 deantur.
295 3856 351 3911 llec
368 3854 477 3910 mirum·
490 3855 542 3911 boc
557 3869 605 3910 eos
623 3869 656 3910 eo
668 3861 792 3925 tempore
800 3851 948 3924 iudicasse,
1004 3853 1143 3910 contemni
1165 3850 1357 3923 probibentur.

147 3964 221 4007 cuns
232 3949 368 4006 acerrima
380 3950 532 4021 persecutio
551 3965 608 4005 non
628 3948 681 4004 nisi
694 3947 905 4021 perfectissimos
917 3947 951 4006 ad
1041 3945 1164 4002 Primum
1174 3960 1239 4017 ergo
1250 3943 1376 4001 horuma
1390 3958 1523 4001 cccxuu
1534 3943 1803 4001 PatribusinNiccea
1865 3984 1868 3989 -

151 4042 345 4116 episcopatum
355 4042 446 4099 venire
457 4043 640 4115 permitteret,
657 4042 757 4113 qnippe
772 4042 817 4112 qui
828 4042 889 4114 Jam
902 4055 951 4113 pro
1004 4034 1139 4107 bithyniae
1166 4033 1292 4089 habitum
1328 4041 1370 4088 est
1383 4046 1417 4088 ex
1431 4031 1592 4088 auctoritate
1616 4034 1644 4088 S.
1674 4032 1803 4104 sylvestri

149 4137 274 4197 cnm
286 4138 383 4195 amnia
402 4147 523 4195 extrema
537 4139 594 4211 pati
606 4154 664 4194 „011
677 4137 817 4193 timerent,
834 4138 866 4190 ιη
881 4144 950 4192 tem.
1006 4139 1093 4198 papae,
1103 4130 1197 4179 contra
1207 4122 1306 4177 Arium
1315 4120 1533 4178 Alexandrinum
1545 4120 1744 4194 presbyterum,
1756 4121 1804 4193 qui

154 4239 329 4305 mantem
355 4232 430 4304 paors
449 4230 556 4304 anquid
576 4232 610 4288 de
633 4231 679 4286 ipa
697 4229 859 4287 difficultate
873 4244 952 4284 amu.
1005 4220 1063 4268 tres
1084 4209 1186 4283 gradus
1209 4210 1236 4264 in
1259 4218 1352 4265 sancta
1374 4209 1642 4266 Trinitateasseruit.
1659 4211 1739 4276 ltem,
1753 4211 1805 4265 Pa·

153 4323 272 4383 sadonis
294 4325 352 4382 sive
376 4325 560 4381 damnationis
572 4324 764 4398 episcoporum
786 4339 844 4379 non
858 4323 954 4377 incon·
1008 4309 1080 4358 Uim
1098 4299 1242 4370 m³l⁰l0ffls
1255 4299 1355 4356 Filium
1371 4298 1514 4366 mmmm,
1531 4299 1661 4371 395¹in
1677 4307 1803 4355 ”fictum

154 4432 226 4492 ‘me
238 4418 398 4486 remittitur,
413 4434 477 4474 cum
490 4417 661 4490 episcopatus
675 4433 731 4472 non
742 4417 801 4489 jam
819 4432 833 4472 a
851 4414 956 4488 pauci&
971 4456 996 4520 D
1010 4398 1174 4457 creaturam,
1211 4397 1336 4459 tempore
1360 4386 1530 4443 Constantini
1555 4386 1693 4458 principis,
1720 4388 1803 4443 Attici

155 4509 240 4584 quasi
251 4526 335 4578 mors,
351 4511 477 4583 religiose
499 4511 622 4578 timetur,
638 4510 714 4567 seda
728 4510 864 4582 plurimis,
879 4523 956 4581 quast
1011 4479 1323 4581 mnsmn¹{⁰⁰p⁰[i¹³⁰it
1358 4477 1470 4533 Mfflfii
1493 4475 1765 4577 ‚memmlymflfflb
1776 4485 1805 4578 {³¹

1010 4569 1155 4626 Alexandri
1177 4567 1338 4640 patriarchas
1353 4564 1541 4621 Alexandrtm.
1565 4567 1597 4621 ln
1615 4581 1671 4639 quo
1689 4566 1805 4623 concilio

1010 4660 1191 4717 condemnata
1207 4656 1302 4713 haeresi
1322 4654 1435 4721 Ariana,
1450 4653 1602 4713 secundum
1616 4662 1678 4727 post
1696 4663 1806 4724 aposto·

1010 4751 1053 4808 los
1069 4747 1241 4821 Symbolum,
1263 4753 1291 4800 et
1314 4744 1407 4816 viginti
1421 4758 1541 4800 canones
1554 4744 1804 4817 promulgaverunt

1012 4837 1083 4894 Huic
1099 4835 1215 4893 concilio
1226 4833 1307 4906 legati
1320 4832 1392 4889 sedis
1412 4832 1581 4903 aposmttcae,
1594 4848 1712 4907 magnus
1725 4834 1808 4891 Osius

156 4603 258 4677 gloria,
273 4605 416 4660 ambitiose
438 4604 585 4677 appetitur,
615 4604 791 4675 etappetitus
810 4603 957 4659 criminose

150 4694 384 4764 'administratum
408 4698 510 4753 scilicet
533 4712 599 4754 cum
623 4697 682 4768 jam
706 4712 762 4752 uon
782 4696 845 4751 talis
868 4710 957 4767 perse-

157 4789 236 4847 cutio
257 4791 380 4862 aliquem
407 4790 441 4847 ab
456 4791 612 4862 episcopatu
630 4790 671 4845 vel
687 4797 796 4862 peccato
809 4787 958 4856 deterreat,

157 4881 212 4941 ”d
228 4899 291 4988 Ψ
314 4885 387 4957 ΡΨ*
410 4885 595 4990 Μ’(ῙΠῨΗῘΨ
620 4893 649 4940 ‘t
669 4881 959 4988 h⁰¹ff⁰¹i⁵.⁵⁰b¹imit³⁸
1011 4923 1194 4984 Cordubensis
1212 4923 1366 4995 episcopus,
1389 4923 1482 4978 Victor
1511 4931 1539 4979 et
1561 4923 1732 4991 Vincentius,
1748 4939 1809 4995 pre-

158 4991 250 5049 magrs
272 4977 308 5036 ad
321 4978 489 5050 peccandum
508 4979 608 5034 rlbcrat.
624 4977 704 5035 Unde
718 4994 745 5032 tn
766 4978 879 5032 Nrcaeno
894 4989 961 5030 con·
1013 5014 1112 5088 διψῶ
1133 5015 1269 5069 Romanae
1287 5010 1425 5078 Ecclesia),
1441 5009 1498 5067 Μ
1509 5010 1636 5083 sylvestri
1651 5027 1727 5083 papa,
1742 5026 1810 5083 pm,

158 5070 227 5177 cilio
240 5086 298 5127 non
321 5072 409 5144 magis
430 5070 563 5143 episcopis
578 5088 661 5144 quam
677 5070 842 5144 quibuslibet
854 5068 962 5124 clericis
1012 5103 1133 5170 fuerunt,
1152 5109 1180 5158 et
1201 5108 1303 5157 smum
1315 5099 1436 5172 ,jusdem
1459 5099 1567 5156 concilii
1594 5100 1723 5172 primaria
1747 5099 1811 5156 sub,

158 5178 191 5221 m
205 5162 380 5221 damnatione
391 5167 520 5238 parcitur,
531 5181 594 5221 eum
607 5165 767 5237 generaliter
780 5165 809 5219 in
823 5177 960 5219 eoomnes
1013 5192 1162 5265 scriptione
1185 5188 1371 5246 mmmmm·
1389 5186 1450 5260 195,
1476 5170 1558 5245 ,fiam
1581 5187 1716 5259 symm,
1740 5202 1810 5258 papa

158 5256 334 5315 damnentur
364 5259 521 5339 quicunque
562 5254 594 5315 se¹
616 5266 712 5314 contra
737 5272 831 5314 sacras
855 5255 961 5328 regulas
1013 5283 1151 5336 Rom„
1169 5277 1285 5353 semp
1306 5276 1413 5350 synodo
1429 5275 1590 5349 widem,
1605 5271 1811 5345 predictam.

161 5347 267 5409 efferre
277 5368 332 5408 non
344 5361 479 5409 verentur.
495 5358 564 5408 Ante
572 5352 638 5409 illud
648 5368 712 5408 sane
722 5351 868 5407 concilium
877 5357 962 5406 tantae
1017 5372 1123 5428 homi,
1140 5368 1276 5443 synodum
1288 5384 1353 5424 ,um
1365 5365 1563 5439 subscriptione
1575 5377 1693 5421 πων
1707 5362 1814 5435 091300.

161 5445 366 5517 psrsecotiones
387 5444 507 5518 undique
519 5446 672 5514 saevierant,
692 5454 723 5501 ut
739 5445 859 5501 Romani
874 5441 962 5515 ponti·
1017 5477 1125 5536 Pomm,

161 5537 390 5597 destruuntur
404 5540 448 5596 vix
470 5556 579 5613 quoquo
601 5540 685 5596 modo
699 5539 807 5610 scriptis
825 5539 882 5594 suis
896 5553 963 5593 con·
1052 5551 1086 5605 sst
1099 5544 1240 5602 sciendum
1252 5544 1314 5617 quia
1328 5543 1446 5600 Romani
1466 5538 1608 5613 pontifices
1624 5556 1765 5612 nunquam
1778 5542 1814 5599 ad

100 5636 104 5641 '
163 5630 250 5691 wtart
273 5634 329 5691 sivo
343 5641 439 5691 contra
466 5634 608 5706 improbos
628 5633 774 5690 defensare
789 5632 959 5698 sufficerent,
1017 5635 1164 5695 concilium
1179 5632 1348 5691 ltomaexire
1361 5635 1573 5696 consueverunt,
1586 5626 1635 5684 sed
1648 5643 1696 5700 per
1710 5628 1815 5701 togatos
1890 5638 1898 5657 ⁵

162 5725 273 5784 nedum
286 5728 497 5785 ecclesiasticam
511 5727 686 5799 disciplinam
701 5741 894 5800 usquequaque
909 5724 964 5798 ple·
1017 5741 1082 5781 suos
1102 5723 1260 5795 hujusmodi
1280 5719 1402 5776 conciliis
1420 5716 1599 5789 praefuerunt.
1620 5714 1704 5773 Unde
1717 5718 1744 5772 S.
1759 5718 1817 5773 Leo

115 5820 118 5825 '
163 5819 241 5879 niter
253 5828 282 5878 et
292 5821 458 5895 regulariter
470 5821 612 5879 iustimere
624 5826 746 5894 possent.
1018 5830 1099 5888 papa,
1124 5827 1141 5870 a
1173 5807 1397 5870 christianissimo
1422 5804 1592 5882 imperatore
1615 5804 1756 5862 Marciano
1783 5804 1819 5864 ad
