<?xml version="1.0" encoding="UTF-8"?>
<!DOCTYPE html PUBLIC "-//W3C//DTD XHTML 1.0 Transitional//EN"
    "http://www.w3.org/TR/xhtml1/DTD/xhtml1-transitional.dtd">
<html xmlns="http://www.w3.org/1999/xhtml" xml:lang="en" lang="en">
 <head>
  <title>
</title>
<meta http-equiv="Content-Type" content="text/html;charset=utf-8" />
  <meta name='ocr-system' content='tesseract 3.04.00' />
  <meta name='ocr-capabilities' content='ocr_page ocr_carea ocr_par ocr_line ocrx_word'/>
</head>
<body>
  <div class='ocr_page' id='page_1' title='image "./patrologiaecurs02unkngoog_0723.png"; bbox 0 0 3870 6164; ppageno 0'>
   <div class='ocr_carea' id='block_1_1' title="bbox 596 218 1845 365">
    <p class='ocr_par' dir='ltr' id='par_1_1' title="bbox 596 218 1845 365">
     <span class='ocr_line' id='line_1_1' title="bbox 596 218 1845 365; baseline 0.006 -48"><span class='ocrx_word' id='word_1_1' title='bbox 596 250 742 319; x_wconf 74' lang='lat' dir='ltr'><strong>creauit.</strong></span> <span class='ocrx_word' id='word_1_2' title='bbox 761 263 861 320; x_wconf 74' lang='lat' dir='ltr'><strong>ut·</strong></span> <span class='ocrx_word' id='word_1_3' title='bbox 879 253 1088 323; x_wconf 75' lang='lat' dir='ltr'><strong>nonuncium</strong></span> <span class='ocrx_word' id='word_1_4' title='bbox 1106 240 1363 323; x_wconf 57' lang='lat' dir='ltr'><strong>cunebertus?</strong></span> <span class='ocrx_word' id='word_1_5' title='bbox 1542 236 1572 365; x_wconf 16' lang='lat' dir='ltr'><strong>‘x</strong></span> <span class='ocrx_word' id='word_1_6' title='bbox 1723 218 1780 324; x_wconf 70' lang='lat' dir='ltr'><strong>its</strong></span> <span class='ocrx_word' id='word_1_7' title='bbox 1832 218 1845 266; x_wconf 31' lang='lat'><strong>‘¹</strong></span> 
     </span>
    </p>
   </div>
   <div class='ocr_carea' id='block_1_2' title="bbox 145 418 1785 458">
    <p class='ocr_par' dir='ltr' id='par_1_2' title="bbox 145 418 1785 458">
     <span class='ocr_line' id='line_1_2' title="bbox 145 418 1785 458; baseline 0.003 -6"><span class='ocrx_word' id='word_1_8' title='bbox 145 418 1785 458; x_wconf 50' lang='lat' dir='ltr'><em>Q</em></span> 
     </span>
    </p>
   </div>
   <div class='ocr_carea' id='block_1_3' title="bbox 407 517 1494 721">
    <p class='ocr_par' dir='ltr' id='par_1_3' title="bbox 407 517 1494 721">
     <span class='ocr_line' id='line_1_3' title="bbox 407 517 1494 721; baseline 0.016 -17"><span class='ocrx_word' id='word_1_9' title='bbox 407 517 679 707; x_wconf 82' lang='grc' dir='ltr'><strong>ιιιιιιιι</strong></span> <span class='ocrx_word' id='word_1_10' title='bbox 728 588 952 710; x_wconf 74' lang='lat' dir='ltr'><strong>eliseus</strong></span> <span class='ocrx_word' id='word_1_11' title='bbox 999 589 1494 721; x_wconf 77' lang='lat' dir='ltr'><strong>latinissimus,</strong></span> 
     </span>
    </p>
   </div>
   <div class='ocr_carea' id='block_1_4' title="bbox 706 950 1226 1064">
    <p class='ocr_par' dir='ltr' id='par_1_4' title="bbox 706 950 1226 1064">
     <span class='ocr_line' id='line_1_4' title="bbox 706 950 1226 1064; baseline 0 -2"><span class='ocrx_word' id='word_1_12' title='bbox 706 951 774 1064; x_wconf 77' lang='lat'><strong>8.</strong></span> <span class='ocrx_word' id='word_1_13' title='bbox 808 950 1226 1064; x_wconf 71' lang='lat' dir='ltr'><strong>ANSELMI</strong></span> 
     </span>
    </p>
   </div>
   <div class='ocr_carea' id='block_1_5' title="bbox 295 1090 1627 1403">
    <p class='ocr_par' dir='ltr' id='par_1_5' title="bbox 295 1090 1627 1403">
     <span class='ocr_line' id='line_1_5' title="bbox 546 1090 1276 1196; baseline 0.003 -6"><span class='ocrx_word' id='word_1_14' title='bbox 546 1090 549 1096; x_wconf 65' lang='grc'><strong>’</strong></span> <span class='ocrx_word' id='word_1_15' title='bbox 657 1129 947 1195; x_wconf 81' lang='lat' dir='ltr'><strong>naenmrrseorr</strong></span> <span class='ocrx_word' id='word_1_16' title='bbox 967 1131 1276 1196; x_wconf 79' lang='lat' dir='ltr'><strong>esurulsinusis</strong></span> 
     </span>
     <span class='ocr_line' id='line_1_6' title="bbox 295 1304 1627 1403; baseline 0.002 -9"><span class='ocrx_word' id='word_1_17' title='bbox 295 1304 608 1397; x_wconf 84' lang='lat' dir='ltr'>EPISTOLAE</span> <span class='ocrx_word' id='word_1_18' title='bbox 643 1310 785 1402; x_wconf 86' lang='lat' dir='ltr'><strong>DUAE</strong></span> <span class='ocrx_word' id='word_1_19' title='bbox 818 1309 1136 1403; x_wconf 79' lang='lat' dir='ltr'>ADVERSUS</span> <span class='ocrx_word' id='word_1_20' title='bbox 1171 1307 1627 1402; x_wconf 78' lang='lat' dir='ltr'><strong>SdfflSllnTlGOS.</strong></span> 
     </span>
    </p>
   </div>
   <div class='ocr_carea' id='block_1_6' title="bbox 407 1460 1517 1530">
    <p class='ocr_par' dir='ltr' id='par_1_6' title="bbox 407 1460 1517 1530">
     <span class='ocr_line' id='line_1_7' title="bbox 407 1460 1517 1530; baseline 0.003 -7"><span class='ocrx_word' id='word_1_21' title='bbox 407 1465 479 1524; x_wconf 86' lang='lat' dir='ltr'><strong>SUB</strong></span> <span class='ocrx_word' id='word_1_22' title='bbox 497 1467 691 1528; x_wconf 78' lang='lat' dir='ltr'>GREGORIO</span> <span class='ocrx_word' id='word_1_23' title='bbox 710 1472 761 1528; x_wconf 85' lang='lat' dir='ltr'><strong>vlt</strong></span> <span class='ocrx_word' id='word_1_24' title='bbox 780 1474 826 1529; x_wconf 83' lang='lat' dir='ltr'><strong>ET</strong></span> <span class='ocrx_word' id='word_1_25' title='bbox 845 1473 1002 1530; x_wconf 78' lang='lat' dir='ltr'>URBANO</span> <span class='ocrx_word' id='word_1_26' title='bbox 1021 1473 1047 1528; x_wconf 92' lang='lat'><strong>11</strong></span> <span class='ocrx_word' id='word_1_27' title='bbox 1067 1471 1231 1528; x_wconf 75' lang='lat' dir='ltr'>ROMANIS</span> <span class='ocrx_word' id='word_1_28' title='bbox 1249 1460 1517 1528; x_wconf 64' lang='lat' dir='ltr'><strong>pontilianus?</strong></span> 
     </span>
    </p>
   </div>
   <div class='ocr_carea' id='block_1_7' title="bbox 828 1769 1100 1862">
    <p class='ocr_par' dir='ltr' id='par_1_7' title="bbox 828 1769 1100 1862">
     <span class='ocr_line' id='line_1_8' title="bbox 828 1769 1100 1862; baseline -0.004 -4"><span class='ocrx_word' id='word_1_29' title='bbox 828 1769 1100 1862; x_wconf 84' lang='lat' dir='ltr'><strong>LECTORI.</strong></span> 
     </span>
    </p>
   </div>
   <div class='ocr_carea' id='block_1_8' title="bbox 136 1921 1799 2362">
    <p class='ocr_par' dir='ltr' id='par_1_8' title="bbox 136 1921 1799 2362">
     <span class='ocr_line' id='line_1_9' title="bbox 173 1921 1788 2010; baseline 0.006 -32"><span class='ocrx_word' id='word_1_30' title='bbox 173 1921 243 2005; x_wconf 66' lang='lat' dir='ltr'><strong>Sicut</strong></span> <span class='ocrx_word' id='word_1_31' title='bbox 257 1924 368 1997; x_wconf 89' lang='lat' dir='ltr'><strong>quidem</strong></span> <span class='ocrx_word' id='word_1_32' title='bbox 380 1927 442 1987; x_wconf 84' lang='lat' dir='ltr'><strong>duae</strong></span> <span class='ocrx_word' id='word_1_33' title='bbox 454 1929 514 1989; x_wconf 86' lang='lat' dir='ltr'><strong>istae</strong></span> <span class='ocrx_word' id='word_1_34' title='bbox 526 1931 659 2005; x_wconf 84' lang='lat' dir='ltr'><strong>epistolae,</strong></span> <span class='ocrx_word' id='word_1_35' title='bbox 673 1933 757 1992; x_wconf 90' lang='lat' dir='ltr'><strong>altera</strong></span> <span class='ocrx_word' id='word_1_36' title='bbox 766 1935 812 1992; x_wconf 85' lang='lat' dir='ltr'><strong>ste</strong></span> <span class='ocrx_word' id='word_1_37' title='bbox 832 1934 896 1994; x_wconf 89' lang='lat' dir='ltr'><strong>bani</strong></span> <span class='ocrx_word' id='word_1_38' title='bbox 911 1936 1142 1995; x_wconf 86' lang='lat' dir='ltr'><strong>Halberstatensis</strong></span> <span class='ocrx_word' id='word_1_39' title='bbox 1154 1934 1285 2010; x_wconf 82' lang='lat' dir='ltr'>episcopi,</span> <span class='ocrx_word' id='word_1_40' title='bbox 1299 1935 1351 1993; x_wconf 91' lang='lat' dir='ltr'><strong>sub</strong></span> <span class='ocrx_word' id='word_1_41' title='bbox 1365 1933 1496 1992; x_wconf 88' lang='lat' dir='ltr'><strong>Ludovici</strong></span> <span class='ocrx_word' id='word_1_42' title='bbox 1510 1933 1667 2008; x_wconf 84' lang='lat' dir='ltr'><strong>Tluuiogiae</strong></span> <span class='ocrx_word' id='word_1_43' title='bbox 1678 1934 1788 1989; x_wconf 91' lang='lat' dir='ltr'><strong>comitis</strong></span> 
     </span>
     <span class='ocr_line' id='line_1_10' title="bbox 136 1951 1788 2082; baseline 0.007 -34"><span class='ocrx_word' id='word_1_44' title='bbox 136 1996 302 2077; x_wconf 38' lang='lat' dir='ltr'><strong>nomine,·ad</strong></span> <span class='ocrx_word' id='word_1_45' title='bbox 312 1999 486 2082; x_wconf 69' lang='lat' dir='ltr'><strong>walramum</strong></span> <span class='ocrx_word' id='word_1_46' title='bbox 497 2003 749 2076; x_wconf 87' lang='lat' dir='ltr'><strong>Naumburgenscm</strong></span> <span class='ocrx_word' id='word_1_47' title='bbox 758 2022 806 2063; x_wconf 87' lang='lat' dir='ltr'><strong>seu</strong></span> <span class='ocrx_word' id='word_1_48' title='bbox 814 1951 1053 2082; x_wconf 40' lang='lat' dir='ltr'><strong>{lemburgensem</strong></span> <span class='ocrx_word' id='word_1_49' title='bbox 1063 2009 1221 2082; x_wconf 89' lang='lat' dir='ltr'><strong>episcopum</strong></span> <span class='ocrx_word' id='word_1_50' title='bbox 1231 2009 1310 2074; x_wconf 69' lang='lat' dir='ltr'><strong>datas</strong></span> <span class='ocrx_word' id='word_1_51' title='bbox 1321 2007 1404 2063; x_wconf 88' lang='lat' dir='ltr'><strong>altera</strong></span> <span class='ocrx_word' id='word_1_52' title='bbox 1415 2009 1445 2061; x_wconf 90' lang='lat' dir='ltr'><strong>B.</strong></span> <span class='ocrx_word' id='word_1_53' title='bbox 1457 2005 1579 2062; x_wconf 80' lang='lat' dir='ltr'><strong>Anselmi</strong></span> <span class='ocrx_word' id='word_1_54' title='bbox 1589 2004 1788 2076; x_wconf 87' lang='lat' dir='ltr'><strong>archiepiscopi</strong></span> 
     </span>
     <span class='ocr_line' id='line_1_11' title="bbox 137 2065 1787 2152; baseline 0.004 -29"><span class='ocrx_word' id='word_1_55' title='bbox 137 2065 338 2148; x_wconf 80' lang='lat' dir='ltr'><strong>Cantuarrensrs</strong></span> <span class='ocrx_word' id='word_1_56' title='bbox 349 2070 384 2126; x_wconf 91' lang='lat' dir='ltr'><strong>ad</strong></span> <span class='ocrx_word' id='word_1_57' title='bbox 400 2073 590 2144; x_wconf 77' lang='lat' dir='ltr'><strong>wilhelmum,</strong></span> <span class='ocrx_word' id='word_1_58' title='bbox 604 2075 731 2147; x_wconf 82' lang='lat' dir='ltr'><strong>abbatem</strong></span> <span class='ocrx_word' id='word_1_59' title='bbox 746 2079 978 2152; x_wconf 87' lang='lat' dir='ltr'><strong>Hirsauglensem.</strong></span> <span class='ocrx_word' id='word_1_60' title='bbox 995 2080 1072 2135; x_wconf 80' lang='lat' dir='ltr'><strong>Prius</strong></span> <span class='ocrx_word' id='word_1_61' title='bbox 1087 2095 1196 2151; x_wconf 88' lang='lat' dir='ltr'><strong>quoque</strong></span> <span class='ocrx_word' id='word_1_62' title='bbox 1207 2081 1279 2152; x_wconf 80' lang='lat' dir='ltr'><strong>typis</strong></span> <span class='ocrx_word' id='word_1_63' title='bbox 1293 2079 1436 2151; x_wconf 75' lang='lat' dir='ltr'><strong>evulgatae,</strong></span> <span class='ocrx_word' id='word_1_64' title='bbox 1451 2076 1509 2140; x_wconf 81' lang='lat' dir='ltr'><strong>sed,</strong></span> <span class='ocrx_word' id='word_1_65' title='bbox 1524 2077 1585 2148; x_wconf 88' lang='lat' dir='ltr'><strong>quia</strong></span> <span class='ocrx_word' id='word_1_66' title='bbox 1601 2077 1787 2143; x_wconf 82' lang='lat' dir='ltr'><strong>bodechinus,</strong></span> 
     </span>
     <span class='ocr_line' id='line_1_12' title="bbox 137 2143 1788 2221; baseline 0.006 -30"><span class='ocrx_word' id='word_1_67' title='bbox 137 2143 313 2196; x_wconf 86' lang='lat' dir='ltr'><strong>continuator</strong></span> <span class='ocrx_word' id='word_1_68' title='bbox 335 2143 452 2198; x_wconf 87' lang='lat' dir='ltr'><strong>Mariani</strong></span> <span class='ocrx_word' id='word_1_69' title='bbox 474 2145 557 2214; x_wconf 90' lang='lat' dir='ltr'><strong>Scoti,</strong></span> <span class='ocrx_word' id='word_1_70' title='bbox 580 2147 652 2217; x_wconf 88' lang='lat' dir='ltr'><strong>apud</strong></span> <span class='ocrx_word' id='word_1_71' title='bbox 674 2163 757 2218; x_wconf 85' lang='lat' dir='ltr'><strong>quem</strong></span> <span class='ocrx_word' id='word_1_72' title='bbox 778 2149 892 2221; x_wconf 89' lang='lat' dir='ltr'><strong>epistola</strong></span> <span class='ocrx_word' id='word_1_73' title='bbox 915 2149 1046 2221; x_wconf 89' lang='lat' dir='ltr'><strong>Stephani</strong></span> <span class='ocrx_word' id='word_1_74' title='bbox 1066 2160 1167 2218; x_wconf 80' lang='lat' dir='ltr'><strong>exstat,</strong></span> <span class='ocrx_word' id='word_1_75' title='bbox 1190 2166 1247 2206; x_wconf 91' lang='lat' dir='ltr'><strong>non</strong></span> <span class='ocrx_word' id='word_1_76' title='bbox 1269 2161 1310 2205; x_wconf 88' lang='lat' dir='ltr'><strong>est</strong></span> <span class='ocrx_word' id='word_1_77' title='bbox 1331 2149 1431 2220; x_wconf 90' lang='lat' dir='ltr'><strong>passim</strong></span> <span class='ocrx_word' id='word_1_78' title='bbox 1454 2149 1561 2213; x_wconf 89' lang='lat' dir='ltr'><strong>obvius,</strong></span> <span class='ocrx_word' id='word_1_79' title='bbox 1586 2163 1672 2218; x_wconf 86' lang='lat' dir='ltr'><strong>neque</strong></span> <span class='ocrx_word' id='word_1_80' title='bbox 1698 2149 1788 2219; x_wconf 82' lang='lat' dir='ltr'>Opera</span> 
     </span>
     <span class='ocr_line' id='line_1_13' title="bbox 140 2206 1790 2294; baseline 0.007 -33"><span class='ocrx_word' id='word_1_81' title='bbox 140 2206 169 2261; x_wconf 87' lang='lat' dir='ltr'><strong>S.</strong></span> <span class='ocrx_word' id='word_1_82' title='bbox 184 2209 306 2288; x_wconf 80' lang='lat' dir='ltr'><strong>Anselmi</strong></span> <span class='ocrx_word' id='word_1_83' title='bbox 319 2213 447 2269; x_wconf 91' lang='lat' dir='ltr'><strong>omniurn</strong></span> <span class='ocrx_word' id='word_1_84' title='bbox 461 2215 590 2271; x_wconf 91' lang='lat' dir='ltr'><strong>manibus</strong></span> <span class='ocrx_word' id='word_1_85' title='bbox 602 2225 735 2284; x_wconf 88' lang='lat' dir='ltr'><strong>teruntur,</strong></span> <span class='ocrx_word' id='word_1_86' title='bbox 752 2218 814 2275; x_wconf 91' lang='lat' dir='ltr'><strong>ideo</strong></span> <span class='ocrx_word' id='word_1_87' title='bbox 831 2234 876 2275; x_wconf 92' lang='lat' dir='ltr'><strong>eas</strong></span> <span class='ocrx_word' id='word_1_88' title='bbox 891 2219 936 2274; x_wconf 91' lang='lat' dir='ltr'><strong>hic</strong></span> <span class='ocrx_word' id='word_1_89' title='bbox 947 2220 1063 2275; x_wconf 82' lang='lat' dir='ltr'><strong>seorsim</strong></span> <span class='ocrx_word' id='word_1_90' title='bbox 1076 2236 1141 2276; x_wconf 87' lang='lat' dir='ltr'><strong>curn</strong></span> <span class='ocrx_word' id='word_1_91' title='bbox 1155 2221 1216 2277; x_wconf 91' lang='lat' dir='ltr'><strong>aliis</strong></span> <span class='ocrx_word' id='word_1_92' title='bbox 1229 2220 1350 2294; x_wconf 90' lang='lat' dir='ltr'><strong>ejusdem</strong></span> <span class='ocrx_word' id='word_1_93' title='bbox 1363 2219 1458 2275; x_wconf 88' lang='lat' dir='ltr'><strong>classis</strong></span> <span class='ocrx_word' id='word_1_94' title='bbox 1469 2226 1496 2273; x_wconf 88' lang='lat' dir='ltr'><strong>et</strong></span> <span class='ocrx_word' id='word_1_95' title='bbox 1507 2219 1589 2275; x_wconf 89' lang='lat' dir='ltr'><strong>sortis</strong></span> <span class='ocrx_word' id='word_1_96' title='bbox 1602 2220 1790 2274; x_wconf 73' lang='lat' dir='ltr'><strong>monumentis</strong></span> 
     </span>
     <span class='ocr_line' id='line_1_14' title="bbox 139 2277 1799 2362; baseline 0.008 -30"><span class='ocrx_word' id='word_1_97' title='bbox 139 2277 279 2359; x_wconf 76' lang='lat' dir='ltr'><strong>publicare</strong></span> <span class='ocrx_word' id='word_1_98' title='bbox 291 2282 379 2339; x_wconf 86' lang='lat' dir='ltr'><strong>visum</strong></span> <span class='ocrx_word' id='word_1_99' title='bbox 399 2292 452 2340; x_wconf 85' lang='lat' dir='ltr'><strong>est.</strong></span> <span class='ocrx_word' id='word_1_100' title='bbox 476 2285 594 2341; x_wconf 86' lang='lat' dir='ltr'><strong>Utinam</strong></span> <span class='ocrx_word' id='word_1_101' title='bbox 616 2285 745 2357; x_wconf 90' lang='lat' dir='ltr'><strong>Stephani</strong></span> <span class='ocrx_word' id='word_1_102' title='bbox 761 2288 874 2358; x_wconf 87' lang='lat' dir='ltr'><strong>epistola</strong></span> <span class='ocrx_word' id='word_1_103' title='bbox 889 2289 1032 2360; x_wconf 82' lang='lat' dir='ltr'><strong>aliquando</strong></span> <span class='ocrx_word' id='word_1_104' title='bbox 1055 2290 1162 2362; x_wconf 88' lang='lat' dir='ltr'><strong>integra</strong></span> <span class='ocrx_word' id='word_1_105' title='bbox 1177 2292 1204 2346; x_wconf 88' lang='lat' dir='ltr'><strong>in</strong></span> <span class='ocrx_word' id='word_1_106' title='bbox 1225 2291 1316 2346; x_wconf 92' lang='lat' dir='ltr'><strong>lucem</strong></span> <span class='ocrx_word' id='word_1_107' title='bbox 1336 2287 1505 2355; x_wconf 74' lang='lat' dir='ltr'><strong>extrahatur,</strong></span> <span class='ocrx_word' id='word_1_108' title='bbox 1528 2305 1595 2345; x_wconf 89' lang='lat' dir='ltr'><strong>nam</strong></span> <span class='ocrx_word' id='word_1_109' title='bbox 1612 2288 1799 2346; x_wconf 65' lang='lat' dir='ltr'><strong>Dodechinus‘*</strong></span> 
     </span>
    </p>
   </div>
   <div class='ocr_carea' id='block_1_9' title="bbox 139 2352 1872 2432">
    <p class='ocr_par' dir='ltr' id='par_1_9' title="bbox 139 2352 1872 2432">
     <span class='ocr_line' id='line_1_15' title="bbox 139 2352 1872 2432; baseline 0.008 -30"><span class='ocrx_word' id='word_1_110' title='bbox 139 2356 276 2421; x_wconf 85' lang='lat' dir='ltr'><strong>integram</strong></span> <span class='ocrx_word' id='word_1_111' title='bbox 295 2352 430 2412; x_wconf 84' lang='lat' dir='ltr'><strong>Chronico</strong></span> <span class='ocrx_word' id='word_1_112' title='bbox 444 2370 496 2412; x_wconf 90' lang='lat' dir='ltr'><strong>suo</strong></span> <span class='ocrx_word' id='word_1_113' title='bbox 510 2370 568 2412; x_wconf 90' lang='lat' dir='ltr'><strong>non</strong></span> <span class='ocrx_word' id='word_1_114' title='bbox 588 2355 709 2413; x_wconf 89' lang='lat' dir='ltr'><strong>inseruit!</strong></span> <span class='ocrx_word' id='word_1_115' title='bbox 730 2357 895 2429; x_wconf 87' lang='lat' dir='ltr'><strong>Dignissima</strong></span> <span class='ocrx_word' id='word_1_116' title='bbox 910 2375 977 2416; x_wconf 90' lang='lat' dir='ltr'><strong>sane</strong></span> <span class='ocrx_word' id='word_1_117' title='bbox 992 2369 1032 2415; x_wconf 89' lang='lat' dir='ltr'><strong>est</strong></span> <span class='ocrx_word' id='word_1_118' title='bbox 1046 2376 1108 2432; x_wconf 88' lang='lat' dir='ltr'><strong>qnae</strong></span> <span class='ocrx_word' id='word_1_119' title='bbox 1121 2361 1244 2417; x_wconf 86' lang='lat' dir='ltr'><strong>studiose</strong></span> <span class='ocrx_word' id='word_1_120' title='bbox 1262 2361 1297 2416; x_wconf 88' lang='lat' dir='ltr'><strong>ab</strong></span> <span class='ocrx_word' id='word_1_121' title='bbox 1312 2359 1425 2416; x_wconf 88' lang='lat' dir='ltr'><strong>unitatis</strong></span> <span class='ocrx_word' id='word_1_122' title='bbox 1436 2367 1465 2415; x_wconf 93' lang='lat' dir='ltr'><strong>et</strong></span> <span class='ocrx_word' id='word_1_123' title='bbox 1477 2359 1633 2416; x_wconf 77' lang='lat' dir='ltr'><strong>concordiae</strong></span> <span class='ocrx_word' id='word_1_124' title='bbox 1647 2359 1789 2416; x_wconf 83' lang='lat' dir='ltr'><strong>catholicas</strong></span> <span class='ocrx_word' id='word_1_125' title='bbox 1869 2360 1872 2367; x_wconf 88' lang='lat'>&#39;</span> 
     </span>
    </p>
   </div>
   <div class='ocr_carea' id='block_1_10' title="bbox 138 2421 1837 2794">
    <p class='ocr_par' dir='ltr' id='par_1_10' title="bbox 140 2421 1837 2624">
     <span class='ocr_line' id='line_1_16' title="bbox 140 2421 1837 2502; baseline 0.007 -29"><span class='ocrx_word' id='word_1_126' title='bbox 140 2421 310 2479; x_wconf 83' lang='lat' dir='ltr'><strong>amatoribus</strong></span> <span class='ocrx_word' id='word_1_127' title='bbox 324 2425 484 2498; x_wconf 80' lang='lat' dir='ltr'><strong>perlegatur,</strong></span> <span class='ocrx_word' id='word_1_128' title='bbox 503 2436 531 2482; x_wconf 88' lang='lat' dir='ltr'><strong>et</strong></span> <span class='ocrx_word' id='word_1_129' title='bbox 545 2427 724 2483; x_wconf 85' lang='lat' dir='ltr'><strong>schismaticis</strong></span> <span class='ocrx_word' id='word_1_130' title='bbox 738 2443 769 2482; x_wconf 89' lang='lat' dir='ltr'><strong>ac</strong></span> <span class='ocrx_word' id='word_1_131' title='bbox 790 2428 926 2487; x_wconf 88' lang='lat' dir='ltr'><strong>haereticis</strong></span> <span class='ocrx_word' id='word_1_132' title='bbox 945 2429 1032 2486; x_wconf 89' lang='lat' dir='ltr'><strong>etiam</strong></span> <span class='ocrx_word' id='word_1_133' title='bbox 1052 2432 1142 2486; x_wconf 88' lang='lat' dir='ltr'><strong>nostri</strong></span> <span class='ocrx_word' id='word_1_134' title='bbox 1156 2432 1218 2498; x_wconf 83' lang='lat' dir='ltr'><strong>aevi,</strong></span> <span class='ocrx_word' id='word_1_135' title='bbox 1235 2431 1308 2487; x_wconf 88' lang='lat' dir='ltr'><strong>velut</strong></span> <span class='ocrx_word' id='word_1_136' title='bbox 1322 2432 1441 2502; x_wconf 78' lang='lat' dir='ltr'><strong>clypeus,</strong></span> <span class='ocrx_word' id='word_1_137' title='bbox 1456 2430 1582 2502; x_wconf 89' lang='lat' dir='ltr'><strong>invictus,</strong></span> <span class='ocrx_word' id='word_1_138' title='bbox 1601 2431 1747 2501; x_wconf 88' lang='lat' dir='ltr'><strong>objiciatur</strong></span> <span class='ocrx_word' id='word_1_139' title='bbox 1761 2438 1790 2487; x_wconf 94' lang='lat' dir='ltr'><strong>et</strong></span> <span class='ocrx_word' id='word_1_140' title='bbox 1834 2473 1837 2477; x_wconf 56' lang='grc'>,</span> 
     </span>
     <span class='ocr_line' id='line_1_17' title="bbox 141 2495 1416 2624; baseline 0.012 -80"><span class='ocrx_word' id='word_1_141' title='bbox 141 2501 310 2562; x_wconf 85' lang='lat' dir='ltr'><strong>opponatur.</strong></span> <span class='ocrx_word' id='word_1_142' title='bbox 330 2495 444 2553; x_wconf 84' lang='lat' dir='ltr'><strong>Videtur</strong></span> <span class='ocrx_word' id='word_1_143' title='bbox 455 2498 602 2555; x_wconf 85' lang='lat' dir='ltr'><strong>waltrami</strong></span> <span class='ocrx_word' id='word_1_144' title='bbox 616 2512 725 2623; x_wconf 74' lang='lat' dir='ltr'><strong>quopue</strong></span> <span class='ocrx_word' id='word_1_145' title='bbox 736 2498 851 2624; x_wconf 66' lang='lat' dir='ltr'><strong>epistola</strong></span> <span class='ocrx_word' id='word_1_146' title='bbox 864 2500 918 2557; x_wconf 87' lang='lat' dir='ltr'><strong>fine</strong></span> <span class='ocrx_word' id='word_1_147' title='bbox 931 2501 1036 2557; x_wconf 88' lang='lat' dir='ltr'><strong>mutila.</strong></span> <span class='ocrx_word' id='word_1_148' title='bbox 1085 2572 1089 2579; x_wconf 90' lang='lat'><em>.</em></span> <span class='ocrx_word' id='word_1_149' title='bbox 1414 2571 1416 2575; x_wconf 20' lang='grc' dir='ltr'>Ι</span> 
     </span>
    </p>

    <p class='ocr_par' dir='ltr' id='par_1_11' title="bbox 138 2565 1789 2794">
     <span class='ocr_line' id='line_1_18' title="bbox 176 2565 1787 2654; baseline 0.006 -36"><span class='ocrx_word' id='word_1_150' title='bbox 176 2565 227 2619; x_wconf 86' lang='lat' dir='ltr'><strong>Est</strong></span> <span class='ocrx_word' id='word_1_151' title='bbox 248 2572 340 2622; x_wconf 88' lang='lat' dir='ltr'><strong>autem</strong></span> <span class='ocrx_word' id='word_1_152' title='bbox 353 2567 508 2624; x_wconf 87' lang='lat' dir='ltr'><strong>Ludovicus</strong></span> <span class='ocrx_word' id='word_1_153' title='bbox 522 2569 572 2624; x_wconf 86' lang='lat' dir='ltr'><strong>iste</strong></span> <span class='ocrx_word' id='word_1_154' title='bbox 592 2582 674 2625; x_wconf 77' lang='lat' dir='ltr'><strong>secun</strong></span> <span class='ocrx_word' id='word_1_155' title='bbox 694 2583 737 2636; x_wconf 90' lang='lat' dir='ltr'><strong>us,</strong></span> <span class='ocrx_word' id='word_1_156' title='bbox 780 2584 812 2626; x_wconf 93' lang='lat' dir='ltr'><strong>oc</strong></span> <span class='ocrx_word' id='word_1_157' title='bbox 827 2571 940 2628; x_wconf 88' lang='lat' dir='ltr'><strong>nomine</strong></span> <span class='ocrx_word' id='word_1_158' title='bbox 957 2570 1115 2642; x_wconf 76' lang='lat' dir='ltr'><strong>Thuringiae</strong></span> <span class='ocrx_word' id='word_1_159' title='bbox 1130 2585 1233 2637; x_wconf 91' lang='lat' dir='ltr'><strong>comes,</strong></span> <span class='ocrx_word' id='word_1_160' title='bbox 1255 2578 1438 2654; x_wconf 83' lang='lat' dir='ltr'><strong>cognomento</strong></span> <span class='ocrx_word' id='word_1_161' title='bbox 1453 2572 1583 2638; x_wconf 84' lang='lat' dir='ltr'><strong>Soltotor,</strong></span> <span class='ocrx_word' id='word_1_162' title='bbox 1600 2586 1666 2626; x_wconf 91' lang='lat' dir='ltr'><strong>enm</strong></span> <span class='ocrx_word' id='word_1_163' title='bbox 1681 2586 1715 2627; x_wconf 78' lang='lat' dir='ltr'><strong>es</strong></span> <span class='ocrx_word' id='word_1_164' title='bbox 1727 2586 1787 2627; x_wconf 91' lang='lat' dir='ltr'><strong>car·</strong></span> 
     </span>
     <span class='ocr_line' id='line_1_19' title="bbox 138 2635 1788 2711; baseline 0.004 -20"><span class='ocrx_word' id='word_1_165' title='bbox 138 2649 199 2691; x_wconf 88' lang='lat' dir='ltr'><strong>cere</strong></span> <span class='ocrx_word' id='word_1_166' title='bbox 213 2635 239 2692; x_wconf 92' lang='lat' dir='ltr'><strong>iu</strong></span> <span class='ocrx_word' id='word_1_167' title='bbox 252 2637 436 2706; x_wconf 89' lang='lat' dir='ltr'><strong>prolluentem</strong></span> <span class='ocrx_word' id='word_1_168' title='bbox 447 2638 583 2706; x_wconf 87' lang='lat' dir='ltr'><strong>desiliens,</strong></span> <span class='ocrx_word' id='word_1_169' title='bbox 598 2637 755 2711; x_wconf 78' lang='lat' dir='ltr'><strong>aufugisset.</strong></span> <span class='ocrx_word' id='word_1_170' title='bbox 768 2640 928 2698; x_wconf 86' lang='lat' dir='ltr'><strong>Discessite</strong></span> <span class='ocrx_word' id='word_1_171' title='bbox 942 2641 998 2698; x_wconf 89' lang='lat' dir='ltr'><strong>vita</strong></span> <span class='ocrx_word' id='word_1_172' title='bbox 1012 2657 1084 2698; x_wconf 90' lang='lat' dir='ltr'><strong>anno</strong></span> <span class='ocrx_word' id='word_1_173' title='bbox 1101 2648 1180 2709; x_wconf 73' lang='lat' dir='ltr'><strong>tina,</strong></span> <span class='ocrx_word' id='word_1_174' title='bbox 1195 2649 1276 2696; x_wconf 89' lang='lat' dir='ltr'><strong>natus</strong></span> <span class='ocrx_word' id='word_1_175' title='bbox 1293 2656 1352 2710; x_wconf 70' lang='lat' dir='ltr'><strong>pam</strong></span> <span class='ocrx_word' id='word_1_176' title='bbox 1367 2656 1455 2696; x_wconf 86' lang='lat' dir='ltr'><strong>annos</strong></span> <span class='ocrx_word' id='word_1_177' title='bbox 1474 2647 1520 2708; x_wconf 77' lang='lat'><strong>7³,</strong></span> <span class='ocrx_word' id='word_1_178' title='bbox 1540 2642 1665 2710; x_wconf 87' lang='lat' dir='ltr'><strong>sepultus</strong></span> <span class='ocrx_word' id='word_1_179' title='bbox 1679 2641 1709 2697; x_wconf 91' lang='lat' dir='ltr'><strong>in</strong></span> <span class='ocrx_word' id='word_1_180' title='bbox 1731 2658 1788 2698; x_wconf 91' lang='lat' dir='ltr'><strong>coe·</strong></span> 
     </span>
     <span class='ocr_line' id='line_1_20' title="bbox 139 2705 1789 2794; baseline 0.005 -33"><span class='ocrx_word' id='word_1_181' title='bbox 139 2705 223 2762; x_wconf 89' lang='lat' dir='ltr'><strong>nobio</strong></span> <span class='ocrx_word' id='word_1_182' title='bbox 245 2707 483 2779; x_wconf 84' lang='lat' dir='ltr'><strong>Reinhardsbron,</strong></span> <span class='ocrx_word' id='word_1_183' title='bbox 514 2708 590 2783; x_wconf 74' lang='lat' dir='ltr'><strong>guod</strong></span> <span class='ocrx_word' id='word_1_184' title='bbox 609 2710 667 2794; x_wconf 86' lang='lat' dir='ltr'><strong>ipse</strong></span> <span class='ocrx_word' id='word_1_185' title='bbox 684 2726 751 2768; x_wconf 89' lang='lat' dir='ltr'><strong>cum</strong></span> <span class='ocrx_word' id='word_1_186' title='bbox 777 2713 872 2768; x_wconf 87' lang='lat' dir='ltr'><strong>multis</strong></span> <span class='ocrx_word' id='word_1_187' title='bbox 892 2712 952 2770; x_wconf 87' lang='lat' dir='ltr'><strong>aliis</strong></span> <span class='ocrx_word' id='word_1_188' title='bbox 970 2711 1080 2794; x_wconf 91' lang='lat' dir='ltr'><strong>oppidis</strong></span> <span class='ocrx_word' id='word_1_189' title='bbox 1101 2721 1128 2768; x_wconf 92' lang='lat' dir='ltr'><strong>et</strong></span> <span class='ocrx_word' id='word_1_190' title='bbox 1155 2710 1265 2768; x_wconf 88' lang='lat' dir='ltr'><strong>arcibus</strong></span> <span class='ocrx_word' id='word_1_191' title='bbox 1295 2712 1324 2767; x_wconf 92' lang='lat' dir='ltr'><strong>in</strong></span> <span class='ocrx_word' id='word_1_192' title='bbox 1343 2712 1495 2794; x_wconf 81' lang='lat' dir='ltr'><strong>Thuringia</strong></span> <span class='ocrx_word' id='word_1_193' title='bbox 1518 2719 1697 2767; x_wconf 81' lang='lat' dir='ltr'><strong>exstruxerat.</strong></span> <span class='ocrx_word' id='word_1_194' title='bbox 1719 2714 1789 2770; x_wconf 88' lang='lat' dir='ltr'><strong>Vide</strong></span> 
     </span>
    </p>
   </div>
   <div class='ocr_carea' id='block_1_11' title="bbox 139 2776 1788 2920">
    <p class='ocr_par' dir='ltr' id='par_1_12' title="bbox 139 2776 1788 2920">
     <span class='ocr_line' id='line_1_21' title="bbox 140 2776 1788 2905; baseline 0.006 -73"><span class='ocrx_word' id='word_1_195' title='bbox 140 2776 293 2905; x_wconf 57' lang='lat' dir='ltr'><strong>Hippocraiarp</strong></span> <span class='ocrx_word' id='word_1_196' title='bbox 306 2778 341 2836; x_wconf 92' lang='lat' dir='ltr'><strong>de</strong></span> <span class='ocrx_word' id='word_1_197' title='bbox 351 2779 532 2854; x_wconf 85' lang='lat' dir='ltr'><strong>Landgraviis</strong></span> <span class='ocrx_word' id='word_1_198' title='bbox 545 2781 716 2855; x_wconf 88' lang='lat' dir='ltr'><strong>Thunngiae,</strong></span> <span class='ocrx_word' id='word_1_199' title='bbox 731 2797 791 2856; x_wconf 90' lang='lat' dir='ltr'><strong>cap.</strong></span> <span class='ocrx_word' id='word_1_200' title='bbox 809 2790 853 2852; x_wconf 84' lang='lat' dir='ltr'><strong>ta,</strong></span> <span class='ocrx_word' id='word_1_201' title='bbox 869 2793 939 2842; x_wconf 81' lang='lat' dir='ltr'><strong>toni.</strong></span> <span class='ocrx_word' id='word_1_202' title='bbox 952 2785 976 2852; x_wconf 94' lang='lat' dir='ltr'><strong>l,</strong></span> <span class='ocrx_word' id='word_1_203' title='bbox 991 2782 1139 2839; x_wconf 82' lang='lat' dir='ltr'><strong>illustrium</strong></span> <span class='ocrx_word' id='word_1_204' title='bbox 1153 2781 1321 2855; x_wconf 88' lang='lat' dir='ltr'><strong>scriptorum</strong></span> <span class='ocrx_word' id='word_1_205' title='bbox 1335 2782 1504 2849; x_wconf 79' lang='lat' dir='ltr'><strong>Germanus,</strong></span> <span class='ocrx_word' id='word_1_206' title='bbox 1519 2796 1589 2853; x_wconf 88' lang='lat' dir='ltr'><strong>quos</strong></span> <span class='ocrx_word' id='word_1_207' title='bbox 1604 2784 1639 2836; x_wconf 90' lang='lat' dir='ltr'><strong>D.</strong></span> <span class='ocrx_word' id='word_1_208' title='bbox 1654 2782 1788 2842; x_wconf 88' lang='lat' dir='ltr'><strong>Pistorius</strong></span> 
     </span>
     <span class='ocr_line' id='line_1_22' title="bbox 139 2864 293 2920; baseline -0.006 -15"><span class='ocrx_word' id='word_1_209' title='bbox 139 2864 176 2920; x_wconf 91' lang='lat' dir='ltr'><strong>pu</strong></span> <span class='ocrx_word' id='word_1_210' title='bbox 206 2866 213 2904; x_wconf 88' lang='grc' dir='ltr'><strong>ι</strong></span> <span class='ocrx_word' id='word_1_211' title='bbox 248 2865 293 2904; x_wconf 86' lang='grc' dir='ltr'><strong>ιι.</strong></span> 
     </span>
    </p>
   </div>
   <div class='ocr_carea' id='block_1_12' title="bbox 175 2914 1913 2998">
    <p class='ocr_par' dir='ltr' id='par_1_13' title="bbox 175 2914 1913 2998">
     <span class='ocr_line' id='line_1_23' title="bbox 175 2914 1913 2998; baseline 0.002 -24"><span class='ocrx_word' id='word_1_212' title='bbox 175 2920 217 2976; x_wconf 88' lang='lat' dir='ltr'><strong>Dc</strong></span> <span class='ocrx_word' id='word_1_213' title='bbox 230 2920 368 2993; x_wconf 86' lang='lat' dir='ltr'><strong>Stephano</strong></span> <span class='ocrx_word' id='word_1_214' title='bbox 383 2923 608 2982; x_wconf 80' lang='lat' dir='ltr'><strong>Halbcrstadensi</strong></span> <span class='ocrx_word' id='word_1_215' title='bbox 621 2926 659 2982; x_wconf 88' lang='lat' dir='ltr'><strong>ita</strong></span> <span class='ocrx_word' id='word_1_216' title='bbox 672 2926 793 2998; x_wconf 89' lang='lat' dir='ltr'><strong>epitome</strong></span> <span class='ocrx_word' id='word_1_217' title='bbox 806 2925 986 2984; x_wconf 74' lang='lat' dir='ltr'><strong>Bibliothecae</strong></span> <span class='ocrx_word' id='word_1_218' title='bbox 999 2924 1172 2983; x_wconf 86' lang='lat' dir='ltr'><strong>Gesnerianae</strong></span> <span class='ocrx_word' id='word_1_219' title='bbox 1186 2941 1194 2978; x_wconf 75' lang='grc' dir='ltr'><strong><em>ε</em></strong></span> <span class='ocrx_word' id='word_1_220' title='bbox 1207 2914 1372 2994; x_wconf 70' lang='lat' dir='ltr'><strong>Stephanus,</strong></span> <span class='ocrx_word' id='word_1_221' title='bbox 1388 2925 1474 2993; x_wconf 83' lang='lat' dir='ltr'><strong>quiet</strong></span> <span class='ocrx_word' id='word_1_222' title='bbox 1488 2923 1657 2991; x_wconf 81' lang='lat' dir='ltr'><strong>ilereoodus,</strong></span> <span class='ocrx_word' id='word_1_223' title='bbox 1669 2924 1789 2978; x_wconf 81' lang='lat' dir='ltr'><strong>lietber-</strong></span> <span class='ocrx_word' id='word_1_224' title='bbox 1891 2943 1893 2946; x_wconf 47' lang='lat'>&gt;</span> <span class='ocrx_word' id='word_1_225' title='bbox 1911 2929 1913 2937; x_wconf 88' lang='grc'><strong>’</strong></span> 
     </span>
    </p>
   </div>
   <div class='ocr_carea' id='block_1_13' title="bbox 137 2993 1790 3283">
    <p class='ocr_par' dir='ltr' id='par_1_14' title="bbox 137 2993 1790 3283">
     <span class='ocr_line' id='line_1_24' title="bbox 138 2993 1790 3069; baseline 0.003 -23"><span class='ocrx_word' id='word_1_226' title='bbox 138 2993 265 3048; x_wconf 71' lang='lat' dir='ltr'><strong>scalensis</strong></span> <span class='ocrx_word' id='word_1_227' title='bbox 278 2994 400 3051; x_wconf 75' lang='lat' dir='ltr'><strong>Ecclesiae</strong></span> <span class='ocrx_word' id='word_1_228' title='bbox 420 2998 568 3068; x_wconf 73' lang='lat' dir='ltr'><strong>episcopam,</strong></span> <span class='ocrx_word' id='word_1_229' title='bbox 588 3000 697 3069; x_wconf 81' lang='lat' dir='ltr'><strong>scripsit</strong></span> <span class='ocrx_word' id='word_1_230' title='bbox 711 3000 870 3068; x_wconf 75' lang='lat' dir='ltr'><strong>iope-isone</strong></span> <span class='ocrx_word' id='word_1_231' title='bbox 887 2999 1016 3055; x_wconf 84' lang='lat' dir='ltr'><strong>Ludooici</strong></span> <span class='ocrx_word' id='word_1_232' title='bbox 1029 2999 1132 3052; x_wconf 86' lang='lat' dir='ltr'><strong>comitis</strong></span> <span class='ocrx_word' id='word_1_233' title='bbox 1146 2997 1286 3066; x_wconf 81' lang='lat' dir='ltr'><strong>epistolam</strong></span> <span class='ocrx_word' id='word_1_234' title='bbox 1299 2997 1336 3050; x_wconf 78' lang='lat' dir='ltr'><strong>ari</strong></span> <span class='ocrx_word' id='word_1_235' title='bbox 1358 2997 1540 3051; x_wconf 82' lang='lat' dir='ltr'><strong>Woltromum</strong></span> <span class='ocrx_word' id='word_1_236' title='bbox 1558 2994 1790 3063; x_wconf 57' lang='lat' dir='ltr'><strong>discriminemus</strong></span> 
     </span>
     <span class='ocr_line' id='line_1_25' title="bbox 137 3064 1788 3138; baseline 0.002 -21"><span class='ocrx_word' id='word_1_237' title='bbox 137 3064 261 3119; x_wconf 78' lang='lat' dir='ltr'><strong>Ecclesia</strong></span> <span class='ocrx_word' id='word_1_238' title='bbox 279 3067 432 3138; x_wconf 83' lang='lat' dir='ltr'><strong>episcopum</strong></span> <span class='ocrx_word' id='word_1_239' title='bbox 445 3068 632 3136; x_wconf 76' lang='lat' dir='ltr'><strong>defendentem</strong></span> <span class='ocrx_word' id='word_1_240' title='bbox 652 3071 809 3125; x_wconf 81' lang='lat' dir='ltr'><strong>Heirtricum</strong></span> <span class='ocrx_word' id='word_1_241' title='bbox 827 3070 951 3126; x_wconf 85' lang='lat' dir='ltr'><strong>rebellem</strong></span> <span class='ocrx_word' id='word_1_242' title='bbox 961 3070 1084 3127; x_wconf 73' lang='lat' dir='ltr'><strong>Ecclesia</strong></span> <span class='ocrx_word' id='word_1_243' title='bbox 1105 3072 1243 3131; x_wconf 81' lang='lat' dir='ltr'><strong>llomcnoe,</strong></span> <span class='ocrx_word' id='word_1_244' title='bbox 1258 3067 1437 3134; x_wconf 66' lang='lat' dir='ltr'><strong>defensoriam</strong></span> <span class='ocrx_word' id='word_1_245' title='bbox 1448 3083 1539 3137; x_wconf 79' lang='lat' dir='ltr'><strong>popm,</strong></span> <span class='ocrx_word' id='word_1_246' title='bbox 1556 3067 1602 3121; x_wconf 84' lang='lat' dir='ltr'><strong>lib.</strong></span> <span class='ocrx_word' id='word_1_247' title='bbox 1618 3081 1641 3132; x_wconf 90' lang='lat'><strong>1,</strong></span> <span class='ocrx_word' id='word_1_248' title='bbox 1659 3072 1684 3121; x_wconf 89' lang='lat' dir='ltr'><strong>ct</strong></span> <span class='ocrx_word' id='word_1_249' title='bbox 1694 3068 1788 3136; x_wconf 79' lang='lat' dir='ltr'><strong>plures</strong></span> 
     </span>
     <span class='ocr_line' id='line_1_26' title="bbox 138 3135 1789 3211; baseline 0.003 -24"><span class='ocrx_word' id='word_1_250' title='bbox 138 3135 264 3206; x_wconf 67' lang='lat' dir='ltr'><strong>modiolos</strong></span> <span class='ocrx_word' id='word_1_251' title='bbox 281 3136 319 3190; x_wconf 87' lang='lat' dir='ltr'><strong>od</strong></span> <span class='ocrx_word' id='word_1_252' title='bbox 339 3138 465 3203; x_wconf 78' lang='lat' dir='ltr'><strong>dicerem,</strong></span> <span class='ocrx_word' id='word_1_253' title='bbox 485 3139 531 3195; x_wconf 87' lang='lat' dir='ltr'><strong>lib.</strong></span> <span class='ocrx_word' id='word_1_254' title='bbox 555 3154 577 3209; x_wconf 90' lang='lat'><strong>1,</strong></span> <span class='ocrx_word' id='word_1_255' title='bbox 597 3145 622 3196; x_wconf 88' lang='lat' dir='ltr'><strong>et</strong></span> <span class='ocrx_word' id='word_1_256' title='bbox 635 3141 761 3211; x_wconf 78' lang='lat' dir='ltr'><strong>quodam</strong></span> <span class='ocrx_word' id='word_1_257' title='bbox 774 3141 844 3197; x_wconf 83' lang='lat' dir='ltr'><strong>olio.</strong></span> <span class='ocrx_word' id='word_1_258' title='bbox 863 3141 980 3197; x_wconf 89' lang='lat' dir='ltr'><strong>Utinam</strong></span> <span class='ocrx_word' id='word_1_259' title='bbox 995 3143 1146 3197; x_wconf 81' lang='lat' dir='ltr'><strong>exstarent!</strong></span> <span class='ocrx_word' id='word_1_260' title='bbox 1164 3137 1289 3196; x_wconf 82' lang='lat' dir='ltr'><strong>Anselm‘t</strong></span> <span class='ocrx_word' id='word_1_261' title='bbox 1303 3137 1417 3210; x_wconf 83' lang='lat' dir='ltr'><strong>epistola</strong></span> <span class='ocrx_word' id='word_1_262' title='bbox 1431 3138 1517 3194; x_wconf 84' lang='lat' dir='ltr'><strong>ferme</strong></span> <span class='ocrx_word' id='word_1_263' title='bbox 1531 3145 1633 3192; x_wconf 88' lang='lat' dir='ltr'><strong>tractat</strong></span> <span class='ocrx_word' id='word_1_264' title='bbox 1653 3153 1683 3192; x_wconf 90' lang='lat' dir='ltr'><strong>ea</strong></span> <span class='ocrx_word' id='word_1_265' title='bbox 1699 3138 1789 3209; x_wconf 90' lang='lat' dir='ltr'><strong>capita</strong></span> 
     </span>
     <span class='ocr_line' id='line_1_27' title="bbox 137 3205 776 3283; baseline 0.011 -24"><span class='ocrx_word' id='word_1_266' title='bbox 137 3220 201 3276; x_wconf 84' lang='lat' dir='ltr'><strong>quae</strong></span> <span class='ocrx_word' id='word_1_267' title='bbox 216 3205 322 3263; x_wconf 89' lang='lat' dir='ltr'><strong>libellos</strong></span> <span class='ocrx_word' id='word_1_268' title='bbox 335 3209 473 3279; x_wconf 79' lang='lat' dir='ltr'><strong>beroaldi,</strong></span> <span class='ocrx_word' id='word_1_269' title='bbox 489 3225 573 3282; x_wconf 86' lang='lat' dir='ltr'><strong>quern</strong></span> <span class='ocrx_word' id='word_1_270' title='bbox 587 3226 668 3283; x_wconf 89' lang='lat' dir='ltr'><strong>supra</strong></span> <span class='ocrx_word' id='word_1_271' title='bbox 682 3210 776 3269; x_wconf 91' lang='lat' dir='ltr'><strong>habes.</strong></span> 
     </span>
    </p>
   </div>
   <div class='ocr_carea' id='block_1_14' title="bbox 1621 3373 1784 3383">
    <p class='ocr_par' dir='ltr' id='par_1_15' title="bbox 1621 3373 1784 3383">
     <span class='ocr_line' id='line_1_28' title="bbox 1621 3373 1784 3383; baseline 0.012 -3"><span class='ocrx_word' id='word_1_272' title='bbox 1621 3373 1784 3383; x_wconf 49' lang='grc' dir='ltr'>...μ-Ψ..-</span> 
     </span>
    </p>
   </div>
   <div class='ocr_carea' id='block_1_15' title="bbox 427 3475 1502 3576">
    <p class='ocr_par' dir='ltr' id='par_1_16' title="bbox 427 3475 1502 3576">
     <span class='ocr_line' id='line_1_29' title="bbox 427 3475 1502 3576; baseline 0.003 -5"><span class='ocrx_word' id='word_1_273' title='bbox 427 3475 624 3572; x_wconf 42' lang='lat' dir='ltr'><strong>&#39;Demoleos</strong></span> <span class='ocrx_word' id='word_1_274' title='bbox 639 3509 730 3573; x_wconf 83' lang='lat' dir='ltr'><strong>abbas</strong></span> <span class='ocrx_word' id='word_1_275' title='bbox 744 3515 777 3574; x_wconf 84' lang='lat' dir='ltr'><strong>ia</strong></span> <span class='ocrx_word' id='word_1_276' title='bbox 789 3511 998 3574; x_wconf 80' lang='lat' dir='ltr'><strong>additionibus</strong></span> <span class='ocrx_word' id='word_1_277' title='bbox 1010 3514 1052 3574; x_wconf 88' lang='lat' dir='ltr'><strong>od</strong></span> <span class='ocrx_word' id='word_1_278' title='bbox 1068 3513 1248 3574; x_wconf 81' lang='lat' dir='ltr'><strong>Chronicam</strong></span> <span class='ocrx_word' id='word_1_279' title='bbox 1269 3514 1400 3573; x_wconf 80' lang='lat' dir='ltr'><strong>lloriooi</strong></span> <span class='ocrx_word' id='word_1_280' title='bbox 1414 3514 1502 3576; x_wconf 82' lang='lat' dir='ltr'><strong>scoti.</strong></span> 
     </span>
    </p>
   </div>
   <div class='ocr_carea' id='block_1_16' title="bbox 173 3793 1787 3871">
    <p class='ocr_par' dir='ltr' id='par_1_17' title="bbox 173 3793 1787 3871">
     <span class='ocr_line' id='line_1_30' title="bbox 173 3793 1787 3871; baseline 0.003 -24"><span class='ocrx_word' id='word_1_281' title='bbox 173 3793 255 3850; x_wconf 79' lang='lat' dir='ltr'><strong>Anno</strong></span> <span class='ocrx_word' id='word_1_282' title='bbox 272 3798 339 3850; x_wconf 80' lang='lat'><strong>1090</strong></span> <span class='ocrx_word' id='word_1_283' title='bbox 348 3793 520 3852; x_wconf 85' lang='lat' dir='ltr'><strong>waltramus</strong></span> <span class='ocrx_word' id='word_1_284' title='bbox 530 3793 770 3868; x_wconf 85' lang='lat' dir='ltr'><strong>blegdeburgensis</strong></span> <span class='ocrx_word' id='word_1_285' title='bbox 781 3797 818 3868; x_wconf 85' lang='lat' dir='ltr'><strong>[l.</strong></span> <span class='ocrx_word' id='word_1_286' title='bbox 832 3798 933 3853; x_wconf 89' lang='lat' dir='ltr'><strong>Naum·</strong></span> <span class='ocrx_word' id='word_1_287' title='bbox 949 3799 976 3865; x_wconf 79' lang='grc' dir='ltr'><strong>Α</strong></span> <span class='ocrx_word' id='word_1_288' title='bbox 991 3797 1124 3871; x_wconf 81' lang='lat' dir='ltr'><strong>Gregorio</strong></span> <span class='ocrx_word' id='word_1_289' title='bbox 1138 3811 1226 3870; x_wconf 82' lang='lat' dir='ltr'><strong>papas,</strong></span> <span class='ocrx_word' id='word_1_290' title='bbox 1240 3805 1269 3854; x_wconf 89' lang='lat' dir='ltr'><strong>et</strong></span> <span class='ocrx_word' id='word_1_291' title='bbox 1280 3796 1333 3869; x_wconf 84' lang='lat' dir='ltr'><strong>piae</strong></span> <span class='ocrx_word' id='word_1_292' title='bbox 1345 3795 1544 3854; x_wconf 87' lang='lat' dir='ltr'><strong>recordationis</strong></span> <span class='ocrx_word' id='word_1_293' title='bbox 1560 3796 1705 3869; x_wconf 87' lang='lat' dir='ltr'><strong>ltodolpho</strong></span> <span class='ocrx_word' id='word_1_294' title='bbox 1719 3793 1787 3870; x_wconf 84' lang='lat' dir='ltr'><strong>regi,</strong></span> 
     </span>
    </p>
   </div>
   <div class='ocr_carea' id='block_1_17' title="bbox 138 3880 1905 3965">
    <p class='ocr_par' dir='ltr' id='par_1_18' title="bbox 138 3880 1905 3965">
     <span class='ocr_line' id='line_1_31' title="bbox 138 3880 1905 3965; baseline 0.005 -26"><span class='ocrx_word' id='word_1_295' title='bbox 138 3884 282 3957; x_wconf 89' lang='lat' dir='ltr'><strong>burgensis</strong></span> <span class='ocrx_word' id='word_1_296' title='bbox 293 3901 342 3943; x_wconf 90' lang='lat' dir='ltr'><strong>seu</strong></span> <span class='ocrx_word' id='word_1_297' title='bbox 355 3887 589 3961; x_wconf 89' lang='lat' dir='ltr'><strong>Numburgensis]</strong></span> <span class='ocrx_word' id='word_1_298' title='bbox 602 3888 729 3947; x_wconf 80' lang='lat' dir='ltr'><strong>Ecclesiae</strong></span> <span class='ocrx_word' id='word_1_299' title='bbox 738 3888 862 3957; x_wconf 90' lang='lat' dir='ltr'><strong>antistes,</strong></span> <span class='ocrx_word' id='word_1_300' title='bbox 873 3906 936 3946; x_wconf 92' lang='lat' dir='ltr'><strong>cum</strong></span> <span class='ocrx_word' id='word_1_301' title='bbox 991 3898 1020 3947; x_wconf 87' lang='lat' dir='ltr'><strong>et</strong></span> <span class='ocrx_word' id='word_1_302' title='bbox 1047 3891 1107 3948; x_wconf 90' lang='lat' dir='ltr'><strong>aliis</strong></span> <span class='ocrx_word' id='word_1_303' title='bbox 1136 3891 1315 3964; x_wconf 90' lang='lat' dir='ltr'><strong>principibus,</strong></span> <span class='ocrx_word' id='word_1_304' title='bbox 1339 3891 1386 3964; x_wconf 89' lang='lat' dir='ltr'><strong>qui</strong></span> <span class='ocrx_word' id='word_1_305' title='bbox 1404 3892 1509 3965; x_wconf 87' lang='lat' dir='ltr'><strong>jamin</strong></span> <span class='ocrx_word' id='word_1_306' title='bbox 1530 3907 1629 3948; x_wconf 92' lang='lat' dir='ltr'><strong>somno</strong></span> <span class='ocrx_word' id='word_1_307' title='bbox 1650 3892 1722 3964; x_wconf 88' lang='lat' dir='ltr'><strong>pacis</strong></span> <span class='ocrx_word' id='word_1_308' title='bbox 1744 3907 1787 3948; x_wconf 85' lang='lat' dir='ltr'><strong>re·</strong></span> <span class='ocrx_word' id='word_1_309' title='bbox 1888 3880 1905 3921; x_wconf 75' lang='lat'><strong>&#39;·</strong></span> 
     </span>
    </p>
   </div>
   <div class='ocr_carea' id='block_1_18' title="bbox 138 3976 1789 4244">
    <p class='ocr_par' dir='ltr' id='par_1_19' title="bbox 138 3976 1789 4244">
     <span class='ocr_line' id='line_1_32' title="bbox 138 3976 1789 4058; baseline 0.003 -25"><span class='ocrx_word' id='word_1_310' title='bbox 138 3985 210 4034; x_wconf 89' lang='lat' dir='ltr'><strong>esset</strong></span> <span class='ocrx_word' id='word_1_311' title='bbox 230 3976 324 4036; x_wconf 80' lang='lat' dir='ltr'><strong>favens</strong></span> <span class='ocrx_word' id='word_1_312' title='bbox 344 3981 479 4053; x_wconf 79' lang='lat' dir='ltr'><strong>praecipue</strong></span> <span class='ocrx_word' id='word_1_313' title='bbox 505 3981 627 4039; x_wconf 88' lang='lat' dir='ltr'><strong>Henrico</strong></span> <span class='ocrx_word' id='word_1_314' title='bbox 640 3983 710 4055; x_wconf 88' lang='lat' dir='ltr'><strong>regi,</strong></span> <span class='ocrx_word' id='word_1_315' title='bbox 725 3983 815 4039; x_wconf 89' lang='lat' dir='ltr'><strong>missis</strong></span> <span class='ocrx_word' id='word_1_316' title='bbox 838 3983 937 4040; x_wconf 88' lang='lat' dir='ltr'><strong>litteris</strong></span> <span class='ocrx_word' id='word_1_317' title='bbox 990 3984 1161 4057; x_wconf 82' lang='lat' dir='ltr'><strong>quieverant,</strong></span> <span class='ocrx_word' id='word_1_318' title='bbox 1180 3984 1353 4058; x_wconf 89' lang='lat' dir='ltr'><strong>obloquendo</strong></span> <span class='ocrx_word' id='word_1_319' title='bbox 1368 3984 1532 4041; x_wconf 84' lang='lat' dir='ltr'><strong>detrectarat</strong></span> <span class='ocrx_word' id='word_1_320' title='bbox 1553 3986 1733 4054; x_wconf 60' lang='lat' dir='ltr'><strong>[detraxerat</strong></span> <span class='ocrx_word' id='word_1_321' title='bbox 1747 3984 1789 4038; x_wconf 88' lang='lat' dir='ltr'><strong>oei</strong></span> 
     </span>
     <span class='ocr_line' id='line_1_33' title="bbox 138 4071 1789 4161; baseline 0.002 -34"><span class='ocrx_word' id='word_1_322' title='bbox 138 4071 174 4128; x_wconf 93' lang='lat' dir='ltr'><strong>ad</strong></span> <span class='ocrx_word' id='word_1_323' title='bbox 187 4071 359 4130; x_wconf 83' lang='lat' dir='ltr'><strong>Ludovicum</strong></span> <span class='ocrx_word' id='word_1_324' title='bbox 371 4075 513 4145; x_wconf 90' lang='lat' dir='ltr'><strong>comitem,</strong></span> <span class='ocrx_word' id='word_1_325' title='bbox 535 4091 682 4148; x_wconf 87' lang='lat' dir='ltr'><strong>suggerens</strong></span> <span class='ocrx_word' id='word_1_326' title='bbox 695 4077 718 4133; x_wconf 90' lang='lat' dir='ltr'><strong>ei</strong></span> <span class='ocrx_word' id='word_1_327' title='bbox 733 4077 957 4161; x_wconf 85' lang='lat' dir='ltr'><strong>utsssubdens¹</strong></span> <span class='ocrx_word' id='word_1_328' title='bbox 991 4077 1186 4152; x_wconf 87' lang='lat' dir='ltr'><strong>obtrectarat],</strong></span> <span class='ocrx_word' id='word_1_329' title='bbox 1223 4078 1317 4135; x_wconf 90' lang='lat' dir='ltr'><strong>dicens</strong></span> <span class='ocrx_word' id='word_1_330' title='bbox 1349 4094 1406 4148; x_wconf 92' lang='lat' dir='ltr'><strong>eos,</strong></span> <span class='ocrx_word' id='word_1_331' title='bbox 1433 4078 1509 4150; x_wconf 87' lang='lat' dir='ltr'><strong>quasi</strong></span> <span class='ocrx_word' id='word_1_332' title='bbox 1532 4094 1589 4133; x_wconf 90' lang='lat' dir='ltr'><strong>non</strong></span> <span class='ocrx_word' id='word_1_333' title='bbox 1617 4077 1728 4143; x_wconf 88' lang='lat' dir='ltr'><strong>luerint,</strong></span> <span class='ocrx_word' id='word_1_334' title='bbox 1748 4078 1789 4131; x_wconf 92' lang='lat' dir='ltr'><strong>sic</strong></span> 
     </span>
     <span class='ocr_line' id='line_1_34' title="bbox 138 4165 1789 4244; baseline 0.001 -21"><span class='ocrx_word' id='word_1_335' title='bbox 138 4180 211 4238; x_wconf 72' lang='lat' dir='ltr'><strong>saepe</strong></span> <span class='ocrx_word' id='word_1_336' title='bbox 220 4165 281 4239; x_wconf 76' lang='lat' dir='ltr'><strong>jam</strong></span> <span class='ocrx_word' id='word_1_337' title='bbox 296 4167 369 4225; x_wconf 89' lang='lat' dir='ltr'><strong>dicto</strong></span> <span class='ocrx_word' id='word_1_338' title='bbox 382 4169 441 4242; x_wconf 87' lang='lat' dir='ltr'><strong>regi</strong></span> <span class='ocrx_word' id='word_1_339' title='bbox 454 4176 578 4226; x_wconf 90' lang='lat' dir='ltr'><strong>tueretur</strong></span> <span class='ocrx_word' id='word_1_340' title='bbox 592 4177 683 4241; x_wconf 91' lang='lat' dir='ltr'><strong>partes</strong></span> <span class='ocrx_word' id='word_1_341' title='bbox 700 4172 759 4243; x_wconf 87' lang='lat' dir='ltr'><strong>ejus</strong></span> <span class='ocrx_word' id='word_1_342' title='bbox 773 4186 781 4224; x_wconf 75' lang='grc' dir='ltr'><strong><em>ε</em></strong></span> <span class='ocrx_word' id='word_1_343' title='bbox 794 4169 824 4227; x_wconf 90' lang='lat' dir='ltr'><strong>in</strong></span> <span class='ocrx_word' id='word_1_344' title='bbox 838 4168 938 4243; x_wconf 72' lang='lat' dir='ltr'><strong>quibem</strong></span> <span class='ocrx_word' id='word_1_345' title='bbox 961 4174 964 4179; x_wconf 87' lang='lat'>&#39;</span> <span class='ocrx_word' id='word_1_346' title='bbox 992 4170 1123 4242; x_wconf 77' lang='lat' dir='ltr'><strong>periisse3</strong></span> <span class='ocrx_word' id='word_1_347' title='bbox 1137 4168 1283 4229; x_wconf 83' lang='lat' dir='ltr'><strong>alllrmans</strong></span> <span class='ocrx_word' id='word_1_348' title='bbox 1293 4173 1333 4227; x_wconf 90' lang='lat' dir='ltr'><strong>eis</strong></span> <span class='ocrx_word' id='word_1_349' title='bbox 1342 4171 1446 4229; x_wconf 89' lang='lat' dir='ltr'><strong>malum</strong></span> <span class='ocrx_word' id='word_1_350' title='bbox 1456 4170 1617 4244; x_wconf 85' lang='lat' dir='ltr'><strong>principium</strong></span> <span class='ocrx_word' id='word_1_351' title='bbox 1628 4169 1710 4225; x_wconf 85' lang='lat' dir='ltr'><strong>luisse</strong></span> <span class='ocrx_word' id='word_1_352' title='bbox 1719 4183 1789 4240; x_wconf 91' lang='lat' dir='ltr'><strong>quos</strong></span> 
     </span>
    </p>
   </div>
   <div class='ocr_carea' id='block_1_19' title="bbox 137 4259 1912 4357">
    <p class='ocr_par' dir='ltr' id='par_1_20' title="bbox 137 4259 1912 4357">
     <span class='ocr_line' id='line_1_35' title="bbox 137 4259 1912 4357; baseline 0.001 -43"><span class='ocrx_word' id='word_1_353' title='bbox 137 4259 234 4317; x_wconf 90' lang='lat' dir='ltr'><strong>litteris</strong></span> <span class='ocrx_word' id='word_1_354' title='bbox 247 4268 378 4334; x_wconf 89' lang='lat' dir='ltr'><strong>tanquam</strong></span> <span class='ocrx_word' id='word_1_355' title='bbox 390 4278 441 4335; x_wconf 88' lang='lat' dir='ltr'><strong>pro</strong></span> <span class='ocrx_word' id='word_1_356' title='bbox 459 4262 617 4321; x_wconf 76' lang='lat' dir='ltr'><strong>defensione</strong></span> <span class='ocrx_word' id='word_1_357' title='bbox 635 4263 815 4321; x_wconf 88' lang='lat' dir='ltr'><strong>ordinationis</strong></span> <span class='ocrx_word' id='word_1_358' title='bbox 830 4263 891 4331; x_wconf 86' lang='lat' dir='ltr'><strong>Dei,</strong></span> <span class='ocrx_word' id='word_1_359' title='bbox 907 4278 937 4320; x_wconf 91' lang='lat' dir='ltr'><strong>re</strong></span> <span class='ocrx_word' id='word_1_360' title='bbox 990 4263 1075 4319; x_wconf 88' lang='lat' dir='ltr'><strong>linem</strong></span> <span class='ocrx_word' id='word_1_361' title='bbox 1096 4264 1248 4336; x_wconf 90' lang='lat' dir='ltr'><strong>pessimum</strong></span> <span class='ocrx_word' id='word_1_362' title='bbox 1273 4264 1429 4337; x_wconf 87' lang='lat' dir='ltr'><strong>contigisset</strong></span> <span class='ocrx_word' id='word_1_363' title='bbox 1444 4264 1593 4357; x_wconf 62' lang='lat' dir='ltr'><strong>habuisspg·</strong></span> <span class='ocrx_word' id='word_1_364' title='bbox 1611 4276 1728 4357; x_wconf 73' lang='lat' dir='ltr'><strong>¹(getarum</strong></span> <span class='ocrx_word' id='word_1_365' title='bbox 1744 4260 1787 4324; x_wconf 85' lang='lat' dir='ltr'><strong>lit·</strong></span> <span class='ocrx_word' id='word_1_366' title='bbox 1902 4292 1912 4315; x_wconf 65' lang='grc' dir='ltr'><strong>ι.</strong></span> 
     </span>
    </p>
   </div>
   <div class='ocr_carea' id='block_1_20' title="bbox 138 4353 1357 4430">
    <p class='ocr_par' dir='ltr' id='par_1_21' title="bbox 138 4353 1357 4430">
     <span class='ocr_line' id='line_1_36' title="bbox 138 4353 1357 4430; baseline 0.003 -22"><span class='ocrx_word' id='word_1_367' title='bbox 138 4360 230 4409; x_wconf 92' lang='lat' dir='ltr'><strong>autem</strong></span> <span class='ocrx_word' id='word_1_368' title='bbox 251 4369 314 4411; x_wconf 88' lang='lat' dir='ltr'><strong>vera</strong></span> <span class='ocrx_word' id='word_1_369' title='bbox 328 4353 443 4413; x_wconf 85' lang='lat' dir='ltr'><strong>lavando</strong></span> <span class='ocrx_word' id='word_1_370' title='bbox 457 4357 526 4430; x_wconf 89' lang='lat' dir='ltr'><strong>regi,</strong></span> <span class='ocrx_word' id='word_1_371' title='bbox 539 4356 679 4427; x_wconf 90' lang='lat' dir='ltr'><strong>laborans,</strong></span> <span class='ocrx_word' id='word_1_372' title='bbox 693 4356 781 4415; x_wconf 83' lang='lat' dir='ltr'><strong>beatae</strong></span> <span class='ocrx_word' id='word_1_373' title='bbox 794 4355 936 4414; x_wconf 84' lang='lat' dir='ltr'><strong>memoriae</strong></span> <span class='ocrx_word' id='word_1_374' title='bbox 991 4362 1113 4414; x_wconf 87' lang='lat' dir='ltr'><strong>terarum</strong></span> <span class='ocrx_word' id='word_1_375' title='bbox 1131 4356 1230 4414; x_wconf 92' lang='lat' dir='ltr'><strong>modus</strong></span> <span class='ocrx_word' id='word_1_376' title='bbox 1244 4356 1295 4413; x_wconf 83' lang='lat' dir='ltr'><strong>iste</strong></span> <span class='ocrx_word' id='word_1_377' title='bbox 1307 4364 1357 4413; x_wconf 84' lang='lat' dir='ltr'><strong>est.</strong></span> 
     </span>
    </p>
   </div>
   <div class='ocr_carea' id='block_1_21' title="bbox 139 4486 1781 4772">
    <p class='ocr_par' dir='ltr' id='par_1_22' title="bbox 139 4486 1781 4772">
     <span class='ocr_line' id='line_1_37' title="bbox 139 4486 1781 4551; baseline -0.002 3"><span class='ocrx_word' id='word_1_378' title='bbox 139 4486 1781 4551; x_wconf 64' lang='lat' dir='ltr'><strong>——-—-—-—-——----—-—--—---⁸ds-—-</strong></span> 
     </span>
     <span class='ocr_line' id='line_1_38' title="bbox 394 4624 1648 4772; baseline -0.002 -3"><span class='ocrx_word' id='word_1_379' title='bbox 394 4676 686 4770; x_wconf 76' lang='lat' dir='ltr'><strong>sessioni</strong></span> <span class='ocrx_word' id='word_1_380' title='bbox 717 4681 1051 4772; x_wconf 81' lang='lat' dir='ltr'><strong>wlnrmur</strong></span> <span class='ocrx_word' id='word_1_381' title='bbox 1086 4679 1195 4771; x_wconf 83' lang='lat' dir='ltr'><strong>ssu</strong></span> <span class='ocrx_word' id='word_1_382' title='bbox 1228 4679 1535 4772; x_wconf 81' lang='lat' dir='ltr'><strong>Wlthtlll.</strong></span> <span class='ocrx_word' id='word_1_383' title='bbox 1644 4624 1648 4637; x_wconf 75' lang='grc'><strong>’</strong></span> 
     </span>
    </p>
   </div>
   <div class='ocr_carea' id='block_1_22' title="bbox 133 4974 1862 5899">
    <p class='ocr_par' dir='ltr' id='par_1_23' title="bbox 133 4974 1862 5899">
     <span class='ocr_line' id='line_1_39' title="bbox 174 4974 1786 5055; baseline 0.001 -25"><span class='ocrx_word' id='word_1_384' title='bbox 174 4974 374 5049; x_wconf 71' lang='lat' dir='ltr'><strong>venusinus,</strong></span> <span class='ocrx_word' id='word_1_385' title='bbox 383 4979 434 5037; x_wconf 88' lang='lat' dir='ltr'><strong>Dei</strong></span> <span class='ocrx_word' id='word_1_386' title='bbox 441 4980 538 5053; x_wconf 88' lang='lat' dir='ltr'><strong>gratia,</strong></span> <span class='ocrx_word' id='word_1_387' title='bbox 548 4979 715 5055; x_wconf 84' lang='lat' dir='ltr'><strong>idquodest,</strong></span> <span class='ocrx_word' id='word_1_388' title='bbox 725 4981 885 5039; x_wconf 83' lang='lat' dir='ltr'><strong>Lunovrco</strong></span> <span class='ocrx_word' id='word_1_389' title='bbox 894 4989 973 5053; x_wconf 79' lang='lat' dir='ltr'><strong>se·ss</strong></span> <span class='ocrx_word' id='word_1_390' title='bbox 990 4980 1127 5052; x_wconf 88' lang='lat' dir='ltr'><strong>princeps,</strong></span> <span class='ocrx_word' id='word_1_391' title='bbox 1152 4978 1299 5036; x_wconf 87' lang='lat' dir='ltr'><strong>attendens</strong></span> <span class='ocrx_word' id='word_1_392' title='bbox 1313 4978 1454 5052; x_wconf 84' lang='lat' dir='ltr'><strong>quomodo</strong></span> <span class='ocrx_word' id='word_1_393' title='bbox 1475 4983 1560 5046; x_wconf 87' lang='lat' dir='ltr'><strong>Dens,</strong></span> <span class='ocrx_word' id='word_1_394' title='bbox 1575 4979 1648 5053; x_wconf 89' lang='lat' dir='ltr'><strong>pacis</strong></span> <span class='ocrx_word' id='word_1_395' title='bbox 1668 4986 1709 5034; x_wconf 91' lang='lat' dir='ltr'><strong>est</strong></span> <span class='ocrx_word' id='word_1_396' title='bbox 1730 4989 1786 5032; x_wconf 91' lang='lat' dir='ltr'><strong>non</strong></span> 
     </span>
     <span class='ocr_line' id='line_1_40' title="bbox 137 5070 1785 5146; baseline -0.001 -22"><span class='ocrx_word' id='word_1_397' title='bbox 137 5070 280 5128; x_wconf 80' lang='lat' dir='ltr'><strong>senissimo</strong></span> <span class='ocrx_word' id='word_1_398' title='bbox 292 5071 418 5146; x_wconf 90' lang='lat' dir='ltr'><strong>principi,</strong></span> <span class='ocrx_word' id='word_1_399' title='bbox 434 5089 499 5130; x_wconf 90' lang='lat' dir='ltr'><strong>cum</strong></span> <span class='ocrx_word' id='word_1_400' title='bbox 510 5073 639 5132; x_wconf 84' lang='lat' dir='ltr'><strong>instantia</strong></span> <span class='ocrx_word' id='word_1_401' title='bbox 652 5072 822 5142; x_wconf 88' lang='lat' dir='ltr'><strong>orationum,</strong></span> <span class='ocrx_word' id='word_1_402' title='bbox 837 5081 935 5131; x_wconf 90' lang='lat' dir='ltr'><strong>semet·</strong></span> <span class='ocrx_word' id='word_1_403' title='bbox 988 5073 1169 5130; x_wconf 83' lang='lat' dir='ltr'><strong>dissensionis</strong></span> <span class='ocrx_word' id='word_1_404' title='bbox 1192 5075 1222 5141; x_wconf 78' lang='lat' dir='ltr'><strong>(J</strong></span> <span class='ocrx_word' id='word_1_405' title='bbox 1236 5073 1296 5131; x_wconf 82' lang='lat' dir='ltr'><strong>cor.</strong></span> <span class='ocrx_word' id='word_1_406' title='bbox 1321 5078 1410 5144; x_wconf 58' lang='lat' dir='ltr'><strong>xivg</strong></span> <span class='ocrx_word' id='word_1_407' title='bbox 1431 5072 1504 5146; x_wconf 86' lang='lat' dir='ltr'><strong>quod</strong></span> <span class='ocrx_word' id='word_1_408' title='bbox 1518 5088 1549 5131; x_wconf 87' lang='lat' dir='ltr'><strong>ex</strong></span> <span class='ocrx_word' id='word_1_409' title='bbox 1567 5081 1595 5129; x_wconf 87' lang='lat' dir='ltr'><strong>te</strong></span> <span class='ocrx_word' id='word_1_410' title='bbox 1613 5078 1663 5137; x_wconf 87' lang='lat' dir='ltr'><strong>est,</strong></span> <span class='ocrx_word' id='word_1_411' title='bbox 1689 5085 1785 5138; x_wconf 85' lang='lat' dir='ltr'><strong>pacem</strong></span> 
     </span>
     <span class='ocr_line' id='line_1_41' title="bbox 136 5160 1785 5241; baseline 0 -24"><span class='ocrx_word' id='word_1_412' title='bbox 136 5160 229 5234; x_wconf 89' lang='lat' dir='ltr'><strong>ipsum</strong></span> <span class='ocrx_word' id='word_1_413' title='bbox 242 5164 278 5221; x_wconf 93' lang='lat' dir='ltr'><strong>ad</strong></span> <span class='ocrx_word' id='word_1_414' title='bbox 299 5165 392 5222; x_wconf 85' lang='lat' dir='ltr'><strong>oninia</strong></span> <span class='ocrx_word' id='word_1_415' title='bbox 415 5165 638 5224; x_wconf 88' lang='lat' dir='ltr'><strong>devotissimum.</strong></span> <span class='ocrx_word' id='word_1_416' title='bbox 653 5166 738 5224; x_wconf 91' lang='lat' dir='ltr'><strong>Omni</strong></span> <span class='ocrx_word' id='word_1_417' title='bbox 752 5181 837 5241; x_wconf 90' lang='lat' dir='ltr'><strong>regno</strong></span> <span class='ocrx_word' id='word_1_418' title='bbox 857 5166 933 5226; x_wconf 90' lang='lat' dir='ltr'><strong>utilis</strong></span> <span class='ocrx_word' id='word_1_419' title='bbox 987 5183 1051 5226; x_wconf 89' lang='lat' dir='ltr'><strong>cum</strong></span> <span class='ocrx_word' id='word_1_420' title='bbox 1065 5167 1197 5225; x_wconf 88' lang='lat' dir='ltr'><strong>omnibns</strong></span> <span class='ocrx_word' id='word_1_421' title='bbox 1210 5166 1312 5223; x_wconf 80' lang='lat' dir='ltr'><strong>babeas</strong></span> <span class='ocrx_word' id='word_1_422' title='bbox 1330 5167 1422 5240; x_wconf 74' lang='lat' dir='ltr'><strong>(stom</strong></span> <span class='ocrx_word' id='word_1_423' title='bbox 1435 5172 1509 5234; x_wconf 84' lang='grc' dir='ltr'><strong>ιιιι).</strong></span> <span class='ocrx_word' id='word_1_424' title='bbox 1524 5171 1595 5224; x_wconf 82' lang='lat' dir='ltr'><strong>neus</strong></span> <span class='ocrx_word' id='word_1_425' title='bbox 1615 5163 1733 5218; x_wconf 81' lang='lat' dir='ltr'><strong>chorites</strong></span> <span class='ocrx_word' id='word_1_426' title='bbox 1746 5166 1785 5217; x_wconf 82' lang='lat' dir='ltr'><strong>est</strong></span> 
     </span>
     <span class='ocr_line' id='line_1_42' title="bbox 136 5254 1785 5334; baseline -0.001 -21"><span class='ocrx_word' id='word_1_427' title='bbox 136 5264 179 5313; x_wconf 88' lang='lat' dir='ltr'><strong>est</strong></span> <span class='ocrx_word' id='word_1_428' title='bbox 201 5259 359 5326; x_wconf 89' lang='lat' dir='ltr'><strong>concordia,</strong></span> <span class='ocrx_word' id='word_1_429' title='bbox 379 5259 567 5318; x_wconf 88' lang='lat' dir='ltr'><strong>desiderabilis</strong></span> <span class='ocrx_word' id='word_1_430' title='bbox 587 5268 628 5318; x_wconf 87' lang='lat' dir='ltr'><strong>est</strong></span> <span class='ocrx_word' id='word_1_431' title='bbox 637 5259 758 5334; x_wconf 88' lang='lat' dir='ltr'><strong>justitia;</strong></span> <span class='ocrx_word' id='word_1_432' title='bbox 779 5256 840 5318; x_wconf 81' lang='lat' dir='ltr'><strong>haec</strong></span> <span class='ocrx_word' id='word_1_433' title='bbox 857 5260 933 5318; x_wconf 88' lang='lat' dir='ltr'><strong>enim</strong></span> <span class='ocrx_word' id='word_1_434' title='bbox 986 5264 1103 5332; x_wconf 77' lang='lat' dir='ltr'><strong>(licon.</strong></span> <span class='ocrx_word' id='word_1_435' title='bbox 1123 5267 1187 5329; x_wconf 82' lang='lat' dir='ltr'><strong>rv);</strong></span> <span class='ocrx_word' id='word_1_436' title='bbox 1207 5258 1333 5318; x_wconf 89' lang='lat' dir='ltr'><strong>diabolus</strong></span> <span class='ocrx_word' id='word_1_437' title='bbox 1344 5261 1449 5319; x_wconf 88' lang='lat' dir='ltr'><strong>odium.</strong></span> <span class='ocrx_word' id='word_1_438' title='bbox 1463 5264 1533 5317; x_wconf 87' lang='lat' dir='ltr'><strong>Tota</strong></span> <span class='ocrx_word' id='word_1_439' title='bbox 1548 5258 1590 5312; x_wconf 92' lang='lat' dir='ltr'><strong>lex</strong></span> <span class='ocrx_word' id='word_1_440' title='bbox 1603 5264 1631 5311; x_wconf 91' lang='lat' dir='ltr'><strong>et</strong></span> <span class='ocrx_word' id='word_1_441' title='bbox 1642 5254 1785 5325; x_wconf 79' lang='lat' dir='ltr'><strong>prophetas</strong></span> 
     </span>
     <span class='ocr_line' id='line_1_43' title="bbox 135 5347 1785 5428; baseline 0 -23"><span class='ocrx_word' id='word_1_442' title='bbox 135 5348 222 5407; x_wconf 87' lang='lat' dir='ltr'><strong>virtus</strong></span> <span class='ocrx_word' id='word_1_443' title='bbox 237 5360 326 5410; x_wconf 78' lang='lat' dir='ltr'><strong>niater</strong></span> <span class='ocrx_word' id='word_1_444' title='bbox 339 5361 381 5410; x_wconf 86' lang='lat' dir='ltr'><strong>est</strong></span> <span class='ocrx_word' id='word_1_445' title='bbox 396 5352 539 5427; x_wconf 88' lang='lat' dir='ltr'><strong>probitatis</strong></span> <span class='ocrx_word' id='word_1_446' title='bbox 553 5361 580 5411; x_wconf 92' lang='lat' dir='ltr'><strong>et</strong></span> <span class='ocrx_word' id='word_1_447' title='bbox 593 5354 766 5412; x_wconf 81' lang='lat' dir='ltr'><strong>conservatio</strong></span> <span class='ocrx_word' id='word_1_448' title='bbox 780 5352 865 5412; x_wconf 85' lang='lat' dir='ltr'><strong>totius</strong></span> <span class='ocrx_word' id='word_1_449' title='bbox 881 5354 932 5411; x_wconf 91' lang='lat' dir='ltr'><strong>ho·</strong></span> <span class='ocrx_word' id='word_1_450' title='bbox 987 5356 1017 5412; x_wconf 92' lang='lat' dir='ltr'><strong>in</strong></span> <span class='ocrx_word' id='word_1_451' title='bbox 1029 5355 1177 5413; x_wconf 87' lang='lat' dir='ltr'><strong>dilectione</strong></span> <span class='ocrx_word' id='word_1_452' title='bbox 1191 5352 1310 5428; x_wconf 89' lang='lat' dir='ltr'><strong>pendent</strong></span> <span class='ocrx_word' id='word_1_453' title='bbox 1320 5356 1436 5423; x_wconf 67' lang='lat' dir='ltr'><strong>(dodi.</strong></span> <span class='ocrx_word' id='word_1_454' title='bbox 1450 5355 1541 5416; x_wconf 82' lang='lat' dir='ltr'><strong>xxii).</strong></span> <span class='ocrx_word' id='word_1_455' title='bbox 1551 5348 1606 5422; x_wconf 89' lang='lat' dir='ltr'><strong>Qui</strong></span> <span class='ocrx_word' id='word_1_456' title='bbox 1619 5355 1713 5404; x_wconf 87' lang='lat' dir='ltr'><strong>autem</strong></span> <span class='ocrx_word' id='word_1_457' title='bbox 1727 5347 1785 5405; x_wconf 91' lang='lat' dir='ltr'><strong>odit</strong></span> 
     </span>
     <span class='ocr_line' id='line_1_44' title="bbox 135 5443 1782 5521; baseline 0.001 -24"><span class='ocrx_word' id='word_1_458' title='bbox 135 5445 257 5503; x_wconf 83' lang='lat' dir='ltr'><strong>aestatis.</strong></span> <span class='ocrx_word' id='word_1_459' title='bbox 272 5446 325 5516; x_wconf 86' lang='lat' dir='ltr'><strong>Qui</strong></span> <span class='ocrx_word' id='word_1_460' title='bbox 339 5456 431 5505; x_wconf 90' lang='lat' dir='ltr'><strong>autem</strong></span> <span class='ocrx_word' id='word_1_461' title='bbox 444 5445 574 5506; x_wconf 89' lang='lat' dir='ltr'><strong>intestina</strong></span> <span class='ocrx_word' id='word_1_462' title='bbox 595 5447 745 5521; x_wconf 71' lang='lat' dir='ltr'><strong>grassamo</strong></span> <span class='ocrx_word' id='word_1_463' title='bbox 765 5447 934 5506; x_wconf 88' lang='lat' dir='ltr'><strong>dissensione</strong></span> <span class='ocrx_word' id='word_1_464' title='bbox 987 5447 1104 5506; x_wconf 79' lang='lat' dir='ltr'><strong>fratrem</strong></span> <span class='ocrx_word' id='word_1_465' title='bbox 1117 5464 1217 5519; x_wconf 86' lang='lat' dir='ltr'><strong>suum,</strong></span> <span class='ocrx_word' id='word_1_466' title='bbox 1236 5447 1373 5507; x_wconf 87' lang='lat' dir='ltr'><strong>homicida</strong></span> <span class='ocrx_word' id='word_1_467' title='bbox 1386 5457 1438 5514; x_wconf 87' lang='lat' dir='ltr'><strong>est,</strong></span> <span class='ocrx_word' id='word_1_468' title='bbox 1461 5443 1607 5501; x_wconf 89' lang='lat' dir='ltr'><strong>nechabet</strong></span> <span class='ocrx_word' id='word_1_469' title='bbox 1626 5450 1733 5514; x_wconf 88' lang='lat' dir='ltr'><strong>partem</strong></span> <span class='ocrx_word' id='word_1_470' title='bbox 1754 5445 1782 5500; x_wconf 89' lang='lat' dir='ltr'><strong>in</strong></span> 
     </span>
     <span class='ocr_line' id='line_1_45' title="bbox 133 5535 1783 5617; baseline 0.002 -25"><span class='ocrx_word' id='word_1_471' title='bbox 133 5535 170 5593; x_wconf 93' lang='lat' dir='ltr'><strong>ad</strong></span> <span class='ocrx_word' id='word_1_472' title='bbox 192 5536 306 5595; x_wconf 86' lang='lat' dir='ltr'><strong>humani</strong></span> <span class='ocrx_word' id='word_1_473' title='bbox 319 5541 460 5613; x_wconf 69' lang='lat' dir='ltr'><strong>sanguinis</strong></span> <span class='ocrx_word' id='word_1_474' title='bbox 474 5541 542 5599; x_wconf 92' lang='lat' dir='ltr'><strong>alios</strong></span> <span class='ocrx_word' id='word_1_475' title='bbox 561 5541 654 5599; x_wconf 90' lang='lat' dir='ltr'><strong>irritat</strong></span> <span class='ocrx_word' id='word_1_476' title='bbox 667 5539 844 5612; x_wconf 75' lang='lat' dir='ltr'><strong>effusionem,</strong></span> <span class='ocrx_word' id='word_1_477' title='bbox 867 5558 931 5614; x_wconf 91' lang='lat' dir='ltr'><strong>pro·</strong></span> <span class='ocrx_word' id='word_1_478' title='bbox 986 5558 1072 5617; x_wconf 88' lang='lat' dir='ltr'><strong>regno</strong></span> <span class='ocrx_word' id='word_1_479' title='bbox 1086 5543 1190 5601; x_wconf 87' lang='lat' dir='ltr'><strong>Christi</strong></span> <span class='ocrx_word' id='word_1_480' title='bbox 1208 5551 1237 5601; x_wconf 89' lang='lat' dir='ltr'><strong>et</strong></span> <span class='ocrx_word' id='word_1_481' title='bbox 1248 5542 1297 5600; x_wconf 85' lang='lat' dir='ltr'><strong>Dei</strong></span> <span class='ocrx_word' id='word_1_482' title='bbox 1311 5544 1426 5612; x_wconf 78' lang='lat' dir='ltr'><strong>(licon.</strong></span> <span class='ocrx_word' id='word_1_483' title='bbox 1448 5539 1510 5602; x_wconf 88' lang='grc' dir='ltr'><strong>ιιι).</strong></span> <span class='ocrx_word' id='word_1_484' title='bbox 1522 5537 1584 5593; x_wconf 86' lang='lat' dir='ltr'><strong>Hoc</strong></span> <span class='ocrx_word' id='word_1_485' title='bbox 1593 5535 1651 5609; x_wconf 88' lang='lat' dir='ltr'><strong>ipsa</strong></span> <span class='ocrx_word' id='word_1_486' title='bbox 1663 5539 1783 5607; x_wconf 86' lang='lat' dir='ltr'><strong>Veritas,</strong></span> 
     </span>
     <span class='ocr_line' id='line_1_46' title="bbox 134 5626 1785 5711; baseline 0.002 -26"><span class='ocrx_word' id='word_1_487' title='bbox 134 5626 207 5687; x_wconf 81' lang='lat' dir='ltr'><strong>fecto</strong></span> <span class='ocrx_word' id='word_1_488' title='bbox 224 5632 263 5688; x_wconf 85' lang='lat' dir='ltr'><strong>vir</strong></span> <span class='ocrx_word' id='word_1_489' title='bbox 279 5635 444 5707; x_wconf 89' lang='lat' dir='ltr'><strong>sanguinum</strong></span> <span class='ocrx_word' id='word_1_490' title='bbox 465 5644 517 5704; x_wconf 89' lang='lat' dir='ltr'><strong>est,</strong></span> <span class='ocrx_word' id='word_1_491' title='bbox 533 5643 617 5710; x_wconf 90' lang='lat' dir='ltr'><strong>atque</strong></span> <span class='ocrx_word' id='word_1_492' title='bbox 639 5635 711 5694; x_wconf 89' lang='lat' dir='ltr'><strong>illins</strong></span> <span class='ocrx_word' id='word_1_493' title='bbox 736 5638 873 5710; x_wconf 87' lang='lat' dir='ltr'><strong>particeps</strong></span> <span class='ocrx_word' id='word_1_494' title='bbox 886 5637 932 5710; x_wconf 90' lang='lat' dir='ltr'><strong>qui</strong></span> <span class='ocrx_word' id='word_1_495' title='bbox 987 5636 1041 5694; x_wconf 90' lang='lat' dir='ltr'><strong>hoc</strong></span> <span class='ocrx_word' id='word_1_496' title='bbox 1061 5636 1210 5711; x_wconf 89' lang='lat' dir='ltr'><strong>discipulus</strong></span> <span class='ocrx_word' id='word_1_497' title='bbox 1229 5637 1277 5694; x_wconf 89' lang='lat' dir='ltr'><strong>ille</strong></span> <span class='ocrx_word' id='word_1_498' title='bbox 1296 5633 1430 5695; x_wconf 84' lang='lat' dir='ltr'><strong>Veritatis</strong></span> <span class='ocrx_word' id='word_1_499' title='bbox 1447 5635 1613 5703; x_wconf 85' lang='lat' dir='ltr'><strong>protestatur</strong></span> <span class='ocrx_word' id='word_1_500' title='bbox 1631 5630 1724 5702; x_wconf 86' lang='lat' dir='ltr'><strong>quide</strong></span> <span class='ocrx_word' id='word_1_501' title='bbox 1737 5648 1785 5704; x_wconf 89' lang='lat' dir='ltr'><strong>pe·</strong></span> 
     </span>
     <span class='ocr_line' id='line_1_47' title="bbox 134 5722 1862 5806; baseline 0.001 -28"><span class='ocrx_word' id='word_1_502' title='bbox 134 5732 262 5782; x_wconf 91' lang='lat' dir='ltr'><strong>nostrum</strong></span> <span class='ocrx_word' id='word_1_503' title='bbox 276 5728 549 5801; x_wconf 80' lang='lat' dir='ltr'><strong>sangiunemsitiens</strong></span> <span class='ocrx_word' id='word_1_504' title='bbox 562 5745 671 5804; x_wconf 85' lang='lat' dir='ltr'><strong>semper</strong></span> <span class='ocrx_word' id='word_1_505' title='bbox 684 5731 791 5803; x_wconf 89' lang='lat' dir='ltr'><strong>circuit,</strong></span> <span class='ocrx_word' id='word_1_506' title='bbox 806 5747 933 5806; x_wconf 76' lang='lat' dir='ltr'><strong>quaerens</strong></span> <span class='ocrx_word' id='word_1_507' title='bbox 986 5739 1062 5788; x_wconf 89' lang='lat' dir='ltr'><strong>ctore</strong></span> <span class='ocrx_word' id='word_1_508' title='bbox 1081 5733 1229 5791; x_wconf 87' lang='lat' dir='ltr'><strong>Dominico</strong></span> <span class='ocrx_word' id='word_1_509' title='bbox 1244 5725 1386 5799; x_wconf 79' lang='lat' dir='ltr'><strong>Evangelii</strong></span> <span class='ocrx_word' id='word_1_510' title='bbox 1405 5722 1568 5797; x_wconf 79' lang='lat' dir='ltr'><strong>profundius</strong></span> <span class='ocrx_word' id='word_1_511' title='bbox 1589 5731 1699 5796; x_wconf 76' lang='lat' dir='ltr'><strong>potatam</strong></span> <span class='ocrx_word' id='word_1_512' title='bbox 1713 5725 1783 5783; x_wconf 92' lang='lat' dir='ltr'><strong>veri·</strong></span> <span class='ocrx_word' id='word_1_513' title='bbox 1855 5764 1862 5779; x_wconf 71' lang='grc'>.</span> 
     </span>
     <span class='ocr_line' id='line_1_48' title="bbox 133 5815 1785 5899; baseline 0.001 -23"><span class='ocrx_word' id='word_1_514' title='bbox 133 5831 218 5888; x_wconf 84' lang='lat' dir='ltr'><strong>quem</strong></span> <span class='ocrx_word' id='word_1_515' title='bbox 236 5819 349 5882; x_wconf 80' lang='lat' dir='ltr'><strong>devoret</strong></span> <span class='ocrx_word' id='word_1_516' title='bbox 362 5824 396 5893; x_wconf 82' lang='grc' dir='ltr'><strong>(Ι</strong></span> <span class='ocrx_word' id='word_1_517' title='bbox 413 5825 487 5882; x_wconf 75' lang='lat' dir='ltr'><strong>Pete.</strong></span> <span class='ocrx_word' id='word_1_518' title='bbox 509 5829 552 5893; x_wconf 87' lang='lat' dir='ltr'><strong>v).</strong></span> <span class='ocrx_word' id='word_1_519' title='bbox 564 5827 607 5884; x_wconf 85' lang='lat' dir='ltr'><strong>Tu</strong></span> <span class='ocrx_word' id='word_1_520' title='bbox 617 5824 710 5899; x_wconf 86' lang='lat' dir='ltr'><strong>igitur,</strong></span> <span class='ocrx_word' id='word_1_521' title='bbox 735 5825 934 5899; x_wconf 85' lang='lat' dir='ltr'><strong>gloriosissime</strong></span> <span class='ocrx_word' id='word_1_522' title='bbox 986 5833 1083 5895; x_wconf 82' lang='lat' dir='ltr'><strong>tatem,</strong></span> <span class='ocrx_word' id='word_1_523' title='bbox 1102 5825 1228 5887; x_wconf 87' lang='lat' dir='ltr'><strong>lluminis</strong></span> <span class='ocrx_word' id='word_1_524' title='bbox 1241 5825 1344 5892; x_wconf 88' lang='lat' dir='ltr'><strong>impetu</strong></span> <span class='ocrx_word' id='word_1_525' title='bbox 1360 5817 1482 5877; x_wconf 78' lang='lat' dir='ltr'><strong>lerinam</strong></span> <span class='ocrx_word' id='word_1_526' title='bbox 1494 5815 1785 5895; x_wconf 79' lang='lat' dir='ltr'><strong>abundantiuscivita·</strong></span> 
     </span>
    </p>
   </div>
   <div class='ocr_carea' id='block_1_23' title="bbox 0 0 1940 6164">
    <p class='ocr_par' dir='ltr' id='par_1_24' title="bbox 0 0 1940 6164">
     <span class='ocr_line' id='line_1_49' title="bbox 0 0 1940 6164; baseline 0 1"><span class='ocrx_word' id='word_1_527' title='bbox 0 0 1940 6164; x_wconf 95' lang='lat' dir='ltr'><strong> </strong></span> 
     </span>
    </p>
   </div>
  </div>
 </body>
</html>
