3870 6164
137 263 191 317 aaa
519 232 526 239 ’
591 264 735 321 noento.
757 267 801 324 ιιι.
822 298 856 309 -
874 267 1084 326 noscamus
1103 269 1336 355 annonarias.
1736 277 1789 333 aas

134 384 267 443 aleatoris
298 389 435 445 sententia
466 394 513 445 aut
539 386 702 461 probaretur
730 398 779 448 aut
808 391 934 449 emenda·
947 397 975 460 Α
988 394 1035 467 qui
1051 404 1114 452 ante
1129 393 1268 469 synodum
1278 394 1552 468 Nicaenamluerunt,
1565 397 1789 458 decemerentde

134 485 223 536 reurr.
990 486 1034 544 bis
1046 488 1091 562 qni
1111 489 1307 547 communione
1318 488 1471 563 privantur,
1492 505 1540 549 seu
1558 508 1590 550 er
1603 492 1676 550 clero
1689 508 1738 551 sau
1755 508 1788 550 aa

171 574 240 632 nnc
261 580 290 631 at
313 573 358 631 bis
374 573 474 632 similia
488 575 614 649 predicti
636 575 744 646 iratres,
766 581 844 652 quasi
857 579 935 638 inco·
989 581 1058 639 laico
1074 582 1180 650 ordine,
1199 583 1234 640 ab
1245 583 1390 657 episcopis,
1408 593 1440 642 ut
1452 583 1481 640 bl
1493 585 1684 660 quiabjicinnt
1700 595 1728 643 et
1742 586 1787 660 qui

130 668 272 743 'gnitanec
285 667 385 742 aliquid
403 668 439 726 ad
452 685 512 727 rem
531 670 705 743 pertinentia,
719 671 935 742 dissimulantes,
989 675 1156 749 abjiciuntur
1185 677 1304 745 [sidetem
1335 678 1423 735 deesse
1453 680 1546 735 cocula
1569 679 1786 750 innotescerent,

134 759 172 818 ad
200 759 252 819 laos
280 776 346 819 suos
373 776 504 835 sequaces
535 762 680 821 instruunt
710 775 751 835 ut,
779 777 883 826 umere
909 778 936 826 et
988 770 1031 826 uel
1043 769 1211 840 similis],ita
1226 770 1445 844 subjunxerunt:
1465 774 1635 844 Requiratur
1651 778 1789 831 autenm

137 854 245 929 absque
260 855 339 913 omni
363 855 526 929 probatione
545 858 666 932 legitima
690 861 824 934 prolatam
852 864 881 921 in
906 879 937 922 se
987 864 1230 935 pusillanimitate,
1258 869 1309 920 aut
1331 867 1508 930 contentione,
1533 867 1574 922 uel
1596 866 1649 923 aiio
1671 867 1788 939 quolibet

134 950 303 1009 ualentiam
316 959 533 1022 contemnentes,
546 954 646 1029 logum
660 955 812 1030 disciplina
828 960 938 1031 penitus
991 960 1108 1029 episcopi
1137 960 1204 1014 odio
1236 958 1360 1015 videntur
1395 975 1414 1014 a
1442 962 1643 1031 conpreqotioue
1672 960 1787 1017 serimus
1866 954 1871 962 '

134 1045 285 1103 excudent.
299 1045 424 1119 Cumque
442 1045 572 1119 ignorent
589 1047 704 1106 minime
717 1048 770 1107 boc
787 1051 872 1109 etiam
885 1068 936 1109 an·
992 1054 1102 1119 (limen.
1126 1053 1218 1107 mncil.
1248 1067 1309 1125 cap.
1335 1055 1372 1120 a).
1394 1051 1518 1123 Qualiter
1536 1060 1629 1110 autem
1654 1053 1788 1126 quibusve

132 1135 249 1209 tiquitur
268 1137 368 1196 scitum
393 1153 461 1209 esse,
484 1140 560 1213 quod
579 1141 696 1214 pastoris
715 1146 858 1216 sonantis,
879 1147 938 1205 sire
991 1142 1082 1202 modis
1094 1143 1289 1217 inquirendum
1306 1146 1352 1214 sit,
1368 1145 1548 1203 nihilominus
1565 1145 1731 1204 addiderunt
1743 1146 1788 1204 his

129 1230 207 1304 jmta
228 1230 287 1288 sive
307 1232 419 1306 injmta,
434 1234 558 1293 timenda
571 1244 665 1294 umen
687 1238 737 1307 su,-
758 1238 797 1297 ilii
811 1240 937 1301 nomines
991 1237 1082 1295 verbis
1099 1256 1105 1295 :
1122 1241 1157 1295 Ut
1175 1254 1235 1309 erse
1253 1240 1390 1295 decentius
1411 1241 1581 1312 inquientes,
1606 1241 1667 1296 nem
1683 1241 1788 1312 pacuis

133 1322 188 1382 snb
201 1322 377 1382 anathemata
396 1326 503 1400 positos
521 1343 644 1401 scontros,
657 1340 685 1388 et
703 1330 738 1389 de
751 1332 877 1391 timenda
891 1335 935 1393 illa
991 1334 1075 1388 onum
1094 1333 1207 1402 sinqulis
1218 1347 1269 1404 per
1282 1348 1498 1405 unamquamque
1512 1333 1681 1405 peminoiam
1697 1332 1736 1389 bas
1758 1335 1789 1389 in

133 1425 271 1475 anostra
291 1417 445 1477 avenione
466 1420 558 1491 [nobis
577 1422 693 1493 diversa]
714 1424 781 1482 nihil
803 1427 937 1487 sollicitos
991 1442 1061 1482 anuo
1084 1427 1194 1481 concilia
1219 1426 1351 1482 celebra-re
1382 1429 1450 1494 (Nic.
1473 1442 1556 1491 cona,
1578 1428 1631 1485 loc.
1658 1427 1734 1495 cit.);
1762 1435 1790 1483 et

133 1509 256 1569 reddunt
279 1511 346 1569 :illa
370 1513 577 1587 scripturarum
598 1517 757 1576 testimonia
780 1518 937 1595 frequenter
991 1528 1088 1578 catera
1101 1534 1163 1592 quea
1176 1526 1338 1590 sequuntur.
1760 1504 1763 1509 ¹

132 1601 302 1677 replicando,
317 1604 345 1662 in
363 1607 528 1679 quibushoc
543 1610 686 1681 astruitur,
705 1612 780 1685 quod
793 1614 838 1686 qui
859 1615 937 1673 inno-
1028 1615 1115 1687 igitur
1137 1611 1183 1686 qui
1204 1610 1240 1669 ad
1253 1610 1400 1670 decentem
1424 1612 1462 1669 rei
1488 1612 1571 1686 hujus
1585 1611 1789 1684 inquisitionem

132 1706 246 1755 mntem
258 1698 407 1770 maledicit,
427 1699 480 1756 sibi
495 1701 556 1774 plns
575 1712 654 1760 nocet
674 1720 757 1778 qnam
772 1707 815 1764 cui
836 1724 935 1768 nocere
992 1706 1107 1765 concilia
1130 1705 1294 1763 celebranda
1314 1720 1375 1763 esse
1389 1704 1577 1772 decreverunt,
1601 1719 1787 1778 nequaquam,

134 1790 251 1864 appetit,
273 1790 380 1866 aliaque
394 1792 421 1849 in
434 1793 510 1852 launo
524 1794 649 1854 modum.
673 1801 699 1854 Α
713 1798 812 1871 quibus
825 1811 934 1860 sancto·
990 1809 1020 1857 ut
1041 1815 1113 1857 nime
1134 1798 1220 1856 moris
1244 1808 1301 1868 est,
1322 1798 1448 1856 arbitrati
1470 1806 1535 1856 sunt
1559 1797 1594 1855 ad
1618 1795 1790 1870 probandam

135 1898 200 1941 mm
230 1882 322 1942 verbis
351 1901 526 1960 nequaquam
559 1904 609 1945 nos
643 1887 838 1963 dissentimus,
867 1896 934 1967 quin
990 1908 1087 1951 eorum
1114 1894 1160 1966 qni
1194 1892 1291 1967 abiecti
1315 1901 1382 1949 sunt
1409 1891 1595 1950 innocentiam
1623 1888 1676 1949 boc
1710 1906 1790 1965 posse
1850 1906 1855 1927 ¹

133 1977 228 2051 potius
248 1993 314 2036 cum
335 1995 429 2037 amore
461 1990 487 2039 et
517 1983 666 2040 reverentia
689 1987 852 2059 recipimus,
878 1998 935 2047 stu·
990 1987 1126 2056 sulficere,
1148 1989 1172 2044 si
1196 1986 1296 2058 passim
1315 2001 1437 2060 vageque
1462 1985 1490 2043 in
1513 2001 1579 2043 suos
1597 1985 1791 2043 excommuni-

133 2070 246 2142 dentes,
260 2080 394 2145 qnantum
416 2073 509 2132 diuina
531 2075 664 2149 largiente
683 2079 770 2152 gratia
789 2096 937 2154 possumus
990 2088 1097 2138 catores
1109 2079 1236 2137 absentes
1249 2079 1410 2151 contitinet
1427 2079 1643 2137 obtrectationes
1655 2086 1789 2137 emctent.

134 2164 172 2223 de
184 2164 231 2222 illa
243 2166 389 2241 pastoralis
403 2166 488 2225 cilicii
499 2168 635 2228 abusione
649 2179 678 2230 et
690 2171 772 2230 nobis
789 2189 895 2247 carere,
910 2185 938 2236 et
990 2178 1064 2248 Ergo
1089 2173 1135 2247 qui
1162 2179 1258 2230 contra
1283 2188 1376 2230 sacros
1400 2188 1521 2231 canonas
1549 2173 1691 2242 Nicaeam,
1714 2172 1790 2231 nulla

135 2258 199 2316 aliis
212 2267 243 2315 ut
260 2269 372 2317 caveant
387 2259 563 2334 persuadere.
578 2263 636 2321 illis
649 2274 743 2323 autem
763 2269 811 2341 qui
832 2270 937 2328 haecad
991 2267 1118 2325 condicta
1142 2267 1265 2341 synodo,
1294 2266 1368 2323 nulle
1400 2266 1573 2341 {truculente
1599 2265 1788 2339 inquisitione,

135 2368 195 2410 snae
211 2352 297 2426 partis
312 2353 501 2427 adjumentum
516 2355 577 2429 plus
591 2373 671 2431 aequo
686 2360 857 2434 intorquent,
874 2380 937 2421 cum
992 2362 1126 2419 canonica
1149 2362 1346 2419 communione
1368 2360 1491 2435 privatos
1515 2361 1543 2416 in
1565 2360 1791 2417 communionem

135 2446 185 2503 tali
211 2446 402 2505 moderamine
421 2464 563 2507 assensum
586 2452 750 2525 praebemus,
779 2465 808 2512 ut
832 2472 937 2531 nequa·
992 2456 1140 2527 recipinnt,
1155 2455 1268 2511 audiant
1288 2455 1311 2510 si
1336 2453 1460 2526 ejusdem
1487 2454 1595 2511 coricilii
1609 2462 1709 2511 statuta
1734 2463 1791 2511 tam

134 2555 220 2614 quam
241 2541 314 2599 ultra
336 2543 469 2599 terminos
501 2545 663 2604 constitutos
688 2547 797 2606 illorum
825 2551 936 2624 vestigia
993 2548 1089 2605 leviter
1103 2547 1230 2605 violanda
1245 2547 1300 2603 sint
1314 2556 1343 2604 et
1363 2547 1580 2615 consentaneam
1599 2546 1712 2604 audiant
1726 2547 1791 2619 quid

136 2650 339 2709 prosequamur
364 2656 371 2695 z
392 2653 449 2694 non
467 2637 628 2713 adjicientes
654 2650 684 2697 ut
703 2641 756 2699 lroc
774 2659 807 2699 er
825 2644 936 2701 illorum
993 2649 1105 2698 sanctus
1118 2640 1268 2714 Gregorius
1282 2638 1316 2698 de
1339 2640 1500 2697 autumnitate
1523 2649 1641 2712 quatuor
1661 2640 1791 2697 concilio-

135 2728 311 2787 documentis
332 2730 582 2807 subintelligamus,
607 2734 681 2806 quod
698 2734 759 2808 jam
781 2752 847 2795 suos
861 2738 938 2796 audi·
995 2749 1057 2790 rum
1078 2732 1285 2807 principalium,
1309 2747 1428 2806 quorum
1454 2732 1527 2790 istud
1553 2733 1720 2806 precipuum
1740 2742 1791 2802 ast,

134 2830 211 2880 tores
228 2823 375 2881 subaudire
392 2824 532 2897 iecerunt3
556 2828 609 2885 hoc
634 2827 736 2885 scilicet
762 2839 806 2899 ut,
831 2832 937 2905 siquis
993 2827 1105 2885 sentiat.
1128 2825 1269 2898 Siquidem
1282 2824 1311 2880 in
1330 2826 1445 2896 epistola
1469 2826 1667 2896 Alexandrino,
1692 2828 1792 2883 Antio·

136 2918 392 2976 excommunicatus
413 2921 512 2993 injuste
534 2937 563 2978 sa
588 2923 855 2981 excommunicatum
886 2941 939 2983 nu·
993 2921 1096 2989 cheno,
1125 2917 1376 2993 Hierosolymitano
1410 2904 1572 2991 patriarchis
1608 2917 1724 2986 directa,
1753 2920 1792 2976 sic

135 3006 181 3067 dis
218 3018 329 3068 mamm
371 3013 459 3070 serbis
503 3017 618 3083 asserit,
663 3017 941 3075 excommunicatoris
995 3016 1033 3071 ait
1055 3015 1111 3085 (lib.
1125 3031 1149 3081 r,
1164 3014 1244 3085 epist.
1258 3019 1304 3082 tt)
1318 3035 1324 3070 ι
1338 3014 1512 3070 Sicutsaucti
1525 3014 1793 3085 Euunpelitquatuor
1882 3014 1885 3019 '

135 3104 275 3162 unienda
297 3106 424 3179 protinus
454 3107 529 3165 irrita
549 3107 697 3182 judicetur.
727 3109 755 3167 Si
777 3111 859 3168 stabit
881 3112 939 3169 baec
993 3110 1090 3173 libros,
1106 3111 1144 3165 sic
1158 3112 1276 3179 quatuor
1293 3106 1407 3163 coemtio
1424 3108 1557 3179 amalpere
1575 3111 1600 3162 et
1611 3109 1735 3163 ratimari
1751 3124 1793 3163 me

136 3199 533 3275 commentatiuncula
548 3204 789 3261 excommunicato
805 3204 936 3274 abstinet;
991 3206 1092 3273 fateor,
1112 3204 1220 3274 quisuis
1234 3202 1412 3266 tetensteten
1430 3201 1563 3273 quadrato
1578 3200 1679 3272 lupide,
1694 3204 1793 3256 sancta

137 3292 307 3367 quianullus
320 3308 416 3351 eorum
434 3310 464 3352 se
475 3295 550 3369 inste
560 3296 715 3370 judicatum
730 3314 790 3355 esse
811 3296 934 3358 fatetur:
993 3298 1057 3368 {idei
1079 3300 1217 3352 stmectueu
1239 3297 1388 3364 consurgit,
1413 3299 1438 3349 et
1462 3294 1607 3364 cuiuslibet
1628 3296 1690 3350 uda
1711 3298 1793 3366 utque

134 3386 188 3445 scd
207 3401 266 3444 non
284 3394 326 3444 est
344 3403 424 3462 taqua
438 3390 546 3461 partitio
561 3398 591 3446 nt
604 3389 719 3463 subjecti
732 3392 771 3449 ita
793 3392 939 3450 audiantur
994 3392 1107 3446 actionis
1127 3404 1223 3444 nonno
1242 3390 1372 3444 mnsistit.
1390 3389 1515 3459 Quisquis
1525 3403 1616 3444 eorum
1629 3388 1793 3445 soliditatem

136 3487 276 3557 quatenus
298 3482 405 3555 prelati
434 3482 550 3540 ineunditi
575 3484 763 3557 praejudicium
784 3486 938 3559 patiantur,
994 3500 1047 3540 non
1063 3488 1141 3553 tenet,
1161 3484 1269 3538 etiamsi
1283 3480 1354 3552 lapis
1373 3496 1429 3537 esse
1450 3481 1584 3546 mittatur,
1600 3487 1690 3538 tamen
1712 3486 1792 3538 ectra

135 3574 213 3633 deut
230 3574 333 3633 dieitm
352 3595 360 3634 :
376 3579 435 3635 Nou
448 3579 615 3648 essejustnm
632 3579 816 3648 mediatorem,
831 3581 881 3651 qui
901 3584 939 3638 sic
994 3578 1140 3648 aedificium
1149 3577 1232 3646 jacet.

135 3675 335 3741 menaporum
348 3671 437 3741 audit
450 3676 481 3727 ut
497 3673 567 3727 uitii
580 3672 660 3728 alteri
673 3677 796 3729 reseruet.
1031 3674 1112 3737 ltens,
1128 3678 1191 3743 post
1198 3684 1296 3741 pauca,
1316 3667 1351 3726 de
1362 3666 1461 3726 iisdem
1475 3666 1596 3725 conciliis
1610 3689 1617 3727 ι
1632 3669 1712 3739 Qum,
1727 3668 1793 3725 dum

174 3760 299 3835 Quodsi
321 3762 381 3821 baec
394 3764 503 3822 nouiter
526 3780 670 3839 emergens
688 3764 814 3823 doctrina
837 3766 865 3824 in
885 3769 940 3823 Ec·
995 3766 1144 3821 uniuersali
1167 3768 1231 3819 suut
1245 3777 1371 3819 comensu
1384 3762 1546 3832 mnstttuto,
1569 3777 1597 3819 se
1621 3766 1648 3818 et
1668 3777 1722 3817 non
1743 3762 1792 3817 illu

138 3854 222 3933 clcaia
235 3856 401 3916 iructidaare
414 3858 539 3931 coeperit,
555 3859 661 3933 antiqui
681 3861 776 3916 Patres
790 3859 819 3916 in
838 3876 939 3917 vanum
995 3860 1112 3914 destruit
1132 3859 1255 3929 quisquis
1270 3858 1414 3928 presumit
1427 3860 1476 3911 aut
1489 3855 1589 3911 solome
1606 3871 1670 3927 quos
1684 3856 1791 3927 ligant,

137 3948 335 4009 laboraverunt
353 3954 437 4021 (Paul.
452 3952 569 4023 cxxvi),
592 3952 639 4025 qui
661 3952 690 4010 id
704 3952 798 4011 modis
812 3954 950 4012 omnibus¹
996 3958 1045 4009 out
1066 3954 1152 4022 lipare
1168 3966 1236 4023 quos
1250 3952 1368 4007 solvunt.
1385 3951 1512 4021 Quisquis
1535 3948 1686 4019 equatiud
1706 3951 1790 4023 sopit,

135 4042 314 4119 satagebant,
327 4044 356 4103 id
377 4045 467 4102 conati
481 4054 554 4115 suut,
570 4054 704 4118 quatenus
723 4048 751 4102 in
767 4061 824 4102 uno
837 4048 942 4106 christi
996 4047 1140 4102 anathene
1150 4049 1194 4103 sit.

137 4154 269 4213 corpora,
284 4139 359 4213 qnod
376 4147 418 4196 est
432 4138 564 4209 Ecclesia,
587 4155 638 4197 neo
653 4140 689 4196 ab
702 4138 941 4199 excellentioribus
1031 4139 1155 4196 ludunt
1167 4141 1251 4198 etiam
1274 4140 1319 4212 qui
1333 4147 1411 4196 muto
1426 4137 1522 4196 adnisu
1547 4136 1635 4194 sancti
1647 4152 1680 4194 aa
1700 4136 1793 4211 magni

136 4230 277 4291 membris
289 4233 393 4291 minora
406 4241 593 4307 pararentur,
605 4249 657 4290 nec
671 4231 800 4290 interiora
815 4235 939 4307 superio·
997 4233 1106 4290 coricilii
1127 4233 1230 4290 Nicaeni
1248 4241 1349 4291 statuta
1364 4231 1509 4290 annullare
1522 4238 1662 4305 satagunt,
1684 4231 1792 4305 specia-

136 4326 220 4387 ribns
255 4329 427 4385 resultarent.
455 4326 551 4385 Multae
578 4327 688 4384 illorum
715 4326 940 4395 constitutiones,
996 4328 1050 4384 lem
1062 4325 1096 4383 de
1111 4325 1157 4382 illo
1171 4326 1243 4384 beati
1258 4325 1538 4383 Leonissententiam
1554 4326 1642 4397 (epist.
1659 4326 1703 4397 53)
1721 4345 1727 4381 :
1743 4329 1793 4384 Leo

136 4436 232 4481 marsa
252 4436 317 4497 quta
330 4421 403 4480 inter
427 4437 479 4478 nos
500 4420 651 4479 ventilatur
664 4429 861 4495 congruentes,
889 4421 942 4479 hoa
997 4423 1133 4492 episcopus
1147 4420 1293 4477 suntantea
1306 4421 1436 4493 episcopo.
1458 4420 1517 4477 Non
1531 4422 1667 4482 trecentis,
1691 4417 1792 4491 inquit,

136 4530 214 4575 noro
243 4512 372 4591 dogmate
391 4514 561 4573 innuantur
588 4522 617 4572 et
639 4515 667 4572 in
694 4514 802 4572 irritum
829 4515 939 4573 cadunt
959 4513 1085 4576 [lelecem
1104 4520 1186 4586 atquae
1209 4518 1264 4569 octo
1288 4515 1425 4585 episeopis,
1442 4511 1640 4584 quantumlibet
1664 4513 1795 4585 copiosior·

138 4610 269 4683 Quorum
291 4608 436 4685 synodicas
462 4616 490 4666 et
510 4608 660 4666 decretales
679 4607 827 4666 sententias
849 4609 873 4665 si
897 4609 941 4666 hic
995 4613 1032 4665 sit
1053 4624 1180 4665 numemts
1193 4607 1375 4677 sacerdotum,
1398 4606 1439 4662 uel
1456 4620 1613 4676 comparare
1639 4620 1668 4662 se
1694 4606 1794 4661 audeat

139 4702 305 4775 macrianus,
329 4700 446 4761 fortasse
466 4699 610 4759 fastidium
631 4701 783 4775 legentibus
802 4703 939 4776 ingerent,
995 4704 1036 4759 uei
1055 4703 1187 4774 proteres
1198 4722 1206 4769 3
1219 4718 1277 4756 eum
1288 4705 1363 4756 tereto
1378 4700 1513 4756 diuinitus
1525 4699 1668 4771 pmueleqio
1682 4701 1793 4758 Niceena

139 4812 177 4857 eo
202 4796 278 4875 quod
304 4797 378 4857 trita
399 4804 465 4855 sunt
487 4805 515 4854 ct
533 4803 592 4852 mm
613 4810 665 4853 usu
684 4811 768 4869 quam
781 4796 942 4853 auctoritate
996 4797 1114 4867 synodus
1128 4798 1164 4851 sit
1173 4799 1339 4862 cumeorum,
1353 4799 1384 4850 ut
1397 4796 1454 4851 siue
1463 4809 1511 4864 per
1520 4795 1666 4864 mutieres
1678 4796 1734 4851 siue
1744 4809 1796 4867 per

139 4892 305 4953 manime
328 4889 554 4965 Quandoquidem
574 4897 667 4946 autem
689 4888 728 4945 illl
742 4889 788 4960 qui
806 4891 942 4947 contraria
993 4891 1086 4962 pierres
1108 4890 1283 4944 ecclesiastica
1292 4888 1583 4958 judieiaceledeentur,
1603 4889 1678 4942 omni
1686 4889 1795 4959 petitam

139 4995 302 5063 sancitam
320 5000 424 5043 screnae
441 4984 493 5041 lasci
517 4983 661 5057 caliginem
683 4981 783 5041 inferre
797 4992 942 5054 conantur,
998 4985 1157 5039 auctoritate
1176 4984 1213 5038 sit
1233 4998 1350 5037 neotum
1373 4982 1509 5053 quidquid
1532 4982 1566 5037 ob
1580 4981 1690 5037 illorum
1709 4981 1797 5050 fuerit

140 5081 331 5143 recautum
353 5079 492 5148 ducimus,
519 5085 615 5134 conam
637 5076 794 5150 ingruentes
815 5077 946 5134 nouitatis
997 5078 1182 5133 constitutione
1205 5075 1350 5132 diuersum.

141 5176 230 5251 liujus
256 5172 451 5244 obscuritates,
474 5172 614 5244 antiquam
644 5180 671 5227 et
695 5181 788 5227 notam
814 5170 946 5229 Ecclesiae
1034 5175 1101 5226 lteun
1115 5169 1148 5225 de
1160 5170 1256 5226 eadem
1271 5185 1300 5225 re
1314 5190 1320 5226 :
1336 5170 1430 5226 Sancti
1443 5173 1468 5224 et
1480 5168 1642 5225 uenerabiles
1656 5170 1752 5225 Patres
1764 5169 1795 5221 in

141 5272 288 5329 lucernam
307 5283 389 5340 super
409 5264 606 5323 candelabrum
621 5280 723 5337 ponere
748 5268 820 5331 (Luc.
839 5269 898 5337 nr),
915 5273 946 5323 nt
1000 5266 1065 5321 urbe
1079 5266 1198 5333 Nicone,
1213 5265 1342 5334 sacrilego
1355 5265 1423 5321 Ario
1436 5278 1495 5318 aum
1506 5278 1555 5317 suo
1567 5263 1707 5332 impietate
1721 5261 1797 5317 dom·

142 5362 223 5441 qnod
237 5362 277 5421 llli
299 5369 377 5421 tanto
397 5367 496 5419 conatu
522 5357 649 5416 oblivioni
672 5357 780 5416 tradere
799 5367 945 5429 conantur,
999 5364 1073 5423 nato,
1094 5374 1237 5414 mansuras
1248 5360 1377 5429 usquein
1390 5359 1469 5427 tuem
1481 5356 1577 5412 muudi
1591 5356 1659 5425 leqes
1674 5354 1796 5413 emisseu-

142 5474 203 5520 nos
220 5457 256 5516 ad
277 5455 444 5516 memoriam
464 5469 634 5522 revocemus,
649 5453 714 5511 satis
733 5454 898 5511 estimantes
911 5453 945 5512 ad
999 5457 1125 5510 sticarum
1148 5468 1276 5508 misenum
1290 5451 1475 5514 mondidemnt,
1491 5454 1516 5505 et
1531 5448 1605 5519 opud
1619 5464 1677 5515 nos,
1701 5450 1732 5503 in
1745 5453 1797 5505 toto

142 5550 336 5613 detentionem
353 5557 478 5609 nosram
491 5556 556 5606 nota
575 5546 706 5621 replicare
723 5563 806 5622 quam
826 5556 856 5604 ut
875 5564 945 5605 nova
1001 5547 1062 5604 orbe
1083 5552 1229 5616 terrarum,
1245 5549 1272 5601 in
1285 5548 1342 5602 suis
1362 5544 1595 5603 constitutionibus
1608 5545 1713 5606 uiumt,
1728 5546 1755 5598 et
1773 5556 1799 5599 ss

143 5644 335 5708 introduxisse
346 5643 497 5703 videamur.
1001 5641 1068 5713 quid
1082 5655 1196 5712 usquam
1217 5642 1296 5697 alites·
1319 5653 1400 5711 quam
1412 5639 1457 5693 illi
1478 5641 1634 5693 statuerunt
1651 5637 1799 5708 mosomi·

185 5741 282 5800 Sancti
304 5742 399 5798 Patres
420 5741 449 5797 in
473 5740 566 5797 lticaea
588 5739 761 5814 congregati,
785 5755 848 5797 cum
871 5740 948 5812 juxta
1002 5741 1058 5807 tear,
1073 5738 1129 5792 sinte
1147 5737 1315 5791 cunctatione
1329 5735 1452 5786 cassutm
1470 5746 1481 5784 .·
1498 5731 1757 5798 manaremus,
1773 5727 1800 5785 in
1883 5738 1888 5751 ·

143 5836 355 5898 institutionem
373 5833 571 5909 apostolorum,
582 5841 611 5892 et
623 5849 721 5894 eorum
733 5833 949 5909 apostolicorum
1001 5846 1073 5905 quos
1085 5832 1151 5902 tues
1164 5829 1321 5886 samiorum
1334 5824 1495 5879 moenemnt
1508 5827 1538 5891 (ι
1550 5822 1612 5882 cnr.
1623 5824 1672 5889 x),
1687 5818 1718 5877 in
1732 5835 1801 5897 quo
