3870 6164
100 108 165 167 sm
651 110 751 183 naua
769 110 937 183 QuaawS.
956 141 991 159 -
1010 112 1115 171 aeter.
1135 112 1225 171 ιιιιι.
1679 154 1683 161 -
1712 122 1765 182 tra

98 246 262 295 mortemne
271 232 473 293 fraternitatem
493 242 572 295 tuam
585 246 617 295 ut
638 236 787 296 concilium
801 238 830 295 in
851 252 912 312 par·
924 242 952 307 Α
965 235 1125 296 fraternitas
1134 238 1241 315 agenda
1253 238 1374 315 suscepit
1384 237 1440 299 boe
1451 240 1636 303 attentissime
1647 258 1767 319 perpen·

96 329 184 387 tibus
206 328 262 387 illis
282 342 432 387 conroeare
445 338 476 387 et
487 330 626 389 celebrare
644 332 765 403 studeas,
790 332 910 391 maxime
965 332 1013 391 dat
1027 342 1055 391 et
1062 334 1173 407 exsequi
1183 332 1306 405 studeat,
1316 341 1348 394 ut
1356 336 1530 410 cougregatis
1541 336 1683 409 omnibns,
1693 349 1722 398 et
1734 338 1767 399 in

94 422 224 497 quidem
237 439 301 481 cum
313 440 449 481 consensu
463 433 490 480 et
506 425 621 483 condlio
635 427 707 500 regis
725 430 908 498 Francorum,
963 436 1100 484 conventu
1115 427 1307 496 residentibus,
1327 428 1473 487 manifesta
1487 440 1516 487 et
1536 433 1694 503 personanti
1716 432 1765 493 de·

91 517 122 573 si
146 516 212 574 fleri
228 524 326 591 potest.
342 519 371 575 Si
385 528 481 576 autem
495 519 584 593 aliqua
599 521 745 578 occasione
758 521 787 579 iu
800 521 826 577 id
841 537 907 579 oon·
961 520 1137 578 nuntiatione
1151 522 1296 580 interdicat
1310 530 1351 589 ut,
1371 539 1420 596 pro
1433 524 1622 582 conservanda
1635 526 1766 601 deinceps

88 610 212 668 sentire
232 610 359 681 uoluerit,
373 613 403 667 iu
426 614 592 686 Lingouensi
607 615 726 671 Ecclesia
743 625 909 672 contentum
961 614 990 670 in
1004 615 1200 686 promovendis
1213 616 1347 689 episcopis
1359 617 1491 675 canonica
1509 626 1538 675 et
1548 619 1698 692 apostolica
1712 636 1762 678 au·

87 704 265 763 celebrandi
275 706 384 762 consilii
396 706 533 776 instituas,
550 715 631 780 atque
645 708 697 764 boc
714 708 908 766 cumconsilio
961 708 1097 778 ctoritate,
1119 709 1212 766 nullus
1227 710 1516 783 metropolitanorum,
1530 720 1578 767 aut
1592 712 1683 785 quiris
1705 713 1763 787 epi·

86 806 126 856 et
141 798 280 872 prudenti
303 798 482 872 dispositione
501 798 594 857 fratris
618 802 706 858 nostri
724 802 908 875 Lingouensis
961 818 1122 875 scoparum,
1135 802 1230 871 alicui,
1253 804 1301 877 qui
1321 819 1337 861 a
1353 803 1424 862 laica
1446 820 1565 876 persona
1580 805 1687 863 donum
1704 807 1762 879 epi·

81 892 227 966 episcopt
241 891 336 961 iacias,
352 893 442 951 eciem
459 895 590 967 quoniam
603 895 634 951 in
651 896 782 952 omnibus
798 896 906 955 ddelem
959 905 1088 969 scopatae
1108 897 1268 969 susceperit,
1287 896 1322 954 ad
1341 898 1561 955 consecrandum
1573 898 1651 956 illum
1673 900 1762 973 impo-

82 985 267 1058 adjutorem
280 994 310 1043 et
321 996 529 1059 cooperatorem
543 1003 601 1045 uon
615 988 704 1046 solum
717 989 808 1058 nobis,
819 990 867 1048 sed
880 998 908 1047 et
961 1005 1025 1046 nere
1039 1005 1155 1046 manum
1170 991 1280 1060 audeat,
1291 990 1346 1047 uisi
1356 990 1497 1063 dignitatis
1510 1006 1568 1048 suae
1580 990 1685 1049 lrouore
1699 992 1761 1049 oid·

78 1078 134 1136 ibi
150 1083 250 1151 [sone.
263 1080 324 1137 tibi.
338 1082 452 1151 lisam]
464 1089 493 1138 et
507 1082 635 1139 omuibus
648 1081 745 1156 legatis
756 1085 858 1140 uostris
875 1100 905 1142 se
959 1082 1055 1156 cioque
1068 1099 1161 1140 carere
1174 1090 1203 1140 et
1221 1083 1280 1155 ipse
1301 1084 1374 1140 velit.
1396 1082 1529 1140 Similiter
1542 1084 1627 1140 etiam
1642 1092 1673 1140 ut
1684 1084 1760 1141 nulla

73 1170 238 1247 deinceps
250 1173 308 1231 iore
332 1175 471 1247 promisit,
486 1182 514 1231 et
525 1191 577 1232 nos
589 1175 619 1232 in
641 1190 674 1233 eo
687 1177 806 1234 multam
828 1192 905 1248 spem
959 1183 1087 1247 potestas,
1112 1184 1159 1233 aut
1176 1175 1265 1250 aliqua
1279 1191 1407 1248 persona,
1420 1175 1456 1233 de
1474 1175 1632 1249 hujusmodi
1647 1177 1762 1235 bonone

68 1264 244 1323 habemus
255 1275 284 1325 et
294 1266 436 1325 fiduciam.
447 1269 547 1326 Comes
560 1269 643 1326 edam
658 1270 796 1351 Tebaldus
809 1287 857 1343 per
870 1271 906 1329 le·
957 1268 1105 1327 donatione
1125 1269 1167 1327 vel
1189 1270 1346 1342 acceptione
1376 1268 1490 1328 ulterius
1521 1285 1551 1327 se
1576 1270 1761 1328 intromittere

61 1368 181 1433 gatos
194 1376 263 1417 suos
275 1361 404 1418 eamdem
424 1362 505 1419 uobis
517 1361 731 1433 promissionem
750 1363 823 1432 lecit,
837 1373 867 1422 ut
880 1366 905 1422 si
957 1361 1064 1419 debeat.
1089 1362 1170 1434 Quod
1184 1363 1208 1419 si
1221 1363 1438 1437 presumpserit.
1454 1362 1550 1420 cadem
1573 1363 1709 1420 sententia
1731 1371 1761 1421 et

55 1469 142 1511 rex
160 1454 271 1527 legatos
283 1462 394 1512 nostros
407 1455 904 1529 reciperenollet,ipsecumsumma
957 1456 1202 1514 animadversionis
1233 1472 1348 1514 censura
1382 1471 1467 1529 quam
1494 1455 1591 1512 beatus
1618 1455 1760 1513 Adrianus

58 1546 251 1605 devotione
264 1548 406 1621 reciperet,
423 1557 452 1605 et
465 1548 506 1605 eis
519 1564 632 1606 omnem
651 1565 735 1623 quam
751 1560 841 1623 posset
853 1568 941 1667 ιιιι-Β
957 1565 1036 1624 papo,
1052 1551 1082 1606 in
1096 1558 1192 1607 octava
1205 1551 1311 1624 synodo
1325 1555 1380 1617 (an.
1395 1555 1452 1617 aa),
1465 1549 1499 1606 de
1512 1548 1674 1621 hujusmodi
1690 1565 1759 1621 praa·

55 1640 903 1718 titudinemoelebrandisyuodum,eteoclesiasticaexqui-
956 1644 1146 1716 sumptoribus
1170 1652 1199 1700 ct
1232 1659 1317 1701 sacrae
1348 1644 1522 1701 auctoritatis
1548 1643 1758 1715 corruptoribus

55 1734 176 1793 rendi
196 1735 320 1807 negotia,
337 1735 437 1801 locum,
452 1736 602 1794 consilium
616 1738 802 1811 auxiliumque
815 1740 901 1799 daret.
957 1739 1054 1794 statuit
1076 1745 1157 1810 atque
1171 1736 1302 1808 firmavit,
1316 1752 1345 1793 se
1364 1737 1508 1793 astrictum
1517 1753 1550 1793 ac
1569 1736 1684 1808 ligatum
1698 1735 1759 1795 iore

56 1828 185 1886 Stude
198 1844 266 1901 ergo
278 1836 311 1885 ut
324 1829 468 1901 praelatum
480 1829 648 1887 confratrem
657 1842 785 1889 nostrum
799 1833 905 1909 Lingo-
955 1841 1114 1905 eognoscat.
1131 1835 1193 1905 Quo
1202 1830 1324 1904 capitulo
1334 1831 1449 1903 scripto,
1467 1837 1550 1901 atque
1563 1830 1590 1885 iu
1606 1830 1754 1901 praesentia

52 1935 214 1980 nentem
239 1922 400 1995 episcopum
414 1924 569 1993 convenias,
583 1933 612 1981 et
625 1927 767 1984 communi
787 1928 903 1985 consilio
955 1926 1083 1982 omnium
1094 1926 1177 1993 lecto,
1190 1924 1226 1982 ad
1235 1924 1468 1981 collaudationem
1480 1923 1756 1981 etcoutirmationem

55 2015 140 2072 ubi
168 2016 252 2073 vobis
265 2015 363 2073 melius
377 2016 524 2087 videbitur,
549 2017 688 2093 synodum
708 2020 858 2090 instituite,
875 2031 903 2080 ct
960 2017 1022 2091 ejus
1046 2019 1207 2076 uuiversum
1230 2027 1333 2075 coetum
1347 2018 1419 2073 illius
1432 2032 1578 2075 consessus
1592 2015 1754 2075 admoneas.

55 2109 264 2167 convocatis
281 2108 347 2168 illuc
360 2111 566 2184 archiepiscopo
581 2114 724 2183 Remensi,
739 2122 768 2171 et
792 2116 901 2173 oaeteris
955 2114 1012 2170 Eos
1027 2120 1120 2170 autem
1140 2112 1188 2186 qui
1203 2119 1266 2185 post
1286 2111 1454 2169 recensitam
1479 2127 1496 2167 a
1513 2109 1595 2168 uobis
1614 2109 1697 2181 buius
1708 2109 1755 2168 de·

58 2211 239 2277 quotquot
250 2204 339 2276 possis
349 2204 563 2278 archiepiscopis
575 2214 604 2263 et
619 2207 752 2280 episcopis
765 2210 900 2279 Francia,
954 2206 1022 2263 creti
1037 2206 1232 2264 auctoritatem
1246 2206 1440 2263 investituram
1453 2204 1626 2276 episcopatus
1640 2219 1689 2275 per
1699 2219 1756 2260 ma·

56 2298 190 2369 primo
211 2298 338 2355 omnium
361 2314 472 2355 causam
496 2315 578 2372 supra
601 2301 747 2358 memorati
774 2303 901 2361 Camera—
953 2314 1007 2355 nus
1020 2301 1193 2358 secularium
1203 2299 1385 2357 dominorum
1399 2307 1426 2355 et
1437 2306 1606 2370 potestatum
1626 2312 1754 2370 suscepe-

56 2391 187 2449 eensis
208 2391 287 2447 electi
309 2389 447 2449 discutere
463 2393 584 2462 studeas,
610 2393 736 2453 videlicet
754 2403 786 2452 ut
803 2412 904 2454 secun·
952 2401 1028 2461 runt,
1043 2402 1070 2449 et
1085 2395 1131 2466 qui
1155 2394 1193 2450 eis
1211 2393 1239 2450 in
1259 2393 1462 2450 ordinationem
1484 2407 1598 2448 manum
1612 2392 1756 2464 imponere

56 2484 163 2543 dum
188 2484 378 2557 praecriptam
392 2487 559 2543 sacramenti
577 2486 843 2547 determinationem
871 2506 902 2549 se
952 2495 1199 2559 praesumpserunt,
1215 2485 1250 2541 ad
1266 2502 1317 2543 uos
1328 2500 1412 2558 super
1424 2483 1477 2541 bac
1494 2485 1671 2541 rerationem
1690 2484 1753 2543 red·

58 2592 192 2637 euram
207 2578 491 2652 omnibusespurget3
507 2589 535 2636 et
548 2580 668 2653 iusuper,
688 2582 764 2638 neiu
779 2592 900 2641 mortem
951 2579 1059 2637 dituros
1087 2580 1181 2636 venire
1207 2578 1356 2652 apostolica
1388 2578 1551 2636 auctoritato
1577 2592 1755 2635 commoneas

60 2670 171 2729 iilius
193 2671 247 2743 qui
261 2671 390 2744 inignem
405 2673 544 2746 projectus
562 2682 605 2729 est
627 2675 807 2743 consenserit,
822 2676 849 2732 in
860 2692 903 2733 eo
950 2682 1032 2746 atque
1046 2673 1199 2746 precipias.

58 2764 159 2823 dem
175 2780 206 2822 se
230 2773 404 2822 sacramento
424 2765 562 2823 defendat.
584 2766 700 2838 Quodsi
714 2767 819 2826 factum
841 2767 901 2827 iue-
985 2769 1058 2823 Data
1073 2766 1150 2841 justa
1165 2766 1283 2833 Padum,
1299 2766 1328 2822 iu
1343 2765 1405 2822 loco
1430 2765 1476 2838 qui
1498 2764 1602 2822 dicitnr
1615 2764 1751 2833 Ficarolo,

59 2860 138 2929 rit,
170 2858 376 2933 praecedentem
411 2859 471 2933 eius
497 2860 656 2918 electionem
680 2862 900 2921 confirmandam
954 2869 1053 2935 quarto
1068 2860 1134 2918 idus
1148 2861 1225 2929 Maii,
1247 2859 1399 2917 indictione
1413 2857 1642 2933 decimaquinta.

58 2968 153 3011 esse
177 2953 328 3027 apostolica
341 2952 531 3011 moderatione
542 2953 728 3026 deceruimus,
750 2964 778 3013 et
791 2964 818 3013 te
831 2973 896 3015 cum
914 2961 937 3024 c
1202 2974 1380 3031 fflsmffl
1393 2974 1502 3030 xxm,

57 3046 235 3105 eontnne
246 3056 341 3105 nostro
353 3047 483 3105 Remensi
495 3047 700 3122 archiepiscopo
712 3048 748 3106 de
759 3052 819 3124 ejus
827 3067 895 3108 con-

56 3140 259 3210 necratione,
286 3149 368 3214 prout
387 3149 507 3213 oportet,
533 3150 654 3200 statuere
676 3143 814 3215 volumus,
844 3145 896 3202 uisi
1269 3195 1431 3239 unm

61 3231 164 3293 torte
177 3235 233 3293 alia
246 3234 301 3292 sibi
313 3250 376 3308 quae
393 3250 446 3292 uos
472 3235 633 3310 ignoramus
654 3237 822 3307 obstitenot3
834 3253 896 3312 que

57 3333 189 3387 tamen
211 3328 243 3385 in
266 3329 435 3401 presidentia
458 3338 549 3387 restra
567 3329 750 3388 examinanda
765 3331 895 3406 relinqui·
1250 3292 1449 3363 (ffl01077l

62 3434 167 3481 urus.
181 3422 254 3480 iliud
268 3438 333 3479 tero
345 3438 495 3481 commune
509 3424 613 3481 malum
627 3426 792 3496 penetotius
803 3433 894 3496 terrm,
953 3405 988 3459 Ui
1008 3403 1044 3457 αδ
1061 3404 1179 3459 Hem
1191 3406 1219 3458 ‘i
1231 3402 1373 3473 Militis>
1386 3401 1492 3472 repetes
1517 3402 1569 3457 Μ
1588 3404 1679 3456 imm
1699 3414 1748 3471 1²⁶·

67 3517 221 3575 widelicet
236 3515 312 3590 quod
325 3517 422 3574 altaria
439 3516 604 3585 venduntur,
618 3525 645 3574 et
656 3516 730 3590 quod
749 3519 801 3576 iste
811 3519 895 3575 ctiam
985 3477 1098 3617 {m
1108 3474 1633 3616 “gngzmgssffffiffisszffffffifflf
1642 3474 1754 3597 m'·
1769 3578 1772 3583 ,

69 3608 124 3666 in
137 3608 533 3668 oilleiosuiarcbidiacouotus
546 3609 685 3669 seiecisse
699 3627 755 3668 non
769 3612 894 3686 denegat,
984 3618 1146 3684 maneatur,
1175 3622 1201 3672 et
1228 3618 1307 3686 repat·
1335 3616 1524 3687 submonentes
1556 3614 1750 3679 interdicutm

71 3714 131 3759 lte
154 3702 283 3777 deinceps
293 3703 351 3773 dat,
365 3712 425 3761 tam
439 3703 515 3773 huic,
530 3721 612 3778 quam
627 3704 735 3764 ooetens
755 3706 895 3777 omnibus,
985 3690 1034 3759 qui
1046 3703 1106 3743 ¹³5⁰
1117 3690 1250 3759 imerii·
1264 3691 1293 3743 in
1303 3691 1377 3759 redsa
1391 3688 1524 3757 dietim&
1534 3688 1714 3755 mimmi-

73 3794 895 3869 interdicitolleeaeteroadmonemusdilectionemtuam‚
984 3798 1161 3856 Gatoonrus
1196 3798 1349 3872 episcopus,
1379 3813 1474 3855 servus
1502 3811 1647 3853 sertorum
1685 3795 1750 3863 Dei,

1003 3100 1047 3145 ΔΙ)
1063 3101 1256 3146 ΒΒΙΝΔΗΒΙΙΙ
1268 3101 1446 3155 nttcottntt,
1461 3101 1500 3143 BT
1512 3097 1703 3143 Biiliissliiffl

75 3890 537 3966 utreliquasmutasctnegctia
552 3893 678 3950 videlicet
691 3894 896 3951 Catalaunensis
949 3896 1118 3950 Bassiano
1143 3902 1246 3950 sanctae
1259 3896 1395 3950 Romame
1418 3891 1547 3948 Faciesiae
1571 3888 1698 3957 diacono,
1722 3895 1752 3945 et

74 3985 227 4059 episcopi,
249 3986 430 4044 Camotensis
444 3980 586 4055 Ecclesiae,
608 3987 775 4054 aniciensis,
795 3988 896 4047 Arser-
950 3987 1290 4043 Baansauobiassiliensi
1298 3986 1401 4055 abbati,
1412 3981 1751 4057 salutemetapostoiiotnt

79 4080 199 4148 nensis,
219 4095 272 4137 uec
284 4096 341 4138 non
357 4081 519 4137 monasterii
532 4081 626 4138 Sancti
640 4079 777 4154 Dionysii,
797 4089 825 4137 et
843 4080 896 4137 alia
950 4079 1181 4137 benedictionem.

80 4188 155 4245 quae
178 4174 336 4231 meessaria
353 4173 546 4231 ecclesiasticae
568 4174 695 4247 religioni
713 4173 891 4246 apparuerint
986 4172 1158 4229 Fratemitati
1183 4180 1281 4231 vestre
1303 4182 1403 4230 uotum
1426 4187 1486 4229 esse
1508 4186 1565 4229 non
1584 4170 1750 4245 ambigimus

85 4280 143 4339 {tro
155 4267 309 4325 commissa
323 4267 374 4324 tibi
388 4267 447 4324 vice
460 4275 568 4335 nostra,
583 4276 719 4340 quantum
733 4270 795 4324 Deo
808 4267 891 4323 auxi·
944 4266 1006 4339 quia
1012 4266 1074 4323 ideo
1084 4268 1118 4322 ab
1127 4266 1204 4323 Urbe
1213 4266 1308 4323 conlisi
1316 4266 1351 4323 de
1373 4265 1424 4321 Dei
1436 4263 1628 4322 misericordia
1651 4272 1679 4319 et
1697 4262 1750 4320 ad-

86 4356 178 4419 liante
190 4361 326 4433 potueris,
338 4361 378 4418 ita
394 4360 540 4433 diligenter
562 4367 681 4418 tractare
703 4369 731 4417 et
745 4361 781 4418 ad
804 4361 890 4418 duem
903 4316 1047 4430 DJ'utorio
1061 4358 1133 4416 beati
1148 4360 1224 4416 Petri
1243 4359 1344 4432 egressi
1357 4374 1465 4427 sumus,
1488 4366 1520 4415 ut
1536 4357 1570 4414 ad
1586 4356 1749 4416 Teutonico·

89 4454 244 4525 perducere
263 4453 385 4523 studeas,
397 4461 534 4527 quatenus
553 4454 583 4510 in
600 4453 640 4510 eis
653 4463 748 4511 noema
762 4453 892 4526 deinceps
945 4468 1006 4509 rum
1017 4461 1118 4524 partes,
1134 4453 1314 4525 composituri
1329 4453 1404 4509 iuter
1421 4467 1469 4509 eos
1484 4451 1528 4524 (ad
1547 4451 1683 4509 bonorem
1694 4450 1748 4508 Dei

92 4548 181 4617 possit
202 4546 361 4605 sollicitudo
375 4556 403 4605 et
427 4546 507 4621 longa
521 4546 644 4620 fatigatio
659 4546 807 4609 sublevari.
834 4550 891 4604 Vo·
944 4554 972 4601 et
985 4546 1133 4603 utilitatem
1155 4554 1258 4604 sanctae
1271 4546 1411 4616 Ecclesiae)
1432 4561 1536 4618 pacem,
1552 4545 1747 4602 transiremus.

95 4640 184 4699 lumm
197 4642 286 4699 etism
307 4649 340 4697 ut
351 4640 466 4699 fratrem
489 4649 620 4699 nostrum
640 4643 790 4714 Hugonem
812 4656 892 4699 vene·
943 4640 996 4698 Sed
1009 4640 1073 4714 quia
1088 4638 1238 4697 defuerunt
1251 4640 1298 4712 qui
1312 4638 1527 4697 uosseoundum
1540 4639 1614 4712 quod
1630 4638 1746 4710 disposi-

98 4734 210 4793 rabilem
240 4736 451 4793 cluniacensem
479 4732 607 4791 abbatem
647 4742 739 4791 tecum
785 4735 891 4809 synodo
942 4743 1003 4791 turn
1017 4742 1075 4791 erat
1088 4733 1285 4803 conducerent,
1298 4733 1423 4806 impediti
1436 4732 1554 4790 adrentu
1562 4733 1634 4805 regis
1646 4732 1676 4788 iu
1690 4734 1749 4789 lta·

101 4825 225 4889 interesse
237 4846 272 4887 ex
285 4838 380 4887 noema
394 4836 471 4901 parte
485 4828 627 4886 convitare
638 4827 764 4903 rogando
780 4837 808 4885 et
819 4829 890 4885 mul·
943 4828 1017 4897 liam,
1035 4827 1065 4884 in
1087 4825 1281 4899 magobardia
1297 4827 1368 4884 inter
1390 4826 1517 4884 iuimicus
1531 4826 1684 4883 Chretianas
1701 4840 1746 4884 re·

105 4923 294 4983 ltninsmndo
303 4938 518 4997 pmeures,cum
531 4930 644 4995 propter
653 4922 706 4979 alia
716 4922 814 4991 multa,
826 4932 889 4981 tum
941 4921 1052 4995 ligionis
1071 4936 1131 4978 uon
1152 4921 1213 4978 sine
1232 4936 1334 4993 magno
1354 4921 1477 4995 periculo
1499 4920 1694 4987 remansimus,
1718 4928 1748 4977 et

107 5018 215 5075 natm
229 5026 264 5076 ut
281 5032 364 5075 causa
379 5016 564 5073 emeritensis
576 5015 705 5073 Ecclesia
718 5017 889 5088 competenti
941 5016 1042 5086 adbuc,
1064 5016 1136 5074 sicut
1157 5013 1354 5084 desideramus,
1379 5015 1449 5071 ultra
1477 5024 1586 5072 montes
1611 5011 1746 5086 proticisci

109 5110 213 5171 etrma
226 5110 541 5169 determinatiouecum
558 5110 611 5167 Dei
625 5118 653 5167 et
663 5110 738 5166 illius
748 5109 889 5182 adjutorio
941 5110 1128 5183 nequivimus.
1151 5110 1286 5181 Quocirca
1310 5124 1456 5166 monemus
1478 5125 1539 5177 vos,
1565 5115 1593 5165 et
1618 5123 1652 5165 es
1669 5114 1747 5181 parte

110 5194 491 5265 enneadecaeterida
516 5203 547 5260 in
566 5202 756 5261 misericordia
776 5204 838 5272 Dei,
860 5212 889 5262 et
940 5200 1013 5258 beati
1040 5203 1116 5260 Petri
1139 5202 1314 5276 praecipimus
1337 5211 1378 5270 ut,
1393 5201 1457 5259 iulti
1477 5202 1639 5260 auctoritate
1662 5200 1746 5275 hujus
1833 5214 1836 5219 '

109 5300 301 5358 mmmatione
325 5297 389 5355 sitm
410 5297 482 5371 eJ'us,
501 5296 576 5371 quod
600 5296 702 5353 nullius
723 5296 885 5376 deprecatio,
941 5297 1032 5352 nostri
1046 5296 1185 5369 precepti,
1200 5306 1349 5369 nostraque
1363 5297 1421 5354 rice
1435 5295 1471 5353 ab
1485 5295 1582 5353 eodem
1601 5295 1746 5369 apostolo·

109 5390 194 5451 tullius
211 5392 290 5450 istor
307 5400 357 5449 aut
368 5391 468 5465 graba,
484 5405 537 5448 nec
561 5390 653 5464 aliqua
669 5406 781 5462 prorsus
793 5406 886 5463 perso·
940 5405 1002 5446 rum
1029 5389 1150 5462 principe
1167 5390 1293 5461 accincti,
1313 5399 1462 5464 utrumque
1476 5405 1580 5464 regem,
1592 5390 1745 5447 neuneu·

10 5476 15 5551 ’,
106 5482 378 5561 adisseemtioeum
402 5485 550 5543 coemite
567 5483 738 5541 rectitudinis
749 5483 888 5541 dimovere
940 5482 1161 5559 videlicetatque
1179 5485 1371 5558 Rodulphum,
1394 5483 1595 5542 commoneatis
1608 5493 1744 5556 quatenus

104 5582 200 5649 merit.
214 5582 245 5641 st
257 5580 346 5655 igitur
356 5578 451 5637 dirim
463 5579 608 5639 elementia
623 5577 690 5635 buic
702 5586 806 5635 nostrae
830 5578 885 5638 dis·
939 5579 1014 5636 riam
1027 5579 1180 5637 nobisilluc
1194 5594 1290 5637 secure
1303 5578 1460 5637 transeundi
1471 5576 1605 5650 aperiant,
1621 5586 1652 5635 et
1666 5573 1743 5646 adju·
1830 5626 1836 5647 ,Ι

100 5674 223 5747 ιοιίῑίοιιί
242 5672 375 5735 eseam
396 5672 510 5747 dederit,
531 5674 607 5732 iuter
629 5678 729 5729 cetera
754 5687 816 5745 quar
838 5681 886 5729 tua
937 5672 1041 5731 terium
1056 5681 1137 5747 atque
1148 5672 1283 5731 ducatum
1296 5686 1345 5747 per
1356 5672 1428 5729 tates
1441 5682 1575 5745 personas
1594 5668 1744 5746 dequibus
1790 5698 1793 5703 -
