3870 6164
82 264 120 319 eo
557 204 844 315 'eaonneouma
865 286 900 301 -
917 256 1006 316 oms
1025 257 1054 315 s.
1073 253 1246 314 enecone.
1291 206 1294 211 ¹
1704 228 1740 314 oo'
1810 218 1818 225 ’

83 395 129 445 tro
140 382 291 443 Albanensi
302 389 331 440 et
341 381 492 440 lttmaono
504 379 668 439 Botmeiensi
689 380 830 457 Episcopis
852 382 888 442 de
900 386 927 452 Α
939 381 1064 452 nuribus,
1076 382 1124 457 qui
1136 397 1193 439 non
1204 388 1269 438 suut
1281 380 1511 439 excommunicati
1524 387 1553 439 et
1566 381 1678 441 obedire
1689 382 1739 440 r'o.

55 466 184 537 'eodem
199 476 311 551 negotio
326 475 458 544 sedbens,
484 475 554 533 inter
568 484 659 533 cetera
672 474 738 534 dicit
752 495 760 531 ε
776 477 820 533 Sic
840 492 889 534 ros
942 476 1062 545 luerunt,
1088 476 1206 535 salutem
1235 482 1263 533 et
1295 474 1484 549 Apostolicam
1508 473 1740 534 benedictionem.

84 574 195 646 utrique
217 571 287 644 perti
313 584 487 638 communes,
517 578 545 626 et
568 570 603 627 ab
628 570 705 628 omni
729 571 888 644 suspicionis
942 570 1078 642 Quoniam
1092 586 1126 627 ex
1154 569 1199 627 lite
1216 575 1245 626 et
1266 567 1445 638 dissensione,
1458 585 1520 644 que
1540 569 1648 629 tamdiu
1669 569 1740 629 iuter

85 682 177 733 naeso,
192 673 328 738 quamum
342 665 371 721 in
385 663 463 720 robis
475 671 527 732 est,
542 678 606 721 oum
619 663 716 721 dirinae
731 664 826 738 gratiae
839 663 888 721 ad·
941 680 991 722 ros
1004 672 1056 734 est,
1069 685 1084 713 s
1097 671 1150 723 etc.
1168 663 1237 722 Vide
1249 664 1322 719 inter
1333 663 1471 735 epasmlos,
1483 644 1573 742 i'osra.

85 760 190 835 jutorio
214 758 339 815 exbibete
360 757 507 825 immunes,
533 765 564 815 ut
580 756 695 831 justitia
720 771 841 831 semper,
860 766 888 815 et
1245 767 1365 825 cppuy
1379 769 1446 828 ΧΠ,

89 850 263 911 nullomodo
276 851 399 924 partibus
424 850 547 919 lateatis,
564 851 634 908 sicut
647 850 754 909 habetis
768 851 887 910 lormam
942 868 1121 937 promotqoto
1137 866 1303 939 depositione
1315 868 1429 922 Henrici
1441 871 1467 922 et
1485 868 1610 925 electione
1620 869 1740 941 budelli,

89 956 214 1005 nostram
237 966 244 1002 :
270 944 316 1018 qui
339 943 474 1012 videlicet,
498 953 644 1018 postquam
661 943 797 1019 judicium
820 946 888 1004 tanti
1169 941 1216 1010 pie
1225 941 1342 994 momtur
1355 939 1508 1009 despumas.

88 1040 171 1111 buius
181 1038 281 1113 negotii
295 1039 324 1095 in
337 1054 421 1096 manu
434 1041 467 1095 B.
477 1039 551 1095 Petri
560 1038 742 1097 commissum
752 1046 805 1109 est,
821 1039 887 1097 nibil
976 1046 1023 1101 95.
1038 1044 1120 1100 Anno
1143 1040 1179 1099 ab
1193 1041 1382 1100 lneamatione
1395 1041 1506 1098 Domini
1527 1049 1606 1113 1989,
1625 1043 1739 1101 Poetili-
1762 1062 1772 1081 ¹

85 1132 162 1191 aliud
175 1133 291 1190 testibus
311 1133 389 1189 vobis
404 1131 580 1201 intendimus,
595 1132 645 1189 nisi
669 1142 699 1189 ut
714 1149 763 1206 per
776 1132 888 1204 Jusuuae
941 1145 1018 1194 cature
1030 1152 1094 1193 vero
1109 1136 1218 1193 Domini
1237 1136 1362 1209 Gregorii
1389 1137 1471 1208 Papo
1498 1136 1606 1208 septimi
1619 1153 1690 1195 anno
1708 1145 1738 1197 7.
1842 1118 1845 1123 ’

85 1227 216 1286 semitam
229 1226 396 1284 incedamus.
411 1226 455 1283 Ad
468 1224 573 1283 nutum
587 1233 692 1298 partem
704 1227 887 1285 sinceritatem
941 1230 1088 1288 indictione
1101 1229 1191 1299 tertia,
1204 1228 1351 1286 celebravit
1365 1230 1424 1302 ipse
1437 1231 1509 1303 Papa
1523 1230 1664 1304 synodum
1683 1234 1749 1288 Ito:

85 1320 255 1394 apostoliea
277 1319 451 1378 discretionis
478 1319 644 1386 infleximus,
665 1320 747 1378 nullis
771 1321 887 1393 promis·
940 1338 1005 1391 mae,
1027 1323 1073 1381 ubi
1093 1321 1493 1396 intertuemntarctrtepiscopi
1508 1330 1536 1380 et
1557 1323 1680 1396 Episcopi
1693 1324 1741 1382 di-

85 1414 210 1472 tionibus
221 1423 270 1472 aut
281 1415 429 1473 terroribus
439 1413 579 1484 cemimus,
594 1430 645 1471 nec
659 1414 731 1472 aliud
743 1430 886 1488 umquam,
940 1433 1081 1475 remorum
1094 1417 1223 1480 Urbium,
1231 1433 1282 1474 nec
1295 1433 1352 1474 non
1364 1416 1515 1485 abbatum,
1525 1433 1558 1474 ac
1569 1416 1740 1476 diversorum

86 1511 144 1567 Deo
160 1517 331 1583 protegente,
346 1517 456 1566 amusos
469 1524 521 1566 nos
534 1523 594 1566 esse
605 1508 777 1568 confidimus.
940 1510 1077 1570 Ordinum
1102 1511 1271 1569 clericorum
1301 1518 1329 1568 et
1353 1511 1503 1568 Laicorum
1536 1511 1740 1569 innumerabilis

121 1609 168 1660 tta.
182 1594 270 1660 Porro
284 1602 364 1676 legati
380 1602 488 1661 Henrici
504 1602 597 1676 Regis,
610 1602 656 1676 qui
671 1604 808 1676 praedictae
820 1620 886 1678 que·
940 1605 1099 1665 multitudo.
1115 1608 1336 1679 supervenerunt
1347 1612 1439 1662 autem
1454 1613 1481 1661 et
1491 1605 1585 1678 legati
1598 1604 1739 1678 lludotpbl

86 1698 152 1755 retae
165 1712 248 1770 strper
260 1694 389 1756 eumdem
410 1697 521 1769 prolatae
536 1705 636 1769 praesto
652 1696 774 1767 fuerunt,
789 1713 885 1756 secun-
940 1700 1025 1772 Regis
1038 1707 1067 1757 et
1088 1699 1244 1772 Principum
1259 1698 1349 1770 Regni
1368 1697 1518 1766 Teutonici,
1535 1707 1563 1755 et
1581 1698 1740 1771 huiusmodi

84 1792 154 1850 dum
169 1792 244 1849 bunc
253 1800 377 1848 tenorem
385 1791 546 1864 juraverunt
559 1807 567 1846 τ
580 1813 593 1839 ι
602 1791 695 1864 Legati
708 1792 817 1849 Domini
831 1793 885 1850 mei
900 1751 926 1814 B
939 1793 1140 1866 querimoniam
1150 1792 1321 1865 protulerunt
1330 1807 1412 1865 super
1424 1792 1598 1864 tyrannidem
1610 1793 1739 1850 Henrici:

88 1886 199 1942 Henrici
212 1885 295 1959 Regis
307 1885 343 1942 ad
357 1900 407 1942 vos
420 1884 528 1942 venient
542 1884 611 1942 infra
622 1885 772 1944 terminum
785 1890 885 1945 Ascen-
941 1910 954 1937 e
971 1890 1040 1956 Nos,
1054 1903 1086 1943 ex
1102 1886 1236 1960 legatione
1248 1885 1362 1943 Domini
1374 1885 1460 1942 nostri
1474 1885 1557 1958 Regis
1567 1885 1741 1959 Rudolpbiet

86 1980 171 2036 donis
190 1979 314 2047 Domini,
334 1979 453 2051 exceptis
474 1977 599 2052 legitimis
612 1983 667 2047 (99)
681 1980 786 2046 sonnis,
806 1980 886 2038 idest
939 1981 1095 2053 Principum
1117 1981 1186 2055 ejus,
1207 1978 1403 2053 conquerimur
1424 1980 1525 2035 Decet
1541 1980 1570 2035 S.
1582 1980 1676 2047 Petro,
1694 1995 1742 2041 se-

86 2082 178 2131 morte
190 2072 233 2129 rel
245 2072 320 2145 gravi
330 2071 497 2141 infirmitate,
513 2073 553 2129 vel
565 2072 689 2145 captione
701 2073 885 2146 absquedolo,
939 2084 1057 2147 suaeque
1071 2074 1230 2132 Paternitati
1247 2081 1275 2131 et
1288 2081 1387 2130 cuncto
1402 2071 1466 2130 buic
1480 2071 1651 2130 sanctissimo
1669 2074 1742 2131 Ceu·

86 2167 132 2240 qui
153 2167 258 2239 legatos
276 2169 411 2223 Romanae
424 2165 501 2223 Sedis
524 2181 617 2223 secure
637 2165 739 2223 ducent
757 2173 784 2223 et
804 2166 886 2224 redu·
939 2169 1013 2236 cilio,
1026 2167 1100 2244 quod
1117 2167 1162 2224 itte
1183 2167 1327 2234 ilenricus,
1342 2181 1425 2239 quem
1442 2181 1493 2224 ros
1511 2167 1667 2238 apostolica
1690 2170 1757 2223 ar·'

87 2269 165 2329 cent;
183 2269 212 2317 et
223 2259 359 2317 Dominus
373 2263 430 2316 Res
442 2259 571 2317 obediens
587 2259 638 2317 illis
651 2260 705 2316 erit
716 2259 744 2316 in
756 2260 886 2319 omnibus
939 2262 1064 2320 ctoritate
1088 2260 1251 2335 deposuistis
1273 2277 1289 2318 a
1307 2262 1418 2334 Regno,
1443 2258 1471 2317 id
1496 2260 1586 2333 ipsum
1612 2262 1741 2335 Regnum

85 2354 238 2411 secuudum
256 2354 391 2426 iustitiam
412 2362 440 2410 et
456 2352 592 2428 judicium
615 2353 754 2411 illorum:
781 2362 808 2411 et
827 2353 886 2413 haec
939 2365 1034 2415 contra
1046 2364 1168 2413 restrum
1180 2354 1354 2412 interdictum
1368 2354 1510 2429 tyrannice
1524 2354 1634 2422 invasit,
1645 2354 1741 2413 omnia
1794 2416 1797 2423 ,

86 2447 178 2504 omnia
190 2446 312 2504 servabit
323 2447 425 2520 absque
438 2446 515 2512 dolo,
535 2446 587 2503 nisi
604 2456 736 2519 quantum
749 2463 784 2504 ex
797 2456 885 2505 restra
938 2452 1151 2524 circumquaque
1171 2449 1257 2515 terro,
1278 2448 1382 2523 praeda,
1409 2447 1536 2506 incendio
1561 2448 1739 2507 devastarit:

86 2542 206 2615 iussione
234 2541 406 2597 remanserit
421 2542 457 2597 Et
478 2539 532 2597 hoc
552 2540 676 2613 juramus
696 2556 730 2598 ex
748 2548 885 2614 praecepto
939 2542 1176 2617 Arcbiepiscopos,
1208 2542 1361 2615 Episcopos
1386 2540 1420 2599 de
1444 2541 1655 2615 Episcopatibus
1683 2543 1741 2601 suis

86 2635 198 2693 Domini
212 2634 300 2691 nostri
313 2634 396 2707 Regis
409 2633 641 2692 Bentleiltidem
655 2634 733 2707 legati
748 2634 886 2707 Rudolpbi
939 2636 1021 2709 impia
1037 2635 1195 2694 crudelitate
1207 2635 1319 2708 expulit,
1334 2644 1362 2692 et
1374 2651 1471 2693 eorum
1486 2635 1668 2709 Episcopatus
1680 2636 1740 2695 suis

87 2728 167 2801 Regis
176 2729 351 2801 juraverunt,
371 2726 446 2800 quod
458 2726 581 2800 sequitur
598 2746 603 2781 :
623 2726 651 2784 Si
665 2723 839 2798 colloquium
853 2743 887 2786 ex
939 2727 1092 2787 fautoribus
1111 2730 1139 2786 in
1161 2729 1283 2786 benilieia
1307 2728 1454 2786 distribuit.
1478 2730 1531 2785 Per
1555 2729 1634 2802 cujus
1654 2730 1738 2787 etiam

87 2830 223 2895 praecepto
242 2830 333 2878 vestm
346 2821 526 2878 constitutum
548 2819 630 2877 luerit
641 2820 669 2876 in
682 2820 803 2893 partibus
816 2821 886 2877 Eeu·
940 2822 1112 2896 tyrannidem
1130 2821 1181 2895 piae
1194 2820 1336 2878 momoria
1354 2825 1409 2888 (91)
1428 2821 1605 2879 weinharius
1619 2820 1735 2895 Magde·

88 2916 194 2982 tonicis,
215 2916 278 2972 loeo
299 2922 462 2987 ettempore
476 2930 492 2971 a
506 2913 584 2972 robis
598 2913 723 2979 delinito,
736 2922 801 2971 ente
819 2929 887 2986 prae·
940 2914 1082 2989 burgensis
1105 2913 1333 2987 archiepiscopus
1354 2913 1459 2969 occisus
1483 2921 1526 2971 est
1547 2930 1555 2967 ι
1576 2912 1740 2975 adalbertan

89 3011 204 3067 sentiam
221 3018 340 3066 vernam
357 3009 399 3065 rel
420 3010 588 3082 Legatorum
611 3015 776 3077 vestrorum,
791 3007 887 3064 Domi·
940 3007 1151 3066 wormatiensis
1164 3007 1315 3080 Episcopus
1340 3004 1475 3064 odbucab
1495 3022 1529 3063 eo
1542 3014 1639 3063 eontra
1663 3006 1741 3065 Sedis

88 3119 138 3159 nus
149 3111 245 3159 noster
266 3105 326 3159 Rex
342 3101 506 3175 liudolphus
520 3103 560 3159 ret
577 3102 633 3174 ipse
652 3100 752 3169 reniet,
766 3101 807 3157 vel
823 3099 885 3173 Epi·
903 3102 1106 3185 eapostolicae
1126 3109 1293 3174 preceptum
1318 3099 1346 3158 in
1364 3099 1488 3173 captione
1505 3100 1640 3158 cruciatur
1657 3105 1711 3169 (bt)
1731 3121 1739 3159 ε

89 3203 229 3267 scoposet
246 3195 339 3252 lideles
357 3210 423 3252 suos
442 3194 547 3260 mittet:
563 3203 727 3269 paratusque
747 3193 798 3250 erit
811 3193 885 3267 judi·
942 3197 1029 3253 multa
1057 3194 1201 3253 bominum
1226 3193 1310 3251 millia
1333 3193 1392 3267 ejus
1410 3192 1529 3252 factione
1551 3201 1616 3251 sunt
1636 3194 1739 3265 oecisa3

90 3291 173 3357 dum,
193 3289 268 3363 quod
287 3297 381 3347 sancta
397 3293 523 3346 Romana
542 3288 663 3345 Ecclesia
676 3287 835 3355 decreverit,
852 3286 886 3345 de
942 3290 1132 3364 quamplures
1151 3286 1281 3356 eeclesiae,
1295 3287 1392 3344 ablatis
1406 3287 1549 3360 Reliquiis,
1568 3287 1686 3345 incensa
1709 3303 1741 3344 ac

89 3399 167 3439 causa
196 3382 284 3457 Regni
308 3382 412 3450 subirc;
441 3382 570 3456 nulloque
591 3382 663 3438 malo
682 3380 790 3453 ingenio
813 3381 886 3437 Con·
942 3383 1049 3456 penitus
1070 3382 1225 3440 destructa.
1246 3378 1459 3437 innumerabilia
1486 3380 1597 3454 quidem
1619 3378 1740 3439 facinora
1832 3422 1835 3427 -

91 3486 213 3544 rentum,
228 3493 245 3533 a
263 3476 342 3533 vobis
366 3477 424 3533 sire
441 3492 456 3533 a
475 3476 572 3534 vestris
585 3474 884 3549 Legatisconstitutum
940 3485 1015 3543 sunt,
1030 3490 1091 3548 quae
1110 3475 1182 3532 idem
1197 3474 1332 3531 Henmeus
1351 3472 1378 3529 in
1394 3472 1532 3546 Principes
1544 3481 1654 3530 nostros
1679 3489 1741 3546 per·

91 3571 233 3644 impediret
253 3590 260 3625 z
275 3579 304 3626 et
317 3579 465 3643 postquam
478 3578 583 3626 eertum
596 3568 657 3625 iudo
672 3575 793 3625 vestmm
809 3568 882 3624 Nun·
941 3569 1058 3643 petrarit
1080 3586 1088 3627 ε
1104 3584 1137 3626 eo
1151 3566 1226 3640 quod
1239 3567 1291 3624 sibi
1305 3573 1401 3624 contra
1414 3565 1493 3623 Sedis
1507 3566 1669 3639 Apostolicae
1692 3567 1743 3624 de·

92 3665 160 3722 tium
174 3663 288 3732 ridebit,
315 3663 349 3720 de
375 3678 440 3736 paee
465 3662 608 3720 emtueuda
629 3662 658 3718 in
670 3665 769 3734 Regno
785 3661 885 3717 conlir·
941 3671 1048 3720 cretum
1067 3670 1097 3719 ut
1110 3661 1178 3735 Regi
1201 3658 1312 3717 obedire
1325 3659 1497 3717 noluemus:
1518 3667 1546 3716 et
1563 3658 1739 3733 colloquium,

91 3757 190 3815 manda
199 3756 331 3825 studebit,
345 3764 377 3813 ut
390 3755 487 3830 legatio
500 3764 588 3813 restra
604 3753 743 3827 pervenire
755 3753 791 3810 ad
800 3752 886 3827 Regni
941 3755 1017 3829 quod
1032 3769 1080 3811 ros
1091 3770 1141 3829 pro
1155 3753 1315 3826 inquirenda
1326 3753 1431 3826 justitia
1451 3761 1481 3809 ct
1498 3765 1562 3825 paee
1575 3766 1743 3825 componen-

91 3866 187 3925 pacem
206 3859 234 3907 et
252 3849 427 3907 concordiam
446 3850 540 3922 possit.
557 3852 625 3906 Erec
641 3847 732 3905 omnia
756 3847 885 3903 observa·
942 3850 976 3907 da
989 3848 1047 3905 fieri
1059 3847 1230 3917 decrevistis,
1242 3863 1275 3904 cs
1288 3847 1366 3920 culpa
1374 3845 1485 3903 Henrioi
1493 3853 1524 3903 et
1535 3844 1674 3903 lautorum
1681 3846 1742 3920 ejus

91 3946 203 4011 buntur,
225 3944 405 4017 inquantum
428 3958 460 3999 ex
484 3952 573 4000 restra
595 3942 701 3998 licentia
714 3940 886 4010 remanserit,
941 3943 1080 4001 remansit.
1108 3942 1283 4015 Quapropter
1304 3949 1424 3999 vestram
1449 3939 1590 3997 humiliter
1614 3939 1742 4012 implora-

91 4040 131 4095 ret
145 4054 179 4094 er
193 4037 387 4111 impedimento
403 4036 535 4110 legitimo,
549 4036 653 4093 scilicet
664 4042 754 4091 morte
764 4033 887 4107 rclgrari
942 4052 1005 4094 mus
1022 4036 1208 4104 clementiam,
1218 4043 1249 4092 ut
1258 4034 1348 4105 nobis,
1361 4034 1417 4091 imo
1427 4041 1531 4093 saumae
1544 4031 1594 4090 Dei
1608 4033 1741 4091 Ecclesia

91 4132 251 4189 infirmitate
263 4131 304 4187 rel
315 4132 451 4205 captione,
463 4129 604 4187 sinedole.
624 4151 638 4178 s
941 4131 1080 4190 decretam
1100 4129 1239 4202 sacrilegio
1257 4128 1394 4201 pervasori
1410 4127 1595 4185 Ecclesiamm
1608 4126 1742 4200 justitiam

124 4232 170 4283 94.
192 4224 318 4283 Posthaec
331 4241 426 4283 rursus
444 4224 509 4282 exiit
522 4223 641 4281 edictum
659 4222 825 4297 apostolico
838 4221 887 4279 be·
940 4223 1056 4283 faciatis.
1080 4244 1096 4277 a
1112 4224 1163 4280 His
1186 4232 1214 4279 et
1226 4223 1326 4281 talibus
1341 4221 1472 4279 excitatus
1483 4220 1534 4278 viri
1555 4220 1605 4277 Dei
1617 4219 1739 4294 spiritus,

91 4319 238 4394 nignitatis,
261 4319 336 4391 quod
354 4318 454 4376 idcirco
481 4334 514 4375 er
535 4316 683 4375 abundanti
699 4316 834 4389 ponimus,
856 4324 888 4373 ut
940 4319 1060 4375 sentiens
1078 4325 1106 4375 et
1133 4316 1279 4373 imminere
1306 4314 1379 4372 diem
1399 4329 1481 4388 quem
1503 4312 1555 4371 sibi
1582 4314 1611 4370 in
1634 4313 1739 4371 risione

92 4414 263 4470 claresceret
288 4412 454 4485 sapientibus
474 4421 501 4469 et
515 4411 715 4484 insipientibus,
736 4410 887 4484 principem
940 4415 1024 4469 Beata
1045 4411 1094 4468 Dei
1120 4410 1255 4475 Genitris,
1278 4407 1313 4466 ad
1337 4407 1533 4481 proferendam
1556 4406 1742 4465 damnationis

91 4506 174 4563 luisse
197 4507 362 4579 Gregorium
389 4514 515 4564 nostrum
542 4506 571 4562 in
592 4505 636 4562 illa
655 4503 832 4573 beatitudine,
854 4502 888 4561 de
902 4487 928 4549 Ῑ)
941 4504 1104 4562 sententiam
1121 4503 1150 4560 in
1172 4503 1300 4560 eumdem
1319 4501 1508 4574 adversarium
1523 4498 1654 4557 Ecclesia
1673 4498 1743 4557 desi-

88 4616 143 4673 qua
158 4599 295 4656 Dominrm
307 4600 373 4656 dicit
387 4617 394 4654 ι
408 4600 482 4656 Beati
494 4599 609 4671 pacifici,
628 4598 760 4672 quoniam
773 4597 823 4653 lilii
837 4597 887 4654 Dei
943 4604 1083 4673 quareret,
1107 4606 1145 4665 et,
1165 4611 1201 4671 ue
1218 4595 1289 4652 ultra
1311 4592 1445 4663 dilierret,
1463 4591 1646 4666 precipiendo
1660 4591 1742 4651 inter·
1766 4582 1769 4587 ’

89 4692 260 4747 vocabuntur
270 4692 377 4759 (uolet.
388 4708 415 4757 r,
429 4696 457 4759 9)
470 4697 535 4759 (99).
548 4714 561 4740 s
572 4690 722 4764 Gregorius
730 4689 887 4762 Episcopus,
942 4692 1103 4759 minarerat,
1127 4690 1199 4761 gravi
1214 4705 1278 4746 cum
1298 4686 1392 4746 dolore
1410 4693 1438 4743 et
1459 4687 1564 4759 gemitu
1585 4686 1739 4760 parturivit,

89 4801 187 4843 servm
209 4801 352 4842 serrorum
378 4785 441 4853 Dei,
467 4784 595 4842 omnibus
623 4783 843 4856 archiepiscopis
863 4790 892 4839 et
946 4794 974 4843 et
994 4785 1164 4842 auscultante
1177 4792 1258 4856 atque
1278 4783 1416 4856 aspirante
1429 4780 1561 4852 Concilio,
1575 4781 1687 4840 medem
1712 4781 1740 4840 iu
1817 4810 1821 4819 ·

89 4879 247 4952 Episcopis,
273 4879 301 4935 iu
326 4878 476 4935 Teutonico
496 4884 577 4951 atque
598 4878 625 4934 in
639 4878 774 4934 Saronico
796 4879 891 4950 Regno
945 4879 1005 4938 baec
1018 4879 1100 4935 rerba
1114 4878 1248 4952 prorupit.

89 4972 339 5042 commanentibus,
360 4973 464 5030 cunctis
484 4971 567 5029 etiam
581 4971 731 5045 majoribus
743 4977 825 5045 atque
840 4970 891 5029 mi·
982 4978 1028 5031 99.
1042 4977 1096 5041 (aa)
1110 4994 1123 5023 ι
1139 4973 1171 5029 Β.
1185 4974 1263 5030 Petro
1276 4969 1620 5045 Princepsltpostolorum,
1631 4976 1659 5028 et
1669 4975 1700 5027 tu
1708 4971 1742 5031 B.

129 5184 184 5251 (89)
199 5184 340 5237 innostro
354 5182 410 5237 ills.
426 5182 537 5249 excepto
548 5179 661 5234 motmcc
682 5179 723 5235 oi.
740 5179 790 5233 Est
800 5183 893 5234 autem
944 5191 1033 5250 prope
1051 5177 1164 5244 firmium
1179 5175 1311 5235 ertrow,
1321 5171 1618 5253 comportesllomooi
1632 5167 1746 5239 Poetel-

93 5256 193 5317 Sonrro,
210 5254 324 5321 Suana,
340 5252 446 5309 Sunm'o
456 5249 528 5321 apud
542 5250 679 5323 &upum
693 5248 721 5304 in
740 5248 891 5317 Glossario,
947 5251 1124 5304 coiceretur.
1137 5249 1177 5301 tta
1188 5242 1401 5301 strenesdordus
1419 5256 1446 5296 rn
1457 5240 1744 5312 Primatelttagdebur-

93 5326 191 5391 Causa,
213 5338 295 5394 quam
319 5322 381 5394 quis
402 5320 559 5448 praetendit,
581 5336 635 5392 quo
654 5318 745 5376 minus
756 5318 812 5390 juri
843 5334 892 5374 au·
946 5318 1030 5383 sensi,
1040 5310 1744 5388 juctqunulesltss.AstinnostrisinAnnalibus

90 5393 192 5451 diendo
215 5410 245 5450 se
272 5394 381 5452 sistat:
421 5391 536 5447 ecu'us
559 5392 632 5447 vocis
645 5391 771 5462 ambigua
789 5398 892 5463 etymo·
947 5391 1013 5445 bles.
1029 5387 1167 5460 Anonymi
1181 5386 1296 5443 Saxoms
1309 5386 1419 5453 dicitur,
1434 5383 1745 5456 insrsqcouulqorrbue

91 5467 174 5540 logie,
196 5466 283 5522 multa
306 5465 347 5521 vir
367 5463 412 5521 ille
431 5408 641 5531 emdidssimus,
656 5478 719 5535 quar
735 5459 808 5535 apud
828 5475 893 5516 eum
947 5461 1097 5517 bominibus
1107 5462 1220 5515 oscines.
1498 5526 1526 5541 ..
1650 5525 1657 5539 ⁹

92 5538 145 5611 legi
160 5545 284 5608 possum.
982 5538 1036 5597 (aa)
1051 5530 1227 5598 adelbertus,
1242 5535 1305 5613 post
1317 5528 1432 5611 longum
1449 5528 1581 5610 exsilium·
1592 5533 1744 5590 restitutus,

125 5612 184 5677 (99)
201 5611 283 5665 Extat
299 5606 382 5666 etiam
395 5605 468 5682 apud
482 5608 641 5664 Erunonem
659 5604 694 5663 de
705 5603 783 5663 Bello
806 5604 892 5661 Seso-
947 5602 1015 5661 obiit
1028 5616 1102 5658 anno
1127 5606 1206 5666 tttts,
1221 5598 1268 5656 dre
1285 5599 1389 5656 eruto.
1408 5601 1450 5655 lto
1465 5599 1625 5656 Bruscmus.
1641 5600 1684 5653 De
1697 5611 1741 5654 re·

89 5681 156 5739 nico
169 5688 248 5739 mmo
263 5678 461 5737 lliolleetionis
475 5676 647 5735 Preherianm
661 5692 723 5750 pag.
756 5682 818 5734 tes.
946 5673 1087 5731 stitutione
1096 5673 1147 5728 sub
1161 5669 1284 5743 sequenti
1300 5673 1369 5742 Papa
1380 5670 1450 5726 lacta
1464 5670 1534 5726 inira
1546 5669 1646 5739 apitur.
1792 5730 1795 5735 ¹

125 5756 185 5819 (91)
216 5750 417 5821 Werirrtoriae,
431 5750 486 5808 sire
524 5750 687 5817 wernerum
714 5754 763 5805 aut
793 5746 889 5811 Wecel,
983 5750 1036 5813 (99)
1056 5748 1123 5803 Haec
1137 5743 1272 5801 habentur
1286 5741 1314 5800 in
1324 5742 1398 5799 Actis
1410 5739 1522 5797 concilii
1535 5736 1665 5798 Romani.
1800 5714 1828 5804 ²1

93 5838 180 5881 rems
204 5836 278 5879 oeno
301 5826 382 5879 teto.
406 5822 489 5880 drot.
514 5822 636 5892 tuomet
651 5821 686 5877 ob
705 5820 820 5878 Emrico
840 5821 887 5877 lV.
