3870 6164
155 222 211 273 777
258 229 261 233 '

779 224 960 283 conculcat
979 229 1147 290 nutttuutt
1166 234 1186 289 l.
1755 247 1808 304 778

152 339 334 410 tisiaeientes,
354 340 454 399 divinis
471 345 646 402 sacramentis
662 345 822 418 iudicantur
838 348 953 424 indigni,
969 357 997 420 Α
1012 357 1165 427 perniciem
1179 358 1358 429 depravantes
1372 361 1410 418 ite
1424 365 1604 434 pronuntiant
1624 385 1632 423 :
1648 367 1809 441 Quicunque

148 437 358 509 quantomagis
369 436 408 492 illi
421 437 467 510 qui
482 454 538 495 non
555 439 699 511 poenitere,
712 441 761 498 sed
779 442 873 515 culpas
891 460 956 503 suas
1009 453 1178 508 recusaverit
1192 453 1307 511 missam
1322 456 1461 529 conjugati
1481 459 1640 532 presbyteri,
1662 463 1808 521 anathema

147 528 317 601 jamdudum
336 529 485 602 publicatas
503 534 676 605 pertinaciter
695 534 843 594 deiendere
855 554 957 596 conan-

151 630 210 691 tur,
233 624 321 697 quiet
339 624 476 682 obstinato
491 627 586 685 animo
610 630 770 686 resistentes
791 632 874 688 etiam
894 632 956 703 Spi-

151 717 237 774 ritum
261 726 386 774 sanctum
406 719 598 792 blasphemare
626 723 800 795 probantur?
817 724 861 781 Sic
882 725 956 781 enim

151 809 251 868 beatum
266 815 404 869 Damasus
416 827 485 885 papa
504 814 532 869 in
546 815 661 886 epistola
674 816 709 872 ad
729 825 855 873 sanctum
869 824 956 875 Aure·

149 903 221 960 lium
239 905 728 981 Carthaginensemerchiepiscopum
748 918 873 967 testatur.
887 912 955 967 Vio-

150 998 263 1065 latores,
277 999 378 1072 inquit,
397 1016 537 1059 canonum
553 1004 699 1060 voluntarii
724 1006 842 1078 graviter
862 1022 956 1063 asen-

150 1093 205 1150 ctis
225 1094 356 1150 Patribus
365 1094 535 1167 judicantur,
550 1106 578 1154 et
598 1114 615 1154 a
630 1098 734 1170 Spiritu
749 1108 857 1167 sancto,
877 1100 955 1172 cujus

151 1184 283 1243 instinctu
304 1203 337 1243 ac
353 1189 426 1245 dono
440 1189 520 1247 ditati
533 1199 608 1259 sunt,
623 1190 803 1261 damnantur,
824 1194 956 1265 quoniam

151 1281 342 1355 blasphemare
360 1284 492 1357 Spiritum
512 1295 641 1343 sanctum
660 1302 717 1343 non
741 1287 889 1360 incongrue
916 1287 954 1344 vi·

151 1375 266 1446 dentur,
279 1378 325 1450 qui
343 1379 427 1435 cham
449 1388 545 1437 contra
565 1389 675 1438 sanctos
693 1398 814 1440 canones
835 1398 892 1438 non
906 1397 954 1439 ne-

151 1472 280 1529 cessitate
302 1473 447 1545 eompulsi,
466 1474 515 1531 sed
538 1474 665 1542 libenter,
688 1484 720 1531 ut
741 1476 884 1548 praelirum
914 1484 955 1533 est

150 1564 257 1639 aliquid
279 1575 326 1623 aut
340 1576 465 1640 proterve
488 1577 584 1641 egram,
608 1578 657 1626 aut
678 1570 752 1642 ioqui
772 1577 954 1642 praesumunt,

146 1670 199 1717 aut
224 1660 313 1718 iacere
346 1663 502 1719 volentibus
533 1673 632 1736 sponte
664 1666 852 1722 consentiunt.
879 1665 955 1721 Talis

1009 543 1055 611 sit,
1071 530 1196 601 videlicet
1216 555 1248 603 ut
1274 563 1321 605 eos
1342 550 1590 609 anathematizatos
1615 570 1675 611 esse
1695 555 1809 613 demon·

1009 644 1099 692 strent
1112 639 1159 709 qui
1180 641 1340 712 apostolicis
1362 642 1495 701 institutis
1513 647 1672 704 obedientes
1691 649 1808 706 inconti-

1011 732 1136 787 nentium
1150 733 1324 790 sacerdotum
1337 737 1435 794 missas
1448 739 1567 811 recipere
1577 739 1740 798 detrectant.
1754 742 1809 800 Sed

1009 821 1129 893 frustra3
1149 841 1215 882 nam
1239 827 1402 899 praedictum
1424 840 1505 903 caput
1525 833 1588 890 illos
1608 842 1718 891 tantum
1740 852 1809 893 aua·
1874 865 1879 874 ·

1009 916 1174 974 thematizat
1191 920 1238 991 qui
1253 932 1386 994 respuunt
1396 925 1547 998 presbyteri
1560 927 1739 999 oblationem,
1752 945 1809 985 non

1009 1011 1057 1083 qui
1072 1011 1155 1068 modo
1173 1013 1266 1084 hahet,
1280 1015 1329 1072 sed
1343 1017 1389 1088 qui
1411 1018 1552 1089 quondam
1571 1019 1669 1077 habuit
1681 1039 1807 1080 uxorem.

1010 1105 1052 1161 Eo
1070 1106 1144 1162 enim
1158 1115 1293 1179 tempore,
1315 1118 1346 1164 ut
1366 1113 1496 1185 prologus
1510 1113 1677 1186 Gangrensis
1697 1116 1809 1173 concilii

1009 1205 1135 1267 testatur,
1151 1209 1229 1257 erant
1242 1202 1366 1260 haeretici
1380 1213 1529 1263 sectatores
1548 1207 1691 1279 eujusdam
1714 1211 1809 1267 Eusta-
1915 1274 1923 1283 ,

1010 1291 1070 1361 thii,
1094 1294 1142 1366 qui
1162 1294 1298 1366 legitimas
1318 1299 1430 1369 nuptias
1461 1300 1536 1372 quali
1563 1303 1680 1358 mortale
1702 1303 1809 1360 crimen

1009 1385 1245 1455 condemnabant,
1282 1400 1432 1448 asserentes
1464 1393 1571 1450 nulium
1604 1395 1634 1451 in
1674 1395 1811 1468 conjugali

1010 1479 1096 1552 gradu
1114 1481 1236 1551 positum
1257 1498 1333 1554 spem
1347 1483 1449 1541 habere
1463 1486 1536 1559 apud
1555 1489 1723 1555 Dominum;
1736 1488 1811 1546 unde

1011 1580 1039 1629 et
1045 1574 1197 1631 oblationes
1205 1575 1429 1648 presbyterorum
1442 1579 1595 1636 etiamante
1604 1580 1808 1638 ordinationem

1011 1665 1130 1740 legitime
1149 1668 1358 1741 conjugatorum
1370 1674 1506 1744 respuisse
1528 1672 1686 1740 trudtmtur,
1708 1675 1809 1746 quiippe

147 1754 226 1811 enim
254 1756 433 1828 praesumptio
448 1756 592 1814 manifeste
614 1773 701 1814 unum
725 1774 810 1832 genus
830 1768 872 1815 est
895 1759 952 1814 bla·
970 1738 993 1800 Β
1009 1760 1164 1831 legitimum
1181 1763 1340 1836 conjugium
1354 1780 1405 1836 pro
1419 1766 1529 1821 mortali
1544 1766 1661 1822 crimine
1679 1765 1810 1839 deputan-

144 1850 358 1922 sphemantium
378 1852 511 1924 Spiritum
533 1861 672 1922 sanctum,
687 1853 832 1926 quoniam,
852 1862 884 1910 ut
894 1853 954 1927 jam
1006 1861 1061 1921 tes;
1078 1854 1172 1925 quales
1186 1856 1271 1912 etiam
1288 1857 1311 1912 si
1338 1859 1400 1929 quis
1423 1857 1476 1914 hoc
1490 1867 1614 1930 tempore
1641 1869 1810 1932 perpetrasse

145 1943 326 2017 praelibatum
344 1953 396 2012 est,
411 1954 507 2002 eontra
521 1961 585 2002 eum
600 1947 665 2019 agit,
680 1947 758 2019 qu'us
771 1947 831 2002 nisu
848 1955 876 2003 et
888 1963 952 2020 gra·
1007 1944 1154 2021 detegitur,
1169 1949 1251 2005 altari
1265 1951 1424 2007 ministrare
1435 1952 1515 2024 juxta
1536 1968 1657 2009 canones
1679 1969 1734 2009 uon
1751 1969 1810 2026 per·

144 2038 185 2093 tia
207 2037 292 2094 iidem
311 2038 398 2094 sancti
417 2055 537 2096 canones
551 2049 616 2095 sunt
630 2040 707 2096 editi.
730 2043 826 2112 ltaque
844 2040 880 2096 illi
906 2056 954 2096 sa·
1007 2041 1136 2097 mittitur.
1152 2043 1253 2099 Merito
1266 2059 1332 2115 ergo
1345 2045 1618 2102 anathematizantur
1629 2045 1714 2102 iidem
1727 2046 1811 2103 haere

142 2131 288 2200 cerdotes,
303 2132 351 2204 qui
368 2140 426 2189 tam
441 2134 611 2207 gravissimis
620 2134 781 2191 criminibus
802 2143 869 2191 sunt
882 2135 953 2191 obli·
1006 2135 1054 2189 tici
1069 2133 1288 2207 dogmatizantes
1309 2147 1404 2194 eontra
1418 2137 1486 2194 illud
1509 2138 1655 2209 Apostoli:
1684 2141 1716 2196 Si
1736 2156 1810 2196 occe-

141 2225 218 2299 gaii,
235 2227 292 2282 imo
313 2227 359 2299 qui
374 2243 424 2300 pro
439 2226 543 2284 eisdem
563 2228 714 2286 secundum
730 2231 858 2286 canonica
875 2230 955 2285 insti·
1005 2231 1080 2298 peris
1098 2246 1219 2294 usonem,
1240 2247 1295 2285 non
1313 2234 1429 2300 peccasti
1449 2234 1474 2298 (i
1500 2234 1559 2290 Gor.
1582 2238 1654 2300 vu);
1670 2241 1698 2288 et
1718 2233 1807 2289 illud:

143 2327 212 2377 tuta
223 2318 282 2392 jam
294 2328 358 2375 sunt
372 2320 510 2387 damnati,
525 2321 685 2378 nullatenus
699 2321 752 2377 nisi
765 2322 793 2377 in
806 2322 955 2392 perniciem
1009 2323 1117 2393 Oportet
1126 2326 1277 2395 episcopum
1285 2328 1365 2381 enites
1373 2329 1467 2382 neoris
1477 2342 1530 2382 esse
1537 2329 1625 2381 cirum
1633 2330 1660 2394 (l
1670 2329 1740 2382 lien.
1752 2331 1809 2395 ιιι).

141 2430 231 2473 mam
254 2414 407 2471 sacrificare
429 2423 552 2487 possunt.
572 2414 654 2472 Unde
668 2424 696 2471 et
716 2415 756 2470 illi
777 2431 832 2471 non
856 2431 955 2488 parum
1008 2417 1085 2488 Saepe
1106 2419 1228 2488 positum
1256 2427 1350 2475 autem
1375 2420 1463 2476 nostri
1484 2420 1631 2490 apostolici
1654 2420 1812 2476 institutum

141 2507 325 2581 deliquenmt
340 2509 432 2579 [sorte
451 2507 664 2581 delinquerent1,
679 2508 832 2581 quicunque
844 2509 909 2581 ipsis
928 2509 956 2565 in
1008 2509 1076 2564 nulli
1096 2510 1330 2581 prohihetaudire
1347 2513 1463 2569 missam
1485 2512 1558 2570 iilius
1578 2514 1730 2586 presbyteri
1751 2513 1810 2585 qui,

147 2601 294 2674 propriam
307 2617 405 2658 necem
421 2602 575 2658 sacrificare
595 2604 788 2675 usurpantibus
800 2618 849 2675 per
859 2604 958 2660 solitas
1007 2600 1086 2673 juxta
1099 2604 1276 2675 apostolicam
1291 2606 1513 2677 pemrissionem,
1529 2614 1592 2662 ante
1614 2622 1725 2663 sacrum
1740 2606 1813 2663 ordi-

143 2696 342 2770 responsiones
354 2697 385 2754 in
404 2697 487 2754 missa
508 2699 626 2755 scienter
647 2699 790 2770 cooperari
808 2713 956 2770 praesume·
1010 2710 1074 2750 nem
1090 2711 1176 2753 unam
1193 2705 1303 2754 tantum
1320 2713 1435 2754 uxorem
1449 2697 1555 2765 hahuit,
1577 2699 1686 2770 quando
1709 2708 1736 2755 et
1750 2700 1811 2755 sine

146 2798 224 2847 rent.
248 2792 311 2848 Non
333 2791 405 2847 enim
429 2807 478 2864 pro
500 2807 585 2863 parvo
605 2791 719 2847 criurine
746 2791 905 2859 haberetur,
933 2791 955 2846 si
1010 2788 1252 2846 crimineurorem
1267 2789 1367 2846 diruere
1380 2792 1484 2863 potuit;
1504 2790 1552 2846 sed
1567 2790 1642 2848 illius
1663 2792 1813 2865 presbytcri

143 2886 214 2959 quis
232 2885 313 2942 alicui
327 2885 447 2958 seipsum
462 2886 607 2943 crudeliter
621 2886 753 2943 occidenti
774 2887 892 2943 scienter
911 2903 956 2943 co·
1011 2882 1072 2953 qui,
1096 2891 1192 2938 contra
1218 2883 1392 2954 Apostolum,
1421 2884 1450 2939 in
1476 2884 1594 2940 crimine
1622 2884 1813 2940 fornicationis

150 2988 326 3052 operaretur.
349 2980 552 3052 Sapientissime
577 2995 643 3052 crgo
667 2979 707 3036 uir
726 2980 892 3052 apostolicus
906 2996 957 3053 po·
1010 2974 1147 3047 detegitur
1165 2976 1266 3048 jacere,
1294 2992 1377 3051 quem
1396 2977 1457 3048 ipse
1484 2976 1645 3048 Apostolus,
1667 2985 1695 3032 et
1715 2977 1813 3048 reliqui

151 3073 252 3144 pulum
263 3071 426 3144 hujusmodi
436 3081 667 3145 praesumptomm
680 3072 903 3144 usurpationibus
913 3074 955 3129 in·
977 3070 1101 3161 Cseneti
1131 3073 1226 3126 Patres
1252 3085 1447 3143 successorque
1475 3086 1573 3127 corum
1595 3078 1688 3126 noster
1705 3079 1814 3142 aposto·
1906 3128 1909 3133 ,

150 3173 257 3222 teresse
271 3163 423 3237 prohibuit,
437 3181 507 3237 quas
521 3181 577 3222 non
588 3166 678 3221 solum
690 3165 848 3222 ductoribus
863 3181 961 3222 eorum
1014 3163 1081 3219 licus
1094 3178 1110 3218 a
1124 3163 1313 3220 saeratissimo
1327 3161 1418 3220 oihoio
1437 3178 1625 3236 segregavere.
1649 3163 1734 3235 igitur
1749 3163 1813 3236 qui-

154 3257 205 3317 sed
219 3266 248 3315 et
263 3258 464 3345 receptoribus,
479 3258 648 3331 perniciosae
666 3274 726 3317 esse
740 3276 798 3316 non
812 3259 959 3333 ignoravit.

152 3353 200 3409 Sic
209 3348 286 3409 enirh
296 3352 355 3426 ipse
367 3353 505 3408 Dominus
516 3355 608 3409 acore
622 3352 733 3425 ejusque
744 3354 907 3427 sequacibus
914 3369 960 3410 sa-

150 3444 296 3503 erihcandi
318 3445 442 3502 cilicium
468 3446 663 3518 usurpantibus
685 3447 803 3520 reliquos
828 3447 899 3503 lilios
917 3449 960 3503 ls-

1014 3270 1123 3327 eunque
1145 3256 1305 3328 hujusmodi
1329 3257 1551 3331 presbyterorum
1578 3256 1675 3313 missas
1697 3256 1813 3329 respuit,

1015 3349 1172 3406 nullatenus
1185 3358 1278 3406 tantm
1291 3349 1426 3423 superiori
1438 3349 1684 3406 Eustathianorum
1699 3350 1814 3407 anathe-

1014 3442 1082 3499 mati
1093 3441 1258 3514 subjacebit,
1267 3459 1331 3499 cum
1343 3442 1446 3515 optime
1456 3443 1589 3516 Apostolu
1601 3443 1754 3499 consentiat
1767 3444 1814 3517 qui
1873 3462 1891 3499 ,ιι

153 3540 208 3597 rael
223 3539 365 3597 discedere
381 3540 524 3612 precepit,
547 3555 582 3595 ne
593 3540 714 3612 peccatis
728 3555 825 3597 eorum
838 3540 957 3597 involve·
1013 3544 1041 3593 et
1061 3535 1247 3592 sacerdotibus
1265 3535 1464 3593 continentiam
1479 3536 1575 3594 indicit
1590 3546 1619 3593 et
1636 3535 1731 3593 tideles
1742 3553 1814 3609 prae-

153 3642 260 3702 rentur,
274 3633 566 3708 sicqueerudeiissima
579 3642 669 3690 morte
684 3650 749 3690 cum
763 3633 866 3691 eisdem
878 3632 959 3690 dam·
1012 3629 1210 3687 varicatoribus
1230 3645 1392 3687 sermonum
1414 3629 1474 3703 ejus
1503 3629 1646 3687 admisceri
1670 3647 1726 3687 nun
1751 3646 1814 3703 per-

153 3727 212 3784 mri
234 3734 418 3784 mererentur.
437 3730 510 3783 Nam
545 3727 597 3798 ipsi
618 3726 815 3797 heresiarches,
835 3726 961 3784 videlicet
1013 3724 1107 3780 mittit.
1135 3724 1296 3781 Notandum
1321 3732 1413 3780 autem
1439 3723 1515 3795 quod
1541 3732 1635 3782 noster
1656 3723 1814 3797 Gregorius,

155 3820 371 3890 CoreDathan,
384 3828 412 3878 et
430 3820 624 3889 Abiron,cum
632 3821 761 3879 universa
775 3836 872 3877 cortrm
886 3821 962 3877 subs.
1009 3817 1089 3892 justa
1116 3826 1273 3877 sanctorum
1301 3819 1415 3874 Petrum
1446 3825 1560 3883 statuta,
1594 3815 1669 3890 prius
1696 3817 1815 3875 inconti-

154 3915 241 3973 tantie
253 3913 354 3971 ririad
375 3912 516 3971 infernum
531 3929 563 3969 cr
579 3913 958 3987 improvisodeseendenrnt3
1012 3919 1110 3968 nentes
1144 3912 1318 3985 presbyteros
1353 3910 1444 3967 cilicio
1476 3910 1603 3983 privarit,
1637 3911 1814 3984 postmodum

153 4022 286 4082 sequaces
297 4022 363 4064 vero
384 4023 481 4064 eorum
496 4023 544 4079 per
558 4007 653 4079 ignem
674 4024 690 4063 a
711 4008 831 4064 Domino
853 4007 960 4081 penitus
1013 4006 1126 4078 populo,
1149 4021 1184 4061 ne
1208 4020 1305 4062 eorum
1334 4003 1424 4061 oihcia
1462 4005 1604 4078 reciperet,
1643 4004 1780 4061 interdixit
1806 4019 1813 4060 :

152 4102 283 4160 comburi
318 4109 479 4160 meruerunt
514 4102 604 4173 (Num.
626 4100 702 4171 xer).
722 4102 832 4157 Horum
871 4100 961 4173 itaque
1014 4100 1086 4157 unde
1110 4115 1166 4156 non
1187 4108 1245 4155 tam
1268 4098 1499 4155 incontinentium
1521 4114 1604 4170 quam
1620 4114 1669 4170 pro
1691 4096 1815 4155 inconti-

153 4196 324 4253 subitaneam
338 4206 366 4252 et
376 4195 596 4253 crudelissimam
609 4194 741 4251 ultionem
755 4194 794 4251 illi
815 4194 961 4266 diligenter
1014 4195 1106 4250 nentia
1135 4190 1329 4248 damnatorum
1354 4191 1452 4248 missas
1482 4176 1749 4264 audire'prohibuit,
1779 4207 1815 4248 ne

152 4288 307 4360 attendant,
326 4290 374 4363 qui
395 4297 490 4346 contra
506 4288 657 4361 apostolica
681 4296 818 4361 praecepta
844 4286 961 4344 interdi-
1014 4295 1043 4343 et
1069 4285 1186 4359 populus
1213 4301 1243 4341 se
1261 4284 1341 4358 juxta
1361 4284 1567 4342 Antiochenam
1592 4285 1738 4341 concilium
1763 4284 1815 4341 sub

154 4390 232 4439 aum
250 4380 304 4439 sibi
317 4380 485 4438 sacerdotale
498 4380 623 4437 cilicium
643 4379 781 4437 obstinata
804 4380 959 4436 tomeritate
1014 4378 1298 4436 excommunicatione
1331 4387 1455 4450 poneret,
1483 4376 1508 4433 si
1528 4394 1624 4434 eorum
1650 4376 1738 4434 cilicia
1768 4393 1814 4435 re-

153 4486 307 4549 umrpant3
336 4490 387 4532 nec
408 4474 495 4531 otiose
520 4483 640 4530 mortem
667 4477 746 4531 Oseee
772 4473 956 4539 considerent,
972 4467 999 4531 D
1014 4473 1104 4547 cipere
1130 4481 1319 4547 praesumcret.
1347 4474 1407 4545 lpse
1437 4479 1530 4528 autem
1559 4470 1676 4542 Spiritus
1702 4479 1813 4527 sanetus

153 4571 213 4645 qrri,
225 4586 293 4627 cum
305 4569 393 4626 Darid
407 4585 498 4627 ercam
513 4570 626 4626 Domini
640 4568 674 4626 de
683 4568 834 4626 Philistiim
848 4569 959 4625 innovo

153 4665 279 4739 plattstro
300 4663 451 4733 reduceret,
466 4679 481 4720 e
500 4662 620 4719 Domino
643 4678 787 4736 percussus
801 4662 913 4734 interiit,
926 4678 959 4719 co

153 4758 230 4831 quod
251 4772 354 4824 aream,
379 4757 442 4813 licet
463 4756 521 4829 jam
545 4772 683 4825 casuram,
705 4772 790 4813 manu
808 4764 959 4812 sustentare

153 4851 371 4925 praesumpserit.
386 4849 414 4907 Si
433 4851 508 4906 enim
521 4849 565 4906 ille
578 4849 680 4906 merito
696 4849 775 4922 periit
795 4850 840 4923 qui
856 4859 959 4909 temere

153 4943 282 5019 quidem,
300 4942 487 5016 sedbenignc,
501 4959 595 5000 aream
608 4942 718 4999 Domini
740 4951 848 4999 tantum
859 4944 959 5018 tetigit,

153 5044 263 5111 quanto
275 5037 364 5109 magis
377 5035 423 5092 ilie
437 5036 485 5108 qui
508 5045 606 5093 contra
621 5033 662 5093 ias
682 5045 709 5093 et
724 5036 772 5110 jus
792 5038 883 5110 ipsum
898 5055 959 5096 cor-

153 5146 209 5204 pus
229 5129 343 5186 Domini
364 5137 537 5188 contrectare
557 5129 663 5204 sibique
688 5130 866 5203 incorporare
888 5149 959 5204 prae·

153 5221 243 5281 sumit
260 5221 410 5295 indignus?

190 5315 276 5373 xlx.
297 5315 416 5386 Quidam
438 5323 533 5373 tamen
556 5314 623 5373 satis
645 5315 774 5390 imperite
787 5326 884 5375 nostro
897 5335 961 5391 apo·

134 5408 256 5475 ,slolim
272 5408 409 5483 objiciunt
426 5418 556 5482 quartum
577 5412 747 5483 Gangrensis
759 5411 870 5468 concilii
889 5412 961 5486 capi·

153 5507 268 5567 mlum:
282 5508 443 5580 chunque
455 5507 607 5565 discernite
619 5510 776 5583 presbytero
790 5511 835 5583 qui
845 5525 962 5567 uxorem

153 5600 256 5659 babuit
268 5598 343 5672 quod
363 5616 421 5658 nou
440 5608 569 5674 oporteat
581 5617 615 5659 eo
637 5603 808 5661 ministrante
825 5606 859 5663 de
884 5605 962 5662 ohla-

152 5694 234 5753 tionc
247 5693 398 5768 percipere,
411 5694 558 5753 anathema
569 5696 615 5752 sit.
627 5698 688 5754 Hoc
702 5699 785 5759 etiam
797 5700 961 5772 capitulum,

148 5790 233 5867 Juxta
246 5787 325 5847 Petri
335 5789 452 5861 apostoli
465 5790 683 5859 attestationem,
695 5792 724 5850 in
743 5809 824 5851 suam
833 5793 960 5866 ipsorum

304 5878 420 5936 Persou..
438 5878 569 5936 Cilhlilli.

1013 4584 1063 4640 per
1075 4567 1228 4625 Samuelem
1247 4564 1410 4640 prophetam
1423 4566 1505 4622 docet
1528 4563 1660 4638 populum
1676 4571 1707 4620 ut
1729 4580 1815 4623 cano·

1013 4661 1083 4719 nicis
1097 4661 1317 4718 institutionibus
1329 4660 1415 4716 nostri
1436 4658 1579 4732 apostolici
1594 4658 1686 4730 potius
1704 4656 1817 4715 obediat

1013 4772 1095 4830 quam
1108 4754 1270 4828 hujusmodi
1291 4762 1525 4828 praesumptorum
1539 4752 1671 4808 sacrificia
1691 4752 1718 4808 in
1741 4750 1811 4824 peri·

1011 4851 1104 4908 culum
1126 4865 1207 4906 suum
1228 4847 1353 4921 recipiat.
1369 4847 1442 4904 Dicit
1467 4846 1539 4902 enim
1556 4847 1671 4903 :Melior
1698 4851 1739 4901 est
1758 4847 1816 4927 obe·

1012 4946 1115 5000 dieutio
1136 4960 1218 5016 quom
1248 4945 1372 5007 victime,
1397 4945 1422 4998 et
1440 4942 1592 4996 auscultare
1624 4942 1713 5010 moqis
1732 4940 1814 5009 quim

1013 5039 1111 5109 offerre
1122 5039 1228 5108 adipem
1239 5039 1364 5099 arietum,
1379 5037 1506 5107 quonium
1515 5036 1738 5106 quosipeceutum
1747 5029 1815 5088 orie

1013 5134 1093 5189 laudi
1103 5138 1142 5189 est
1154 5148 1315 5204 repuquure,
1327 5135 1352 5186 et
1366 5131 1448 5201 quusi
1464 5129 1548 5185 scelus
1561 5127 1724 5183 idololatriae
1746 5126 1815 5182 nolle

1013 5230 1179 5299 acquiescere
1203 5228 1227 5298 (Ι
1241 5229 1305 5295 liep.
1331 5228 1390 5290 xv).
1415 5222 1503 5296 lgitur
1525 5222 1642 5293 populus
1657 5217 1814 5292 apostolicis

1013 5321 1144 5378 institutis
1158 5320 1289 5376 obediens
1303 5316 1522 5374 inobedientium
1536 5312 1710 5370 sacerdotum
1723 5311 1813 5369 cilicia

1015 5425 1042 5473 et
1063 5423 1235 5473 sacramenta
1259 5419 1376 5481 recusat,
1390 5426 1425 5467 ne
1449 5407 1507 5482 ipse
1528 5407 1634 5463 crimen
1654 5405 1816 5462 idololatriae

1015 5525 1064 5584 per
1075 5507 1289 5567 inobedientiam
1304 5505 1436 5562 incurrat.
1453 5503 1522 5558 item
1536 5500 1672 5557 Dominus
1680 5498 1744 5555 alibi
1757 5512 1818 5570 pro·

1014 5611 1160 5660 testatur:
1191 5599 1404 5658 Misericordiam
1434 5595 1501 5660 eolo,
1529 5598 1555 5649 ct
1578 5610 1632 5650 uon
1660 5592 1818 5661 sucrificium

1015 5698 1125 5768 (dlutth.
1137 5701 1192 5764 rx),
1208 5695 1305 5768 quihus
1317 5691 1418 5749 seilicet
1433 5688 1542 5760 placens
1557 5689 1627 5756 Deo,
1645 5691 1675 5739 ut
1690 5699 1736 5753 per
1748 5680 1819 5737 obe-

1014 5792 1149 5850 dientiam
1161 5789 1250 5862 potius
1263 5785 1364 5843 animae
1377 5798 1434 5840 suae
1447 5778 1613 5838 misereatur
1627 5778 1719 5844 (Ereti.
1731 5773 1822 5851 xxxi,
1887 5770 1904 5799 ¹

1609 5870 1650 5926 ‘ts
