3870 6164
133 110 186 165 111
257 70 282 155 ᾗ

134 231 526 291 reclamationamanilaatant.
540 236 932 309 deserantquoquepradium
948 249 974 310 Α

71 388 75 393 ,
135 327 345 400 Campaniacum
355 326 476 396 nornine,
487 336 515 383 te
525 329 720 393 consentiente,
733 330 934 401 apraedonibus

135 420 190 477 tuis
205 421 306 492 injuste
320 420 464 477 devastari.
482 421 593 478 Addunt
606 423 716 494 iusuper
729 439 759 481 se
774 441 806 479 31
822 426 935 496 antiqua

135 515 336 572 consuetudine
353 532 417 572 cum
431 518 534 574 sanctis
549 518 668 588 reliquiis
683 527 711 574 et
724 519 800 590 plebe
814 536 863 577 sua
877 537 935 577 ma·

135 608 233 664 tricem
253 609 394 665 ecelesiam
410 609 438 665 in
451 611 639 681 rogationibus
653 610 764 679 adiisse,
786 594 934 670 3133333·

136 702 205 757 31313
217 702 700 761 13133113331313311313311113133333
712 717 802 777 portas
814 709 936 765 ecclesiae

136 807 162 852 et
178 798 322 855 introitum
346 809 476 870 negatum
492 799 586 856 131333.
601 803 670 874 Quae
690 801 712 857 si
728 801 846 859 11313313
860 813 934 871 3331,

476 108 506 163 3.
527 110 688 167 eamean
707 110 751 166 111
770 114 1025 172 3113333333
1044 82 1130 173 rans
1150 116 1170 172 1.
1189 104 1445 173 -333131333

1735 121 1790 191 313

1238 228 1413 299 33131311
1432 243 1548 299 cxxv.

1043 367 1083 409 13
1099 366 1274 410 3111113133
1290 366 1626 411 1133111113333311
1645 358 1733 422 (1511).

1288 460 1379 522 (duno
1402 461 1492 523 1011.)

988 562 1076 616 Monet
1091 563 1122 612 ut
1141 536 1242 613 demna
1257 560 1409 615 beluacensi
1426 560 1538 614 ecclesie
1549 560 1631 613 illata
1642 559 1790 625 resarciat,

1024 636 1121 685 3131133
1138 635 1314 685 331333333133
1325 633 1445 685 imitetur
1455 633 1484 685 in
1498 630 1677 697 defendendis
1693 633 1791 684 31331-

1021 703 1176 773 plificundis
1187 703 1314 757 ecclesiis.

1025 814 1207 870 Guuooarus
1237 815 1393 883 episeopus,
1425 828 1519 869 331133
1551 826 1696 868 servorum
1726 811 1790 867 Dei.

135 894 283 964 apostolica
298 894 462 950 auctoritate
475 894 524 949 tibi
545 896 716 967 praecipimus
739 905 816 953 3113
837 914 936 968 reprae·
990 910 1134 962 emerere
1157 906 1213 979 regi
1227 907 1397 962 Francorum
1419 906 1536 962 salutern
1557 913 1585 961 31
1608 904 1791 977 apostolicam

136 994 228 1041 sentes
257 986 286 1042 in
306 987 422 1042 concilio
444 988 635 1059 episcoporum
665 991 813 1060 3131133131
839 1000 936 1048 1331133
990 1000 1215 1056 benedictionem.

138 1082 347 1153 metropolitano
368 1090 429 1151 tuo,
452 1092 495 1150 ct,
522 1083 628 1140 reddita
642 1100 726 1156 super
745 1085 789 1142 bis
809 1087 938 1143 onruibus
1025 1093 1187 1167 significasti
1205 1095 1284 1152 nobis
1304 1111 1353 1167 per
1369 1095 1473 1150 litteras
1491 1103 1521 1150 ct
1539 1095 1645 1167 legatos
1663 1101 1742 1162 tuos,
1765 1102 1792 1150 13

137 1174 258 1244 ratione,
284 1189 316 1230 ac
339 1190 407 1247 pura
430 1176 541 1232 veritate
565 1176 699 1247 discussa,
717 1179 851 1251 3331111331
875 1178 938 1236 iude
989 1188 1070 1244 beato
1084 1189 1361 1260 Petroapostolorum
1375 1187 1493 1260 principi
1508 1187 1605 1243 devote
1620 1185 1793 1244 sedecenter

136 1279 336 1340 consequenter
352 1271 478 1328 exhibere
491 1288 546 1327 non
566 1275 770 1344 praetermittas.
786 1278 898 1343 Verum,
913 1276 936 1330 si
990 1281 1057 1337 velle
1071 1280 1196 1350 obedire,
1223 1291 1251 1337 et
1267 1291 1359 1338 nostra
1375 1282 1404 1337 in
1427 1281 1469 1337 bis
1490 1296 1554 1354 quae
1570 1280 1605 1338 ad
1628 1279 1792 1337 ecclesiasti·

138 1359 198 1417 baec
212 1362 303 1435 aliqua
317 1366 462 1421 occasione
480 1367 617 1440 renueris,
630 1376 678 1422 331
696 1377 723 1423 13
742 1368 841 1440 11133313
865 1384 935 1440 3131-
991 1390 1064 1430 3313
1085 1374 1246 1446 religionem
1284 1377 1420 1447 pcrtinent
1458 1374 1561 1430 monita
1602 1374 1794 1431 desideranter

138 1458 243 1529 gravari
254 1461 428 1531 cognoveris,
438 1461 465 1515 in
480 1460 625 1518 festivitate
637 1463 764 1519 oninium
778 1472 938 1519 sauctorum
991 1468 1086 1525 audire
1101 1476 1183 1541 atque
1196 1469 1335 1540 perlicere.
1352 1471 1432 1541 Quod
1450 1469 1473 1524 si
1491 1469 1528 1524 ita
1542 1466 1618 1524 cordi
1633 1475 1684 1523 tun
1698 1467 1793 1524 divino

138 1565 202 1607 cum
217 1552 321 1624 aliquot
336 1554 445 1611 clericis
457 1557 545 1613 sancti
561 1558 659 1613 Hilarii
674 1557 708 1613 ad
721 1574 774 1614 nos
789 1559 890 1625 venias,
906 1565 939 1614 ut
992 1562 1120 1618 instinctu
1132 1560 1247 1618 affixum
1261 1572 1313 1631 est,
1326 1565 1443 1619 multum
1454 1561 1571 1635 gaudere
1586 1577 1638 1618 nos
1649 1561 1793 1628 convenit,

139 1644 166 1700 iu
188 1648 333 1718 praesentia
354 1659 447 1706 nostra
469 1651 653 1707 controversia
680 1661 769 1708 restra
796 1652 940 1725 diligenter
954 1611 978 1674 B
993 1656 1067 1727 quod
1085 1656 1234 1712 eminentia
1247 1664 1293 1712 133
1311 1656 1346 1713 ad
1363 1656 1482 1712 divinam
1503 1672 1585 1726 prona
1600 1654 1793 1721 reverentiam,

139 1741 288 1814 perquisita
298 1743 438 1814 etcoguita
447 1744 598 1817 legitimum
608 1745 770 1811 finern‚Deo
778 1746 937 1818 adjuvaute,
993 1765 1056 1820 13313
1076 1749 1156 1821 regiae
1177 1749 1418 1805 administrationis
1437 1758 1502 1806 suut
1521 1749 1623 1821 cogitat
1643 1757 1727 1819 atque
1748 1764 1794 1804 co·

139 1835 281 1905 suscipiat;
295 1844 322 1890 et
338 1844 395 1892 tam
409 1837 565 1894 sollicitudo
580 1848 684 1906 nostra,
702 1855 766 1911 quar
785 1841 878 1896 multis
896 1841 938 1896 in·
993 1844 1108 1909 gunscit.
1124 1842 1206 1901 Unde
1218 1844 1388 1899 nobilitatem
1401 1852 1476 1900 tuam
1489 1859 1520 1900 ex
1537 1851 1614 1915 parte
1627 1842 1699 1898 beati
1720 1842 1795 1899 Petri

140 1929 244 2000 vigilat,
269 1945 353 2000 quam
369 1938 457 1986 vestra
479 1931 511 1987 lis
531 1931 661 2003 deinceps
682 1948 765 2004 super
785 1932 829 1989 his
850 1933 940 1990 causis
993 1934 1190 2003 admonemus,
1214 1945 1241 1993 at
1262 1936 1337 1992 omni
1365 1937 1502 1993 charitatis
1529 1934 1630 1992 aflectu
1663 1952 1795 2009 rogamus

138 2021 366 2092 sopitaquiescat.

176 2117 245 2171 Data
259 2119 357 2173 Romae
370 2117 492 2174 secundo
506 2117 573 2174 idus
587 2119 700 2190 Aprilis,
716 2119 773 2176 ind.
791 2135 851 2177 1111.

374 2258 553 2315 aristone
571 2260 702 2316 LXXIV.

398 2391 439 2430 13
451 2390 672 2433 carracenses.

436 2490 526 2563 (Anno
547 2496 638 2557 1074.)

140 2610 265 2666 ,lbsolrit
279 2627 320 2667 eos
339 2613 375 2667 cb
394 2615 668 2667 excommunicatione
686 2614 812 2683 precibus
826 2616 944 2684 13133331·

176 2697 254 2751 quem
276 2684 457 2752 offenderunt.
479 2688 572 2739 Monet
591 2690 622 2739 31
643 2685 785 2753 obediant,
810 2689 835 2740 31
854 2687 889 2739 ub
913 2701 941 2740 eo

172 2756 528 2826 ponitentiamsuseipiunl.

994 2038 1127 2100 qnatenus
1139 2033 1228 2086 Deum
1246 2030 1296 2085 tibi
1312 2031 1418 2101 placare
1432 2029 1552 2100 studeas,
1568 2038 1595 2086 et
1610 2030 1682 2085 13131
1696 2039 1795 2086 caetera

995 2138 1056 2195 quar
1076 2133 1154 2179 tuum
1180 2132 1221 2179 est
1243 2124 1388 2197 corrigere,
1416 2139 1463 2196 per
1485 2132 1512 2180 te
1534 2124 1608 2179 111313
1634 2123 1795 2179 belvacensi

996 2217 1121 2273 Ecclesia
1143 2216 1309 2273 detrimenta
1336 2233 1384 2290 pro
1402 2216 1591 2290 magnitudine
1612 2217 1652 2273 tui
1672 2216 1797 2274 nominis

995 2320 1023 2366 et
1035 2310 1146 2367 lionoris
1160 2311 1328 2384 aliquatenus
1350 2312 1496 2369 emendare
1509 2328 1565 2369 non
1587 2312 1796 2383 praetermittas.

995 2405 1143 2461 1113311313
1164 2405 1277 2461 3311313
1300 2406 1443 2462 nobiscum
1457 2414 1486 2461 et
1506 2406 1649 2480 diligenter
1670 2403 1797 2462 conside

995 2514 1055 2554 rare
1075 2500 1217 2568 volumus,
1230 2500 1269 2554 ‘in
1288 2510 1392 2571 quanta
1410 2499 1560 2557 dilectione
1588 2499 1659 2555 sedis
1680 2507 1795 2572 aposto-

996 2591 1063 2659 lieae,
1079 2601 1232 2664 quantaque
1245 2593 1330 2665 gloria
1355 2602 1382 2649 et
1405 2591 1531 2650 laudibus
1554 2592 1673 2664 semper
1698 2593 1795 2649 orbem

995 2694 1129 2741 terrarum
1144 2695 1328 2743 331333333133
1345 2687 1385 2742 1111
1402 2702 1480 2760 reges
1493 2687 1636 2743 clarissimi
1657 2694 1685 2743 31
1703 2685 1796 2745 famo·

995 2779 1095 2834 nissimi
1111 2779 1197 2835 babiti
1210 2789 1289 2848 sunt,
1309 2781 1376 2837 dum
1397 2781 1505 2837 illorum
1524 2781 1597 2852 regia
1614 2780 1744 2852 majestas
1767 2780 1795 2835 in

175 2879 350 2937 Gauaoarus
362 2882 519 2954 episeopus,
532 2896 628 2937 servus
638 2896 783 2936 servorum
796 2881 857 2944 Dei,
868 2881 941 2937 clere
996 2871 1194 2942 amplificandis
1207 2881 1234 2928 et
1251 2874 1429 2930 defendendis
1446 2874 1574 2929 Ecclesiis
1594 2875 1637 2946 pia
1652 2890 1684 2930 ac
1697 2872 1797 2930 devota

139 2982 168 3028 et
188 2975 288 3046 populo
309 2975 476 3042 Beluacensi,
499 2975 522 3029 si
544 2974 667 3045 resipuit,
691 2973 807 3028 salutem
829 2982 857 3028 et
877 2988 941 3044 ape.
959 2966 1133 3052 Cernistitit,
1155 2967 1183 3030 in
1208 2968 1324 3023 tenendo
1347 2968 1479 3040 iustitiam
1504 2968 1585 3023 libera
1611 2983 1642 3022 33
1666 2966 1797 3024 distracta

140 3066 267 3123 stelieem
280 3067 513 3123 benedictionem,
996 3060 1154 3130 permansit.
1178 3062 1329 3133 Postquam
1352 3078 1416 3117 vcro
1442 3061 1532 3118 divina
1548 3070 1575 3116 et
1594 3061 1714 3116 11331333
1733 3061 1798 3135 jura

111 3196 115 3206 .
176 3160 313 3230 Quoniam
343 3160 412 3216 mire
446 3162 473 3216 et·
507 3158 642 3215 haetenus
673 3157 795 3215 inaudita
823 3157 940 3227 lecistis,
996 3153 1178 3210 subvertendo
1197 3162 1270 3210 tanta
1285 3153 1371 3211 rirtus
1390 3157 1418 3211 iu
1435 3154 1631 3227 posterioribus
1644 3155 1729 3225 coepit
1748 3155 1797 3210 be·

140 3251 300 3308 detestanda
326 3260 353 3308 et
374 3252 558 3309 abominanda
587 3253 776 3325 perpetrastis,
807 3260 948 3324 31311331.
997 3248 1211 3315 bescere,totius
1225 3248 1409 3321 regnigloria‚
1423 3249 1514 3315 decus,
1530 3249 1660 3305 bonoret
1674 3250 1798 3320 potentia

141 3354 238 3417 gentes
251 3361 312 3417 quar
326 3347 454 3418 ignorant
466 3350 570 3414 Deum,
583 3346 722 3403 saeviendo
737 3356 764 3402 et
775 3346 942 3402 inhumanas
996 3357 1058 3397 3331
1081 3343 1216 3413 perversis
1230 3342 1354 3399 moribus
1375 3344 1523 3398 immutata
1539 3350 1615 3407 sunt,
1630 3350 1658 3397 et
1679 3341 1798 3399 nobilis·

140 3439 244 3512 linguas
254 3440 424 3507 exacuendo,
435 3440 463 3496 in
477 3444 568 3497 Deum
578 3448 606 3496 et
619 3441 645 3494 in
656 3441 806 3496 Dominum
818 3448 942 3495 vestrum
996 3436 1065 3491 sima
1084 3433 1158 3490 lama
1172 3445 1199 3491 et
1212 3444 1300 3492 313133
1325 3437 1403 3509 regni
1418 3453 1433 3492 3
1448 3437 1569 3492 33113133
1587 3452 1646 3492 suar
1664 3435 1800 3492 claritatis

142 3533 367 3604 presumpsistis,
399 3531 502 3590 idcirco
532 3542 625 3589 133313
659 3536 787 3589 11331333
821 3533 941 3589 Ecclesia

141 3624 303 3681 auctoritate
334 3628 463 3697 Patrum,
487 3627 630 3684 sanctione
656 3642 809 3695 canonum,
840 3627 869 3681 in
894 3642 943 3682 ros

137 3718 261 3791 jaculum
283 3719 466 3775 anathematis
480 3721 542 3793 jure
563 3721 708 3786 contorsit,
724 3728 751 3775 et
766 3736 815 3791 pro
838 3719 944 3775 meritis

141 3810 241 3868 talibus
255 3828 286 3868 ac
296 3813 379 3869 tantis
389 3812 547 3884 gladiumin
561 3830 609 3869 133
623 3812 690 3869 dirae
699 3811 944 3868 animadversionis

75 3912 79 3919 “
141 3904 302 3975 evaginavit.
325 3906 375 3963 Sed
397 3914 544 3978 postquam
563 3905 635 3961 lilius
655 3915 682 3961 et
695 3905 834 3961 confrater
850 3914 944 3961 noster

144 3997 310 4055 Guilielmns
323 4001 466 4070 episcopus
479 4007 576 4067 vester,
585 4007 698 4071 3313133
710 3999 810 4072 3131313
820 3997 943 4071 rogando

144 4092 285 4164 pronubis
305 4092 448 4164 epistolam
472 4108 550 4149 suam
567 4092 647 4148 nobis
666 4092 695 4148 13
712 4099 833 4163 13133313
848 4092 945 4165 synodi

143 4184 256 4253 direxit,
287 4187 436 4243 sentientes
463 4202 527 4243 cum
558 4202 621 4259 erga
646 4202 695 4243 133
726 4186 890 4242 benevolum
918 4194 946 4242 et

142 4276 306 4337 referentem
328 4297 379 4353 pro
402 4281 475 4336 malo
498 4278 618 4345 bouum,
646 4279 772 4351 precibus
795 4280 854 4348 ejus
879 4288 945 4351 31313

996 3529 1123 3584 inclinata
1145 3537 1217 3584 suut.
1232 3530 1299 3585 11313
1317 3530 1427 3601 quidem
1442 3529 1608 3586 31311313113
1626 3526 1798 3600 1133333131,

996 3631 1031 3691 31,
1052 3623 1208 3694 313331131,
1225 3624 1420 3694 333313311331
1436 3639 1562 3679 sermone
1577 3621 1626 3678 tibi
1649 3607 1796 3689 inculcare,

998 3717 1115 3787 suscepti
1135 3732 1187 3772 nos
1208 3715 1289 3771 cilicii
1303 3734 1370 3773 3313
1394 3718 1534 3788 compellit
1555 3739 1560 3772 :
1578 3716 1709 3788 quoniam
1734 3716 1800 3774 licet

998 3809 1110 3864 verbum
1134 3809 1335 3881 praedicationis
1358 3809 1524 3866 abscondere
1541 3819 1569 3866 31
1584 3810 1690 3882 uspiam
1705 3819 1799 3867 tacere

997 3919 1053 3957 333
1071 3903 1104 3958 311
1117 3904 1198 3959 nobis
1212 3913 1305 3960 tntum
1319 3912 1367 3960 aut
1380 3905 1506 3971 liborum,
1520 3912 1615 3960 tamen
1634 3912 1737 3975 quanto
1752 3903 1798 3960 di·

998 3998 1085 4067 guitas
1105 4006 1146 4052 est
1159 3997 1316 4067 3313113131
1334 4013 1449 4070 persona
1461 3998 1620 4068 sublimior,
1638 4004 1714 4054 tanto
1730 4014 1797 4070 pro-

1000 4091 1155 4160 pensionem
1170 4107 1267 4145 curam
1282 4100 1312 4146 31
1324 4092 1473 4147 clamorem
1488 4109 1537 4162 pro
1550 4093 1609 4164 ejus
1628 4091 1798 4148 rectitudine

998 4198 1049 4237 nos
1071 4183 1169 4238 babere
1190 4185 1328 4248 convenit,
1347 4185 1512 4240 admonente
1535 4203 1587 4240 uus
1611 4187 1729 4241 Domino
1749 4203 1799 4258 per

1001 4275 1161 4346 proplietam
1181 4275 1315 4332 dicentem
1332 4297 1338 4332 :
1355 4278 1462 4342 Clamo,
1480 4296 1513 4334 33
1533 4295 1624 4348 cesses,
1639 4282 1718 4349 quasi
1730 4280 1798 4336 tuba

139 4373 217 4429 solita
229 4375 328 4446 pietate
346 4373 606 4442 condescendimus;
628 4382 667 4441 et,
687 4388 736 4444 per
750 4373 945 4428 auctoritatem
960 4368 985 4430 [l
999 4368 1093 4424 333113
1107 4386 1190 4425 rocem
1200 4375 1277 4425 tuam
1290 4372 1352 4443 (isc.
1367 4376 1474 4442 nr111);
1490 4373 1627 4444 praecipue
1637 4388 1701 4428 3331
1711 4373 1799 4429 111133

141 4466 211 4521 113311
231 4468 303 4522 Petri
322 4469 512 4539 apostolorum
536 4466 666 4540 principis
688 4481 739 4522 vos
752 4466 938 4531 absolventes,

142 4559 273 4615 indultam
294 4561 498 4616 absolutionem
523 4560 653 4616 continuo
671 4558 747 4615 vobis
769 4576 817 4632 331
837 4559 941 4615 litteras

140 4661 248 4708 nostras
267 4652 419 4724 siguificare
437 4654 644 4710 destinavimus.
669 4653 774 4710 Eadem
791 4653 873 4726 igitur
893 4670 941 4709 au·

140 4746 266 4803 ctoritate
279 4745 423 4802 beatorum
446 4747 633 4816 apostolorum
654 4747 725 4803 Petri
745 4755 774 4803 31
799 4747 889 4813 Ρ3311,
914 4754 941 4801 31

142 4849 310 4905 austrasios
326 4855 470 4895 monemus
484 4847 620 4911 quatenus
642 4839 757 4911 33311133
771 4839 822 4895 sibi
838 4839 940 4895 subditi

142 4941 171 4989 et
198 4914 368 5002 obedientes,
397 4933 466 4988 sicut
494 4941 584 4988 vestro
609 4933 754 5005 episcopo,
784 4940 812 4987 31
839 4941 941 4987 sauctae

142 5028 276 5082 Romanae
291 5026 420 5082 Ecclesiae
437 5024 503 5092 filio,
525 5025 583 5081 sitis
601 5043 608 5081 :
624 5034 651 5081 31
662 5024 697 5081 dc
716 5033 791 5080 13313
806 5034 941 5096 perpetra-

142 5121 229 5181 tione,
246 5120 268 5174 si
288 5119 480 5191 poenitentiam
499 5118 589 5175 adbuc
602 5135 657 5173 nou
681 5117 795 5185 lecistis,
816 5117 941 5190 ejusdem

143 5213 262 5285 episcopi
277 5213 357 5268 rostri
374 5211 474 5267 salubri
488 5212 601 5268 cornilio
614 5212 672 5268 siue
686 5227 763 5267 31313
776 5211 940 5284 suscipiatis,

143 5314 279 5381 quatenus
298 5306 411 5378 spiritus
432 5315 520 5361 133131
541 5305 631 5361 salvus
649 5306 685 5361 311
704 5306 731 5360 111
753 5306 798 5361 die
816 5307 939 5363 Domini.

180 5401 247 5455 Data
280 5402 380 5456 Roma
404 5397 498 5455 Idibus
521 5399 638 5471 Aprilis,
661 5399 810 5456 indictione
833 5400 941 5458 duode-

84 5505 88 5512 ·
141 5508 222 5550 orma.

996 4462 1214 4520 Christianorum
1236 4465 1390 4537 principum
1416 4467 1443 4521 in
1463 4466 1585 4538 ejusdem
1608 4468 1681 4538 regis
1701 4468 1800 4523 castris

996 4557 1030 4612 311
1042 4557 1196 4614 custodiam
1206 4559 1366 4615 Christianae
1378 4559 1479 4616 31111113·
1494 4560 1639 4616 1131133331
1650 4561 1801 4617 333133113

997 4651 1102 4707 debeat.
1125 4655 1166 4708 Ut
1193 4652 1275 4724 igitur
1293 4670 1389 4708 eorum
1410 4669 1528 4724 quorum
1554 4669 1583 4709 es
1601 4668 1745 4709 successor
1770 4654 1797 4710 in

996 4760 1079 4816 regno
1097 4744 1247 4801 nobilitatis
1262 4755 1288 4801 31
1307 4747 1401 4818 gloriar
1414 4745 1486 4817 apud
1505 4751 1596 4802 Deum
1621 4755 1648 4802 et
1667 4746 1797 4803 1131111333

995 4838 1138 4911 singularis
1152 4847 1180 4894 et
1190 4837 1346 4895 individuus
1360 4839 1447 4894 barres
1463 4841 1570 4908 existas,
1594 4840 1727 4896 virtutem
1737 4840 1799 4897 illo·

995 4948 1058 4987 rum
1079 4949 1255 5005 sumnroperc
1274 4941 1301 4987 te
1319 4932 1431 5000 imitari,
1454 4942 1491 5000 et,
1505 4932 1642 5005 justitiam
1657 4933 1706 4989 Dei
1730 4934 1799 4990 totis

996 5025 1096 5082 uiribus
1111 5026 1292 5097 exsequendo,
1308 5026 1433 5081 ecelesias
1446 5037 1579 5099 1311331313
1596 5035 1674 5098 33133
1693 5036 1801 5084 restau-

996 5136 1056 5175 rare
1069 5129 1097 5176 et
1105 5119 1252 5177 defendere
1261 5118 1439 5175 exhortamur
1453 5140 1458 5175 :
1473 5129 1609 5192 quatenus
1622 5121 1801 5191 omnipotens

996 5218 1071 5270 Deus
1084 5214 1192 5269 dextera
1203 5213 1312 5268 virtutis
1333 5229 1400 5280 333,
1414 5223 1441 5270 31
1459 5214 1503 5270 1113
1517 5214 1593 5286 regni
1606 5216 1644 5269 tui
1664 5214 1801 5286 guberna-

996 5307 1055 5363 cula
1079 5314 1203 5378 protegat
1223 5316 1251 5362 et
1271 5307 1386 5375 exaltet,
1414 5316 1442 5363 et
1463 5323 1595 5363 coronam
1622 5309 1801 5379 sempiternae

996 5400 1090 5473 gloriar
1104 5401 1131 5455 in
1146 5398 1237 5456 lutura
1250 5402 1476 5457 remuneratione
1490 5402 1583 5457 donet.

1032 5497 1100 5549 Data
1117 5497 1213 5549 1133113
1225 5493 1317 5551 ldibus
1334 5495 1444 5566 Aprilis,
1458 5495 1608 5551 indictione
1622 5509 1679 5551 1111.

175 5676 249 5739 (153)
264 5676 306 5730 De
322 5673 450 5745 Philippo
469 5677 481 5729 1
499 5688 563 5745 rege
582 5674 752 5730 Francorum
766 5674 942 5732 continuator
955 5672 1078 5730 Aimouii
1094 5673 1112 5730 l.
1129 5691 1156 5743 r,
1178 5678 1221 5732 De
1234 5675 1317 5747 gestis
1332 5677 1513 5741 Francorum,
1532 5674 1669 5746 33311318
1686 5683 1715 5730 ct
1728 5682 1776 5731 50.
