3870 6164
64 248 132 327 eles

519 275 661 329 sethur).
684 277 726 329 lll.
745 303 782 314 -
798 274 1008 330 hohbttssn'ta
1026 275 1255 344 GREGOthNh.

1641 279 1719 333 llud*

62 407 145 469 atque
153 397 285 468 promitto
292 396 354 461 tihi,
364 399 396 451 N.
407 404 434 452 et
440 411 488 466 per
496 406 522 451 tc
530 399 556 452 S.
569 401 660 465 Petro,
670 398 858 469 apostolorum
874 407 900 466 Α
914 399 1077 472 deponatur,
1087 417 1144 456 non
1156 410 1249 456 antem
1259 402 1520 458 excommunicetur.
1536 429 1549 451 ιι
1560 407 1624 461 Non
1636 407 1709 463 enim

63 489 187 561 principi,
208 496 291 561 atque
310 489 368 560 eJ'us
392 488 501 556 vicario,
526 489 683 546 beatissimo
707 492 857 563 Gregorio,

61 585 102 640 vel
125 582 330 639 successoribus
352 582 421 654 ejus,
449 598 493 637 me
511 599 651 654 nunquam
674 584 860 656 quorumlibet

62 673 245 740 suasionibus,
260 674 301 729 vel
315 689 478 745 quocunque
499 674 551 729 alio
574 673 709 730 modoad
724 673 858 742 schisma,

62 768 97 824 dc
106 784 161 840 quo
170 765 363 839 Redemptoris
373 766 458 838 gratia
468 765 598 823 liberatus
610 783 672 822 sum
683 769 758 835 [edil.
770 771 857 831 Rern„

63 861 136 918 Red.
151 860 239 917 nostri
254 859 442 915 misericordia
454 859 585 915 liberante
596 868 704 931 ereptus
719 860 807 933 euml,
820 877 859 915 re-

63 971 206 1010 versurum
216 977 223 1020 ;
235 952 284 1009 sed
296 969 403 1025 semper
416 969 461 1009 me
475 953 503 1007 in
518 954 620 1009 unitate
634 963 735 1009 sanctae
749 955 860 1009 Ecccle-

63 1049 111 1105 siae
124 1048 266 1104 catholicae
280 1055 307 1102 et
321 1047 514 1102 communione
524 1046 645 1103 llomani
658 1046 797 1118 pontilicis
813 1062 860 1117 per

62 1142 156 1199 omnia
169 1156 336 1213 permanere.
353 1141 437 1196 Unde
448 1140 544 1212 jurans
558 1139 620 1195 dico
636 1157 685 1212 per
700 1143 786 1195 Deum
802 1156 860 1195 om-

62 1236 245 1307 nipotentem,
259 1242 286 1289 et
304 1249 352 1305 per
366 1233 424 1288 haec
445 1241 537 1288 sancta
561 1241 681 1304 quatuor
698 1233 859 1304 Evangelia,

63 1344 126 1400 quae
138 1328 164 1383 in
174 1328 243 1383 meis
255 1327 381 1382 manibus
395 1335 485 1393 teneo,
496 1342 540 1389 me
552 1326 581 1380 in
591 1326 706 1393 unitate,
715 1327 785 1382 sicut
795 1326 860 1391 diri,

64 1422 211 1487 Ecclesioe3
233 1421 267 1476 ad
283 1437 377 1493 quam,
393 1423 452 1476 Deo
466 1420 596 1492 propitio,
611 1435 672 1474 sum
686 1434 822 1485 reversus,
833 1427 861 1473 et

64 1516 262 1572 communione
272 1514 390 1570 llorrrani
404 1512 540 1586 pontificis
546 1528 654 1584 semper
668 1521 696 1568 et
707 1513 765 1568 sine
777 1512 860 1568 dubio

64 1624 236 1682 permanere.
253 1607 380 1680 Quodsi,
395 1607 468 1678 quod
482 1606 568 1661 absit!
584 1606 618 1666 ab
634 1605 685 1660 hac
699 1621 743 1661 me
757 1606 861 1661 unitate

62 1702 155 1773 aliqua
176 1701 348 1757 excusatione
366 1701 407 1755 vel
430 1707 592 1772 argumento
607 1698 734 1762 divisero,
750 1698 862 1771 perjurii

915 496 989 549 Deus
1004 493 1045 548 bis
1057 493 1163 565 judicat
1177 495 1206 549 in
1220 493 1348 565 idipsum.
1370 497 1486 566 Nempe,
1498 497 1576 567 juxta
1591 501 1710 558 ecclesia·

914 585 1012 641 sticam
1027 586 1268 655 consuetudinem,
1283 587 1397 644 clericus
1419 604 1469 660 pro
1483 605 1516 645 eo
1531 590 1645 648 crimine
1658 594 1709 650 de-

913 678 979 749 poni
998 678 1111 749 juhetnr
1132 695 1180 750 pro
1204 696 1258 751 quo
1273 681 1368 747 laicus,
1390 682 1413 736 si
1432 681 1583 751 admiserit,
1598 700 1709 742 excom·

912 771 1109 838 municahitur,
1125 780 1155 827 ut
1176 773 1204 827 in
1224 774 1332 830 statutis
1347 782 1505 831 sanctorum
1520 780 1633 833 Patrum
1653 777 1709 835 fre-

914 865 1092 937 quentissime
1112 864 1278 921 decernitur.

952 957 1031 1014 Unde
1059 967 1086 1013 et
1102 958 1162 1014 laici
1183 957 1286 1031 absque
1309 960 1491 1017 ecclesiastica
1514 965 1710 1021 communione

914 1050 1003 1106 solent
1017 1052 1164 1122 poenitere,
1184 1051 1254 1107 sicut
1268 1060 1296 1107 et
1309 1052 1399 1108 clerici
1417 1054 1519 1125 absque
1536 1055 1710 1114 administra·

915 1144 990 1199 tione
1004 1143 1096 1198 oflicii.
1113 1147 1173 1200 Non
1197 1160 1261 1216 ergo
1276 1145 1379 1201 mirum
1400 1147 1423 1201 si
1442 1147 1533 1202 clerici
1553 1165 1599 1220 per
1614 1166 1711 1207 manus

916 1235 1121 1306 impositionem
1144 1237 1296 1294 remedium
1311 1238 1462 1310 poenitendi
1477 1256 1526 1311 pro
1548 1241 1712 1299 criminibus

914 1327 1065 1384 admissum
1081 1345 1148 1396 non,
1172 1339 1202 1385 ut
1217 1330 1287 1397 laici,
1310 1341 1527 1403 consequuntur,
1550 1335 1594 1404 qui
1607 1350 1712 1406 nequa-

915 1436 1008 1492 quam,
1033 1430 1063 1476 ut
1086 1422 1134 1490 illl,
1158 1438 1208 1493 pro
1233 1424 1394 1480 criminibus
1416 1427 1650 1483 excommunicari
1672 1427 1713 1499 ju·

916 1514 1024 1570 bentur.
1047 1515 1077 1570 Si
1099 1524 1194 1572 autem
1216 1517 1267 1589 ipsi
1291 1533 1377 1589 usque
1399 1517 1435 1574 ad
1451 1518 1635 1576 anathematis
1648 1536 1713 1576 sen-

915 1608 1028 1663 tentiam
1044 1608 1233 1665 inobedientes
1255 1611 1418 1679 exstiterint,
1440 1622 1670 1684 consequentem
1683 1620 1714 1667 ut

916 1717 965 1773 per
977 1716 1074 1756 manus
1085 1702 1290 1774 impositionem
1307 1711 1409 1760 sanctae
1422 1705 1644 1776 redintegrentur
1660 1709 1713 1762 Ec-

62 1803 169 1852 reatum
184 1795 334 1859 incurrens,
357 1801 467 1849 aeternae
480 1808 568 1863 poenm
582 1792 718 1863 obligatus
730 1792 862 1859 inveniar,
876 1780 901 1841 Β
915 1794 1017 1861 clesiae,
1038 1811 1102 1851 cum
1120 1795 1261 1862 redierint,
1283 1797 1353 1852 sicut
1375 1805 1402 1853 et
1424 1808 1552 1854 sanctum
1567 1799 1713 1856 Nicaenum

64 1897 169 1945 etcum
183 1896 293 1943 auctore
312 1885 466 1942 schismatis
480 1886 594 1941 habeam
605 1884 636 1939 in
648 1885 742 1940 t'uturo
763 1886 864 1941 saeculo

63 1982 233 2054 portionem.
255 1980 325 2036 Huic
340 1977 518 2035 confessionis
536 1977 781 2049 promissionisque
795 1993 864 2035 meae

64 2074 199 2131 chartula
220 2074 328 2145 propria
351 2089 435 2128 manu
457 2071 615 2143 subscripsi.
640 2073 742 2126 Actum
765 2071 792 2125 in
818 2071 865 2126 illo

64 2168 139 2234 loco,
150 2167 195 2223 die
206 2167 263 2231 illo,
274 2174 301 2220 et
311 2165 422 2222 consule
432 2165 486 2220 illo.
499 2163 668 2234 Subscriptio
678 2165 763 2232 [Edit.
775 2168 864 2227 Rern„

65 2259 233 2331 subscriptio
255 2258 380 2330 Episcopi
397 2257 479 2327 illius]
495 2279 501 2312 :
520 2260 576 2331 Ego
596 2255 667 2312 illius
690 2257 808 2313 civitatis
822 2256 866 2312 ille

65 2353 221 2426 episcopus,
254 2352 319 2407 huic
343 2351 527 2424 promissioni,
555 2350 776 2423 professionique
795 2364 866 2406 meae

66 2445 256 2523 [confessioni
273 2445 501 2517 promissionique
513 2447 604 2511 meael,
621 2444 742 2516 praestito
750 2441 786 2497 de
800 2459 866 2498 con·

25 2588 37 2604 .
63 2539 209 2597 servandis
219 2554 301 2612 upra
321 2538 429 2610 scriptis
454 2537 584 2593 omnibus
603 2543 787 2602 sacramento,
801 2535 866 2591 sub·

65 2633 175 2705 scripsi.
194 2656 207 2680 ι

101 2724 249 2783 Sciendum
265 2733 369 2790 autem,
392 2726 467 2796 iuxta
482 2724 687 2779 attestationem
703 2730 865 2778 sanctorum

65 2822 182 2877 Petrum
197 2818 344 2891 Augustini
367 2825 395 2871 et
410 2817 511 2889 Pelagii
525 2832 612 2888 papae,
629 2817 690 2871 illos
709 2814 864 2871 indubitan-

65 2920 110 2968 ter
134 2910 324 2967 schismaticos
348 2926 407 2966 esse
433 2934 444 2957 ι
467 2910 622 2982 quicunqne
643 2908 721 2964 divisi
745 2907 866 2963 suntab

66 3004 219 3078 apostolica
234 3004 308 3060 sede.
331 3003 384 3058 Sed
402 3001 467 3074 quid
486 3003 519 3058 ab
541 3001 677 3058 haereticis
692 3000 834 3067 differant,
851 3023 864 3048 ι

918 1887 1062 1943 concilium
1077 1888 1110 1944 de
1124 1889 1282 1945 Novatianis
1304 1889 1428 1946 instituit.
1443 1893 1589 1963 Nunquam
1602 1901 1712 1959 tamen,

919 1989 950 2035 nt
970 1980 1039 2046 laici,
1054 1981 1208 2037 remedium
1232 1982 1384 2052 poenitendi
1412 2000 1459 2054 per
1483 2001 1581 2040 manus
1603 1986 1716 2056 imposi-

919 2073 1023 2128 tionem
1046 2083 1256 2145 consequentur,
1279 2076 1388 2131 etiamsi
1404 2076 1512 2147 penitus
1527 2077 1629 2148 absque
1643 2078 1715 2134 ordi-

919 2181 954 2221 ne
969 2175 1093 2238 suscepto
1116 2166 1292 2237 recipiantur.
1317 2167 1388 2222 Hinc
1408 2170 1441 2223 B.
1467 2170 1548 2240 Aug,
1569 2169 1596 2223 in
1620 2169 1668 2225 lib.
1694 2185 1715 2224 ι.

920 2267 1015 2314 contra
1029 2260 1187 2315 Donatistas
1197 2259 1232 2315 de
1247 2260 1394 2331 baptismo,
1408 2260 1442 2316 de
1454 2261 1576 2332 quolibet
1588 2261 1717 2319 haeretico

920 2368 952 2408 er
968 2352 1064 2408 haeresi
1079 2353 1183 2424 absque
1201 2352 1433 2408 administratione
1448 2351 1529 2409 oflicii
1547 2360 1657 2426 recepto
1678 2364 1717 2413 te-

921 2454 1008 2501 statur
1022 2446 1096 2516 qnod
1110 2462 1160 2502 nec
1175 2445 1226 2516 ipsi
1248 2462 1345 2501 manus
1366 2446 1437 2502 inter
1453 2446 1536 2503 laicos
1550 2448 1717 2520 imponenda

921 2538 966 2605 sit,
983 2553 1015 2592 eo
1029 2537 1104 2608 quod
1117 2547 1145 2593 et
1155 2539 1184 2592 in
1205 2538 1328 2610 deposito
1343 2548 1545 2596 sacramentum
1565 2540 1718 2598 ordinatio·

922 2631 965 2686 nis
979 2631 1167 2702 permanserit.
1193 2699 1196 2705 Ι

957 2723 1208 2778 Ecclesiasticarum
1230 2723 1385 2795 regularum
1409 2723 1597 2781 institutiones
1616 2726 1717 2797 partim

921 2816 955 2871 ab
979 2816 1044 2886 ipsis
1067 2816 1224 2887 apostolicis
1246 2816 1411 2887 accepimus,
1433 2817 1530 2887 partim
1551 2833 1566 2872 a
1585 2818 1718 2874 Romanis

922 2908 1110 2980 pontificibus,
1133 2909 1231 2981 partim
1246 2908 1282 2964 ah
1302 2909 1362 2965 aliis
1378 2908 1481 2965 sanctis
1494 2910 1630 2976 Patribus,
1651 2927 1721 2982 quo-

920 3018 981 3058 rum
1004 3010 1097 3057 tamen
1118 3001 1219 3072 judicia
1242 3001 1359 3057 Romani
1374 3000 1517 3073 pontifices
1532 3002 1717 3059 firmaverunt.

65 3099 97 3156 S.
114 3097 301 3169 {lieronymus
314 3096 345 3152 in
360 3105 438 3152 tract.
455 3112 537 3168 super
549 3096 628 3167 epist.
645 3094 681 3150 ad
694 3093 786 3150 Titum
802 3093 868 3149 satis
886 3119 909 3182 C
959 3097 994 3150 Et
1007 3095 1145 3166 apostolos
1159 3094 1281 3165 quidem,
1295 3093 1329 3150 ad
1342 3091 1566 3150 informationem
1582 3097 1720 3152 nascentis

66 3190 201 3248 declarat.
215 3214 226 3237 ·
245 3193 320 3245 lnter
333 3188 470 3255 haeresim,
484 3188 583 3260 inquit,
595 3196 622 3242 et
632 3187 749 3243 schisma
761 3186 815 3241 hoc
825 3186 866 3241 in·

66 3292 172 3340 teresse
185 3282 360 3347 arbitramur,
381 3281 455 3354 quod
470 3281 579 3336 haeresis
593 3297 752 3352 perversum
767 3279 867 3350 dogma

67 3376 182 3444 haheat,
195 3373 316 3431 schisma
330 3383 441 3447 propter
463 3374 649 3444 episcopalem
668 3373 868 3428 dissensionem

68 3469 105 3526 ab
122 3469 240 3526 Ecclesia
262 3476 413 3540 separetur.
433 3492 444 3513 υ
468 3467 548 3536 Quod
563 3466 673 3539 quidem
693 3467 720 3521 in
735 3465 868 3536 principio

67 3562 163 3635 aliqua
184 3577 217 3618 ex
240 3570 315 3633 parte
339 3560 453 3633 intelligi
475 3567 574 3631 potest.
600 3563 735 3614 Caeterum
760 3558 869 3613 nullum

67 3654 193 3714 schisma
206 3670 262 3709 non
275 3653 328 3709 sibi
343 3655 464 3725 aliquam
479 3653 613 3723 confingit
627 3651 764 3719 haeresim‚
779 3659 809 3706 ut
825 3667 868 3706 re-

67 3756 116 3807 cte
139 3747 175 3804 eh
189 3747 306 3803 Ecclesia
320 3747 465 3802 recessisse
479 3746 611 3801 videatur.
627 3744 708 3801 Unde
722 3747 753 3799 B.
771 3748 869 3816 Augu-

66 3842 170 3909 sh'nus,
185 3840 221 3896 ad
236 3840 391 3896 Emeritum
410 3840 542 3907 scribens,
558 3840 592 3895 de
607 3839 758 3894 Donatistis
773 3837 869 3892 asserit

66 3932 148 4011 quod
161 3933 278 3990 schisma
302 3934 332 3989 in
348 3933 474 3989 haeresim
494 3934 563 3989 male
580 3931 779 4005 perseverando
801 3947 869 3986 con-

67 4028 213 4087 venenat.

925 3189 1063 3251 Ecclesiae,
1079 3188 1199 3259 quinque
1212 3195 1319 3242 tantum
1340 3187 1461 3259 synodos
1478 3188 1626 3244 instituisse
1640 3205 1673 3244 ex
1688 3189 1720 3243 li·

920 3280 970 3336 bro
986 3285 1105 3336 Actuum
1128 3280 1251 3350 ipsorum
1264 3288 1292 3334 et
1311 3296 1344 3335 ex
1364 3280 1512 3336 traditione
1526 3281 1662 3352 majomm
1676 3280 1722 3338 di-

923 3373 1050 3429 dicimus.
1069 3377 1175 3430 Harum
1188 3373 1305 3444 primam
1320 3373 1413 3428 statim
1430 3381 1491 3443 post
1501 3389 1648 3431 ascensum
1664 3377 1720 3430 Do·

922 3467 989 3522 mini
1005 3466 1039 3522 de
1053 3467 1184 3521 electione
1198 3465 1323 3521 Matthiae
1341 3466 1455 3537 apostoli
1477 3466 1609 3522 inlocum
1631 3466 1723 3538 prodi-

923 3561 992 3614 toris
1006 3559 1084 3615 Judae
1105 3559 1319 3615 celebraverunt.
1341 3558 1506 3627 Secundam,
1527 3575 1592 3615 cum
1614 3568 1719 3632 septem

923 3652 1051 3708 diaconos
1080 3652 1214 3725 eligerunt
1240 3651 1274 3707 ad
1297 3651 1507 3723 dispensationis
1528 3652 1721 3708 ministerium.

923 3747 1054 3814 Tertiam,
1070 3745 1103 3801 de
1126 3745 1264 3801 conversis
1281 3761 1314 3800 er
1327 3744 1463 3815 gentibus,
1477 3760 1511 3801 ne
1522 3745 1663 3817 judaizare
1675 3761 1721 3800 co·
1808 3772 1822 3795 ι

924 3847 1062 3911 gerentur,
1079 3839 1128 3894 sed
1146 3847 1254 3894 tantum
1275 3845 1305 3893 ut
1319 3836 1512 3894 abstinerenta
1528 3837 1720 3907 fornicatione,

924 3932 959 3987 ab
970 3932 1129 4004 idolothytis
1143 3941 1171 3988 et
1183 3932 1326 4004 sanguine.
1350 3933 1458 3987 Horum
1475 3931 1602 3986 ultimum
1624 3934 1655 3986 B.
1669 3934 1723 3987 llu-

924 4026 1031 4097 gustino
1054 4025 1248 4097 dispensatorie
1272 4025 1378 4081 videtur
1400 4024 1567 4093 institutum,
1583 4024 1607 4080 si
1628 4031 1721 4080 tamen

105 4119 190 4192 Quod
200 4128 294 4177 autem
303 4128 427 4176 sanctum
436 4120 580 4176 Nicaenum
592 4119 748 4187 concilium,
762 4125 792 4171 ut
804 4133 870 4187 prae-
922 4119 959 4175 ita
982 4119 1142 4190 intelligitur
1175 4127 1205 4173 ut
1231 4118 1399 4173 abstinerent
1424 4118 1583 4174 acamibus
1603 4132 1720 4188 quarum

68 4214 203 4283 diximus,
218 4214 331 4270 clericos
351 4214 566 4270 Novatianmum
582 4228 630 4283 per
647 4227 745 4267 manus
757 4210 872 4281 imposi-
926 4212 1036 4283 sanguis
1050 4228 1105 4267 non
1121 4219 1191 4266 esset
1205 4209 1318 4265 effusus.
1334 4210 1432 4266 Scribit
1445 4210 1519 4266 enim
1539 4209 1573 4266 de
1592 4209 1656 4276 hoc,
1672 4208 1719 4264 lib.
1816 4254 1820 4261 .

67 4309 179 4367 tionem
203 4306 374 4379 recipiendos
396 4307 523 4373 asseruit,
558 4321 733 4377 nequaquam
755 4304 872 4359 aliorum
926 4323 960 4373 rr,
976 4315 1072 4362 contra
1092 4307 1245 4360 Faustum:
1262 4324 1275 4350 α
1292 4304 1424 4375 Elegisse,
1438 4303 1538 4373 inquit,
1556 4303 1621 4358 mihi
1633 4302 1723 4358 viden-

69 4409 237 4461 sanctorum
259 4402 372 4455 Patrum
386 4400 530 4455 sententiis
550 4399 632 4455 dehet
646 4398 816 4454 contrarium
831 4413 872 4452 re·
927 4408 972 4455 tur
984 4398 1098 4470 apostoli
1110 4414 1159 4468 pro
1172 4405 1295 4468 tempore
1308 4412 1367 4451 rem
1380 4393 1491 4450 facilem
1505 4402 1532 4449 et
1547 4410 1722 4466 nequaquam

69 4495 177 4569 putari,
192 4493 238 4567 qui
251 4492 342 4564 lapsos
355 4493 511 4549 sacerdotes
523 4492 578 4547 sive
595 4491 734 4558 diacones,
751 4507 799 4562 per
813 4506 873 4545 ma·
889 4471 914 4533 D
928 4492 1136 4549 observantibus
1150 4504 1306 4556 onerosam,
1320 4488 1349 4543 in
1368 4503 1421 4559 qua
1436 4502 1499 4542 cum
1515 4487 1597 4543 lsrael
1613 4497 1721 4560 gentes,

70 4602 133 4645 nus
145 4587 361 4659 impositionem,
375 4585 530 4642 remedium
545 4585 697 4657 poenitendi
707 4586 777 4640 iuter
791 4584 874 4639 laicos

10 4742 12 4747 ,
70 4680 198 4752 recipere
211 4679 420 4753 prohibuerunt.
441 4678 520 4735 hliud
534 4688 576 4734 est
589 4679 662 4733 enim
677 4677 825 4749 quemlibet
840 4692 873 4732 ex

71 4773 176 4832 haeresi
185 4774 226 4829 rel
239 4773 387 4829 schismate
397 4787 561 4828 conversum
572 4779 674 4826 sanctae
686 4771 813 4826 Ecclesiae
827 4784 874 4840 per

70 4880 178 4927 manus
200 4866 403 4937 impositionem
424 4865 612 4937 redintegrari,
629 4863 703 4918 aliud
724 4863 875 4935 quemlibet

72 4960 109 5021 in
121 4959 274 5017 sacerdotio
288 4959 330 5015 vel
350 4959 492 5015 diaconatu
508 4958 685 5015 criminaliter
700 4957 805 5028 lapsum
821 4972 876 5011 non

10 5052 13 5123 J
72 5052 319 5125 dehereoonsequi
329 5052 480 5108 remedium
492 5051 644 5122 poenitendi
660 5050 878 5122 permannsim-

74 5146 256 5221 positionem,
271 5154 302 5201 ut
313 5145 424 5202 laicum.
440 5148 473 5201 Et
483 5144 555 5200 banc
568 5146 663 5216 utique
678 5143 878 5199 observantiam

929 4595 1040 4659 propter
1061 4586 1139 4641 illum
1157 4583 1315 4657 angularem
1333 4579 1450 4651 lapidem
1470 4581 1540 4638 duos
1565 4581 1591 4636 in
1613 4597 1642 4638 se
1655 4597 1723 4637 con·

927 4679 1037 4734 dentem
1053 4681 1140 4746 [sorte
1154 4676 1295 4748 parietesl,
1309 4674 1413 4745 aliquid
1426 4689 1574 4729 commune
1592 4675 1724 4732 observa·

928 4782 1000 4828 rent.
1016 4777 1053 4826 m
1069 4769 1116 4824 uhi
1132 4769 1247 4825 Ecclesia
1263 4767 1386 4840 gentium
1401 4767 1461 4823 telis
1482 4766 1581 4824 effecta
1596 4777 1638 4824 est
1652 4778 1683 4825 ut
1696 4769 1724 4825 in

930 4881 960 4921 ea
974 4864 1066 4920 nullus
1078 4862 1199 4918 Israelita
1212 4861 1328 4917 earnalis
1340 4869 1480 4932 appareat,
1503 4861 1631 4933 quisnam
1647 4861 1725 4918 Chri·

929 4959 1034 5015 stianus
1053 4956 1179 5012 observat
1199 4963 1230 5010 ut
1247 4954 1343 5010 turdos
1366 4953 1406 5008 vel
1431 4955 1594 5010 minutiores
1608 4955 1725 5010 aviculas

930 5067 986 5107 non
1013 5048 1150 5121 attingat,
1178 5047 1231 5103 nisi
1254 5061 1372 5118 quarum
1402 5046 1512 5118 sanguis
1539 5045 1644 5102 effusus
1669 5049 1727 5102 esti

932 5153 980 5201 aut
991 5143 1115 5215 leporem
1124 5157 1181 5197 non
1194 5140 1266 5206 edat,
1280 5141 1314 5207 si,
1330 5155 1438 5196 manua
1453 5139 1557 5196 cervice
1572 5153 1726 5208 percussus,
1810 5154 1825 5169 ’

10 5220 25 5313 ³³,
73 5239 117 5301 sle
131 5239 214 5312 lapsis
236 5239 421 5296 sacerdotibus
444 5239 501 5295 sive
519 5239 690 5306 diaconibus,
704 5239 736 5292 B.
752 5241 808 5293 Leo
824 5237 878 5309 pri·
932 5238 1007 5293 nullo
1038 5244 1153 5292 cruento
1180 5235 1292 5290 vulnere
1320 5233 1427 5291 occisus
1448 5235 1507 5288 est?
1530 5233 1565 5284 Et
1586 5230 1632 5298 qui
1655 5228 1728 5285 forte

10 5314 21 5351 ⁵
74 5333 185 5392 musio
196 5332 312 5389 decretis
324 5333 391 5401 suis,
408 5349 468 5403 cap.
485 5338 529 5396 25,
546 5349 578 5387 cx
594 5333 741 5404 apostolica
757 5331 879 5387 traditio·
934 5332 1013 5403 pauci
1025 5330 1114 5386 adhuc
1135 5337 1246 5401 tangere
1261 5327 1311 5383 ista
1326 5324 1516 5391 formidant,a
1540 5321 1647 5377 caeteris
1661 5321 1727 5378 irri-

10 5406 497 5485 netoduhrtanterdeseeudrsse
507 5433 623 5481 testatur
626 5422 881 5497 ,juxtailludquod
934 5425 1044 5480 dentur.
1062 5425 1099 5478 lta
1121 5422 1247 5477 omnium
1269 5419 1360 5476 tenuit
1379 5419 1488 5474 animos
1508 5415 1535 5469 iu
1558 5414 1610 5471 hac
1635 5431 1664 5471 re
1684 5416 1731 5473 illa
1806 5440 1809 5449 ·

10 5506 25 5547 ¹
28 5518 217 5613 Η,Ιοιὶιιῑιιιιι
230 5529 292 5575 est:
311 5518 511 5575 a'Sacerdos
489 5534 511 5574 si
528 5521 688 5590 peccaverit,
712 5519 773 5589 quis
793 5517 883 5572 orabit
936 5516 1071 5572 sententia
1086 5515 1237 5570 Veritatis.
1251 5515 1311 5570 Non
1333 5511 1404 5582 quod
1423 5510 1539 5562 intrat
1528 5524 1558 5562 aar
1573 5522 1600 5563 os
1614 5514 1733 5565 oestrum
1779 5462 1820 5680 Ι

10 5598 137 5717 ‘'Z-*pro
154 5615 233 5669 eoi»
256 5611 310 5669 Sed
323 5620 352 5669 et
373 5613 403 5667 in
423 5612 573 5668 canonibus
596 5612 797 5683 apostolorum,
821 5627 880 5682 cap.
936 5611 1156 5678 ooscoiaquiuut,
1163 5601 1476 5678 sedquoderitldfattlt.
1485 5600 1734 5672 xv),nullamcibi

10 5698 131 5777 ³¹2⁵,
146 5705 312 5777 reperitur:
328 5728 341 5755 α
359 5705 521 5777 Episcopus,
537 5705 688 5778 presbyter,
703 5703 861 5760 diaconus
854 5720 883 5759 ιιι
936 5713 1062 5758 naturam
1077 5718 1163 5773 quam
1178 5701 1295 5757 societas
1317 5693 1439 5751 admittit
1454 5693 1587 5760 huruuua:
1602 5696 1650 5749 sed
1672 5710 1735 5767 quae

83 5798 248 5866 homicidio,
272 5797 405 5873 perjurio
420 5798 476 5854 sive
495 5797 675 5855 fornicatione
700 5797 885 5870 deprehensus
937 5795 1064 5869 rmqmtas
1074 5793 1222 5852 committit
1235 5796 1341 5860 peccata
1356 5787 1582 5927 ⁰⁰⁰dem⁰⁸ngg“
1599 5788 1739 5865 Nonergo

232 5886 352 5943 Parnon.
374 5886 503 5943 Clihlllll.
