<?xml version="1.0" encoding="UTF-8"?>
<!DOCTYPE html PUBLIC "-//W3C//DTD XHTML 1.0 Transitional//EN"
    "http://www.w3.org/TR/xhtml1/DTD/xhtml1-transitional.dtd">
<html xmlns="http://www.w3.org/1999/xhtml" xml:lang="en" lang="en">
 <head>
  <title>
</title>
<meta http-equiv="Content-Type" content="text/html;charset=utf-8" />
  <meta name='ocr-system' content='tesseract 3.04.00' />
  <meta name='ocr-capabilities' content='ocr_page ocr_carea ocr_par ocr_line ocrx_word'/>
</head>
<body>
  <div class='ocr_page' id='page_1' title='image "./lta-11000/patrologiaecurs02unkngoog/patrologiaecurs02unkngoog_0420.png"; bbox 0 0 3870 6164; ppageno 0'>
   <div class='ocr_carea' id='block_1_1' title="bbox 156 250 208 306">
    <p class='ocr_par' dir='ltr' id='par_1_1' title="bbox 156 250 208 306">
     <span class='ocr_line' id='line_1_1' title="bbox 156 250 208 306; baseline 0 -1"><span class='ocrx_word' id='word_1_1' title='bbox 156 250 208 306; x_wconf 74' lang='grc'>835</span> 
     </span>
    </p>
   </div>
   <div class='ocr_carea' id='block_1_2' title="bbox 657 202 1804 297">
    <p class='ocr_par' dir='ltr' id='par_1_2' title="bbox 657 202 1804 297">
     <span class='ocr_line' id='line_1_2' title="bbox 657 202 1804 297; baseline -0.008 -2"><span class='ocrx_word' id='word_1_2' title='bbox 657 202 704 295; x_wconf 84' lang='lat' dir='ltr'>An</span> <span class='ocrx_word' id='word_1_3' title='bbox 721 238 837 296; x_wconf 75' lang='lat' dir='ltr'>nasos</span> <span class='ocrx_word' id='word_1_4' title='bbox 854 239 882 295; x_wconf 93' lang='lat' dir='ltr'>s.</span> <span class='ocrx_word' id='word_1_5' title='bbox 903 235 1064 294; x_wconf 78' lang='lat' dir='ltr'>successu</span> <span class='ocrx_word' id='word_1_6' title='bbox 1081 234 1300 292; x_wconf 75' lang='lat' dir='ltr'>reambiens.</span> <span class='ocrx_word' id='word_1_7' title='bbox 1755 242 1804 297; x_wconf 62' lang='lat' dir='ltr'>,aa</span> 
     </span>
    </p>
   </div>
   <div class='ocr_carea' id='block_1_3' title="bbox 156 359 1805 437">
    <p class='ocr_par' dir='ltr' id='par_1_3' title="bbox 156 359 1805 437">
     <span class='ocr_line' id='line_1_3' title="bbox 156 359 1805 437; baseline -0.006 -6"><span class='ocrx_word' id='word_1_8' title='bbox 156 364 300 430; x_wconf 87' lang='lat' dir='ltr'>manilestc</span> <span class='ocrx_word' id='word_1_9' title='bbox 310 368 474 434; x_wconf 78' lang='lat' dir='ltr'>declaratur,</span> <span class='ocrx_word' id='word_1_10' title='bbox 487 381 542 421; x_wconf 88' lang='lat' dir='ltr'>non</span> <span class='ocrx_word' id='word_1_11' title='bbox 553 364 644 420; x_wconf 89' lang='lat' dir='ltr'>solum</span> <span class='ocrx_word' id='word_1_12' title='bbox 654 362 725 436; x_wconf 85' lang='lat' dir='ltr'>apud</span> <span class='ocrx_word' id='word_1_13' title='bbox 737 378 789 421; x_wconf 93' lang='lat' dir='ltr'>nos</span> <span class='ocrx_word' id='word_1_14' title='bbox 799 364 850 420; x_wconf 87' lang='lat' dir='ltr'>Dei</span> <span class='ocrx_word' id='word_1_15' title='bbox 864 362 951 437; x_wconf 86' lang='lat' dir='ltr'>gratia</span> <span class='ocrx_word' id='word_1_16' title='bbox 966 365 993 428; x_wconf 77' lang='grc' dir='ltr'><strong>Α</strong></span> <span class='ocrx_word' id='word_1_17' title='bbox 1006 363 1169 419; x_wconf 86' lang='lat' dir='ltr'>cuntDeum</span> <span class='ocrx_word' id='word_1_18' title='bbox 1178 360 1317 418; x_wconf 70' lang='lat' dir='ltr'>craebra?</span> <span class='ocrx_word' id='word_1_19' title='bbox 1325 359 1346 416; x_wconf 91' lang='lat' dir='ltr'>si</span> <span class='ocrx_word' id='word_1_20' title='bbox 1354 368 1447 418; x_wconf 90' lang='lat' dir='ltr'>autem</span> <span class='ocrx_word' id='word_1_21' title='bbox 1457 364 1535 418; x_wconf 81' lang='lat' dir='ltr'>Deus</span> <span class='ocrx_word' id='word_1_22' title='bbox 1541 360 1621 419; x_wconf 88' lang='lat' dir='ltr'>adest</span> <span class='ocrx_word' id='word_1_23' title='bbox 1628 364 1805 422; x_wconf 75' lang='lat' dir='ltr'>samurensis</span> 
     </span>
    </p>
   </div>
   <div class='ocr_carea' id='block_1_4' title="bbox 83 456 951 1566">
    <p class='ocr_par' dir='ltr' id='par_1_4' title="bbox 83 456 951 1566">
     <span class='ocr_line' id='line_1_4' title="bbox 154 456 951 531; baseline -0.011 -8"><span class='ocrx_word' id='word_1_24' title='bbox 154 464 311 531; x_wconf 86' lang='lat' dir='ltr'>catholicos,</span> <span class='ocrx_word' id='word_1_25' title='bbox 332 476 427 519; x_wconf 83' lang='lat' dir='ltr'>verum</span> <span class='ocrx_word' id='word_1_26' title='bbox 440 460 527 516; x_wconf 88' lang='lat' dir='ltr'>etiam</span> <span class='ocrx_word' id='word_1_27' title='bbox 540 456 612 531; x_wconf 90' lang='lat' dir='ltr'>apud</span> <span class='ocrx_word' id='word_1_28' title='bbox 632 456 829 525; x_wconf 88' lang='lat' dir='ltr'>schismaticos,</span> <span class='ocrx_word' id='word_1_29' title='bbox 848 467 877 514; x_wconf 90' lang='lat' dir='ltr'>et</span> <span class='ocrx_word' id='word_1_30' title='bbox 891 457 951 514; x_wconf 82' lang='lat' dir='ltr'>has-</span> 
     </span>
     <span class='ocr_line' id='line_1_5' title="bbox 154 551 951 625; baseline -0.013 -9"><span class='ocrx_word' id='word_1_31' title='bbox 154 560 266 625; x_wconf 91' lang='lat' dir='ltr'>reticos,</span> <span class='ocrx_word' id='word_1_32' title='bbox 281 558 340 614; x_wconf 80' lang='lat' dir='ltr'>haec</span> <span class='ocrx_word' id='word_1_33' title='bbox 363 555 454 611; x_wconf 89' lang='lat' dir='ltr'>omnia</span> <span class='ocrx_word' id='word_1_34' title='bbox 470 568 529 610; x_wconf 88' lang='lat' dir='ltr'>esse</span> <span class='ocrx_word' id='word_1_35' title='bbox 553 560 614 609; x_wconf 89' lang='lat' dir='ltr'>rata</span> <span class='ocrx_word' id='word_1_36' title='bbox 624 566 676 608; x_wconf 88' lang='lat' dir='ltr'>nec</span> <span class='ocrx_word' id='word_1_37' title='bbox 697 551 752 607; x_wconf 87' lang='lat' dir='ltr'>ulls</span> <span class='ocrx_word' id='word_1_38' title='bbox 768 566 890 624; x_wconf 90' lang='lat' dir='ltr'>unquam</span> <span class='ocrx_word' id='word_1_39' title='bbox 905 567 951 607; x_wconf 92' lang='lat' dir='ltr'>ra-</span> 
     </span>
     <span class='ocr_line' id='line_1_6' title="bbox 155 645 951 720; baseline -0.013 -9"><span class='ocrx_word' id='word_1_40' title='bbox 155 653 231 711; x_wconf 88' lang='lat' dir='ltr'>tione</span> <span class='ocrx_word' id='word_1_41' title='bbox 243 648 377 708; x_wconf 87' lang='lat' dir='ltr'>iteranda.</span> <span class='ocrx_word' id='word_1_42' title='bbox 399 649 566 720; x_wconf 76' lang='lat' dir='ltr'>Augustinus</span> <span class='ocrx_word' id='word_1_43' title='bbox 584 659 667 717; x_wconf 87' lang='lat' dir='ltr'>super</span> <span class='ocrx_word' id='word_1_44' title='bbox 680 646 835 703; x_wconf 84' lang='lat' dir='ltr'>ioannem:</span> <span class='ocrx_word' id='word_1_45' title='bbox 854 669 867 696; x_wconf 75' lang='grc' dir='ltr'>ι</span> <span class='ocrx_word' id='word_1_46' title='bbox 891 645 951 702; x_wconf 75' lang='lat' dir='ltr'>Sive</span> 
     </span>
     <span class='ocr_line' id='line_1_7' title="bbox 155 739 951 817; baseline -0.011 -14"><span class='ocrx_word' id='word_1_47' title='bbox 155 753 203 802; x_wconf 89' lang='lat' dir='ltr'>aut</span> <span class='ocrx_word' id='word_1_48' title='bbox 217 745 335 817; x_wconf 80' lang='lat' dir='ltr'>baptizet</span> <span class='ocrx_word' id='word_1_49' title='bbox 346 756 441 799; x_wconf 77' lang='lat' dir='ltr'>samis</span> <span class='ocrx_word' id='word_1_50' title='bbox 463 742 562 808; x_wconf 90' lang='lat' dir='ltr'>bonus,</span> <span class='ocrx_word' id='word_1_51' title='bbox 577 739 635 796; x_wconf 87' lang='lat' dir='ltr'>sive</span> <span class='ocrx_word' id='word_1_52' title='bbox 659 754 753 796; x_wconf 79' lang='lat' dir='ltr'>sersus</span> <span class='ocrx_word' id='word_1_53' title='bbox 767 739 867 806; x_wconf 90' lang='lat' dir='ltr'>malus,</span> <span class='ocrx_word' id='word_1_54' title='bbox 895 754 951 795; x_wconf 93' lang='lat' dir='ltr'>non</span> 
     </span>
     <span class='ocr_line' id='line_1_8' title="bbox 154 831 951 909; baseline -0.01 -13"><span class='ocrx_word' id='word_1_55' title='bbox 154 838 223 896; x_wconf 86' lang='lat' dir='ltr'>sciat</span> <span class='ocrx_word' id='word_1_56' title='bbox 236 852 266 895; x_wconf 90' lang='lat' dir='ltr'>se</span> <span class='ocrx_word' id='word_1_57' title='bbox 279 837 324 894; x_wconf 88' lang='lat' dir='ltr'>illc</span> <span class='ocrx_word' id='word_1_58' title='bbox 333 835 466 909; x_wconf 86' lang='lat' dir='ltr'>baptizari</span> <span class='ocrx_word' id='word_1_59' title='bbox 488 834 533 906; x_wconf 92' lang='lat' dir='ltr'>qui</span> <span class='ocrx_word' id='word_1_60' title='bbox 548 832 715 905; x_wconf 86' lang='lat' dir='ltr'>baptizatur,</span> <span class='ocrx_word' id='word_1_61' title='bbox 730 833 782 889; x_wconf 88' lang='lat' dir='ltr'>nisi</span> <span class='ocrx_word' id='word_1_62' title='bbox 797 833 831 890; x_wconf 88' lang='lat' dir='ltr'>ab</span> <span class='ocrx_word' id='word_1_63' title='bbox 856 848 889 889; x_wconf 87' lang='lat' dir='ltr'>eo</span> <span class='ocrx_word' id='word_1_64' title='bbox 903 831 951 905; x_wconf 89' lang='lat' dir='ltr'>qui</span> 
     </span>
     <span class='ocr_line' id='line_1_9' title="bbox 153 925 948 1001; baseline -0.011 -11"><span class='ocrx_word' id='word_1_65' title='bbox 153 930 206 990; x_wconf 88' lang='lat' dir='ltr'>sibi</span> <span class='ocrx_word' id='word_1_66' title='bbox 219 931 308 988; x_wconf 93' lang='lat' dir='ltr'>tenuit</span> <span class='ocrx_word' id='word_1_67' title='bbox 325 928 482 1001; x_wconf 85' lang='lat' dir='ltr'>baptizandi</span> <span class='ocrx_word' id='word_1_68' title='bbox 498 934 673 1000; x_wconf 78' lang='lat' dir='ltr'>potestatem.</span> <span class='ocrx_word' id='word_1_69' title='bbox 691 949 704 974; x_wconf 73' lang='grc' dir='ltr'>ι</span> <span class='ocrx_word' id='word_1_70' title='bbox 721 927 758 981; x_wconf 85' lang='lat' dir='ltr'>Et</span> <span class='ocrx_word' id='word_1_71' title='bbox 768 925 851 998; x_wconf 86' lang='lat' dir='ltr'>paule</span> <span class='ocrx_word' id='word_1_72' title='bbox 866 933 948 998; x_wconf 85' lang='lat' dir='ltr'>post:</span> 
     </span>
     <span class='ocr_line' id='line_1_10' title="bbox 155 1019 949 1088; baseline -0.01 -5"><span class='ocrx_word' id='word_1_73' title='bbox 155 1049 169 1076; x_wconf 80' lang='grc' dir='ltr'>ι</span> <span class='ocrx_word' id='word_1_74' title='bbox 191 1027 256 1083; x_wconf 82' lang='lat' dir='ltr'>Non</span> <span class='ocrx_word' id='word_1_75' title='bbox 277 1022 422 1082; x_wconf 85' lang='lat' dir='ltr'>exhorreat</span> <span class='ocrx_word' id='word_1_76' title='bbox 445 1019 572 1079; x_wconf 85' lang='lat' dir='ltr'>columba</span> <span class='ocrx_word' id='word_1_77' title='bbox 593 1020 777 1077; x_wconf 87' lang='lat' dir='ltr'>ministerium</span> <span class='ocrx_word' id='word_1_78' title='bbox 800 1020 949 1088; x_wconf 89' lang='lat' dir='ltr'>malorum,</span> 
     </span>
     <span class='ocr_line' id='line_1_11' title="bbox 153 1112 950 1191; baseline -0.01 -14"><span class='ocrx_word' id='word_1_79' title='bbox 153 1118 279 1191; x_wconf 83' lang='lat' dir='ltr'>respiciat</span> <span class='ocrx_word' id='word_1_80' title='bbox 290 1117 403 1175; x_wconf 85' lang='lat' dir='ltr'><strong>Domini</strong></span> <span class='ocrx_word' id='word_1_81' title='bbox 418 1123 593 1188; x_wconf 84' lang='lat' dir='ltr'>potestatem.</span> <span class='ocrx_word' id='word_1_82' title='bbox 607 1113 681 1185; x_wconf 86' lang='lat' dir='ltr'>Quid</span> <span class='ocrx_word' id='word_1_83' title='bbox 694 1113 745 1170; x_wconf 90' lang='lat' dir='ltr'>tihi</span> <span class='ocrx_word' id='word_1_84' title='bbox 767 1112 849 1169; x_wconf 84' lang='lat' dir='ltr'>faciat</span> <span class='ocrx_word' id='word_1_85' title='bbox 860 1113 950 1169; x_wconf 90' lang='lat' dir='ltr'>malus</span> 
     </span>
     <span class='ocr_line' id='line_1_12' title="bbox 83 1207 949 1279; baseline -0.009 -7"><span class='ocrx_word' id='word_1_86' title='bbox 83 1234 87 1239; x_wconf 94' lang='lat'>·</span> <span class='ocrx_word' id='word_1_87' title='bbox 154 1212 290 1279; x_wconf 74' lang='lat' dir='ltr'>minister,</span> <span class='ocrx_word' id='word_1_88' title='bbox 303 1211 352 1268; x_wconf 94' lang='lat' dir='ltr'>ubl</span> <span class='ocrx_word' id='word_1_89' title='bbox 374 1218 416 1267; x_wconf 89' lang='lat' dir='ltr'>est</span> <span class='ocrx_word' id='word_1_90' title='bbox 429 1209 518 1267; x_wconf 88' lang='lat' dir='ltr'>bonus</span> <span class='ocrx_word' id='word_1_91' title='bbox 538 1207 691 1265; x_wconf 83' lang='lat' dir='ltr'>dominus?</span> <span class='ocrx_word' id='word_1_92' title='bbox 709 1214 738 1264; x_wconf 89' lang='lat' dir='ltr'>et</span> <span class='ocrx_word' id='word_1_93' title='bbox 756 1213 783 1263; x_wconf 91' lang='lat' dir='ltr'>te</span> <span class='ocrx_word' id='word_1_94' title='bbox 797 1222 855 1263; x_wconf 94' lang='lat' dir='ltr'>non</span> <span class='ocrx_word' id='word_1_95' title='bbox 873 1207 949 1265; x_wconf 88' lang='lat' dir='ltr'>dcci-</span> 
     </span>
     <span class='ocr_line' id='line_1_13' title="bbox 154 1300 947 1379; baseline -0.009 -16"><span class='ocrx_word' id='word_1_96' title='bbox 154 1306 230 1379; x_wconf 89' lang='lat' dir='ltr'>piant</span> <span class='ocrx_word' id='word_1_97' title='bbox 250 1304 420 1362; x_wconf 76' lang='lat' dir='ltr'>mductores.</span> <span class='ocrx_word' id='word_1_98' title='bbox 445 1307 573 1374; x_wconf 89' lang='lat' dir='ltr'>Agnosce</span> <span class='ocrx_word' id='word_1_99' title='bbox 598 1301 672 1374; x_wconf 91' lang='lat' dir='ltr'>quod</span> <span class='ocrx_word' id='word_1_100' title='bbox 693 1300 786 1358; x_wconf 90' lang='lat' dir='ltr'>docuit</span> <span class='ocrx_word' id='word_1_101' title='bbox 799 1301 947 1357; x_wconf 90' lang='lat' dir='ltr'>columba:</span> 
     </span>
     <span class='ocr_line' id='line_1_14' title="bbox 153 1393 949 1472; baseline -0.006 -16"><span class='ocrx_word' id='word_1_102' title='bbox 153 1400 207 1456; x_wconf 84' lang='lat' dir='ltr'>iiic</span> <span class='ocrx_word' id='word_1_103' title='bbox 219 1397 451 1472; x_wconf 87' lang='lat' dir='ltr'>estquibaptisat</span> <span class='ocrx_word' id='word_1_104' title='bbox 472 1396 501 1451; x_wconf 92' lang='lat' dir='ltr'>in</span> <span class='ocrx_word' id='word_1_105' title='bbox 525 1395 626 1467; x_wconf 89' lang='lat' dir='ltr'>Spiritu</span> <span class='ocrx_word' id='word_1_106' title='bbox 640 1403 783 1463; x_wconf 80' lang='lat' dir='ltr'>sancto;=›</span> <span class='ocrx_word' id='word_1_107' title='bbox 813 1393 880 1451; x_wconf 88' lang='lat' dir='ltr'>etin</span> <span class='ocrx_word' id='word_1_108' title='bbox 905 1410 949 1452; x_wconf 88' lang='lat' dir='ltr'>se·</span> 
     </span>
     <span class='ocr_line' id='line_1_15' title="bbox 154 1487 948 1566; baseline -0.008 -17"><span class='ocrx_word' id='word_1_109' title='bbox 154 1490 300 1566; x_wconf 70' lang='lat' dir='ltr'>queuntibus</span> <span class='ocrx_word' id='word_1_110' title='bbox 311 1490 397 1547; x_wconf 89' lang='lat' dir='ltr'>dicit:</span> <span class='ocrx_word' id='word_1_111' title='bbox 412 1512 426 1539; x_wconf 76' lang='lat' dir='ltr'>s</span> <span class='ocrx_word' id='word_1_112' title='bbox 439 1489 585 1555; x_wconf 83' lang='lat' dir='ltr'>seductor,</span> <span class='ocrx_word' id='word_1_113' title='bbox 599 1504 657 1545; x_wconf 94' lang='lat' dir='ltr'>non</span> <span class='ocrx_word' id='word_1_114' title='bbox 668 1487 753 1544; x_wconf 82' lang='lat' dir='ltr'>hebes</span> <span class='ocrx_word' id='word_1_115' title='bbox 767 1487 948 1560; x_wconf 83' lang='lat' dir='ltr'>baptismum,</span> 
     </span>
    </p>
   </div>
   <div class='ocr_carea' id='block_1_5' title="bbox 1002 453 1804 1557">
    <p class='ocr_par' dir='ltr' id='par_1_5' title="bbox 1002 453 1804 1557">
     <span class='ocr_line' id='line_1_16' title="bbox 1004 453 1804 527; baseline 0.005 -16"><span class='ocrx_word' id='word_1_116' title='bbox 1004 463 1033 511; x_wconf 91' lang='lat' dir='ltr'>et</span> <span class='ocrx_word' id='word_1_117' title='bbox 1045 453 1134 511; x_wconf 86' lang='lat' dir='ltr'>verbis</span> <span class='ocrx_word' id='word_1_118' title='bbox 1146 455 1213 522; x_wconf 89' lang='lat' dir='ltr'>suis,</span> <span class='ocrx_word' id='word_1_119' title='bbox 1228 470 1277 526; x_wconf 89' lang='lat' dir='ltr'>per</span> <span class='ocrx_word' id='word_1_120' title='bbox 1291 454 1456 527; x_wconf 85' lang='lat' dir='ltr'>qualeslibet</span> <span class='ocrx_word' id='word_1_121' title='bbox 1468 455 1716 525; x_wconf 85' lang='lat' dir='ltr'>administrentur;</span> <span class='ocrx_word' id='word_1_122' title='bbox 1727 464 1804 515; x_wconf 79' lang='lat' dir='ltr'>assa</span> 
     </span>
     <span class='ocr_line' id='line_1_17' title="bbox 1004 547 1803 621; baseline 0.01 -20"><span class='ocrx_word' id='word_1_123' title='bbox 1004 555 1146 604; x_wconf 82' lang='lat' dir='ltr'>crementa</span> <span class='ocrx_word' id='word_1_124' title='bbox 1166 548 1217 605; x_wconf 89' lang='lat' dir='ltr'>Dci</span> <span class='ocrx_word' id='word_1_125' title='bbox 1235 547 1336 618; x_wconf 86' lang='lat' dir='ltr'>ubique</span> <span class='ocrx_word' id='word_1_126' title='bbox 1361 558 1435 606; x_wconf 85' lang='lat' dir='ltr'>recta</span> <span class='ocrx_word' id='word_1_127' title='bbox 1447 549 1513 617; x_wconf 93' lang='lat' dir='ltr'>sint,</span> <span class='ocrx_word' id='word_1_128' title='bbox 1529 558 1558 607; x_wconf 88' lang='lat' dir='ltr'>et</span> <span class='ocrx_word' id='word_1_129' title='bbox 1570 550 1640 608; x_wconf 83' lang='lat' dir='ltr'>mali</span> <span class='ocrx_word' id='word_1_130' title='bbox 1670 550 1803 621; x_wconf 80' lang='lat' dir='ltr'>homines,</span> 
     </span>
     <span class='ocr_line' id='line_1_18' title="bbox 1004 640 1803 715; baseline 0.006 -18"><span class='ocrx_word' id='word_1_131' title='bbox 1004 640 1103 713; x_wconf 91' lang='lat' dir='ltr'>quibus</span> <span class='ocrx_word' id='word_1_132' title='bbox 1125 640 1191 698; x_wconf 93' lang='lat' dir='ltr'>nihil</span> <span class='ocrx_word' id='word_1_133' title='bbox 1213 648 1338 714; x_wconf 87' lang='lat' dir='ltr'>prosunt,</span> <span class='ocrx_word' id='word_1_134' title='bbox 1360 642 1463 715; x_wconf 90' lang='lat' dir='ltr'>ubique</span> <span class='ocrx_word' id='word_1_135' title='bbox 1486 642 1620 701; x_wconf 85' lang='lat' dir='ltr'>subversi.</span> <span class='ocrx_word' id='word_1_136' title='bbox 1650 662 1662 695; x_wconf 83' lang='lat' dir='ltr'>s</span> <span class='ocrx_word' id='word_1_137' title='bbox 1686 645 1803 701; x_wconf 86' lang='lat' dir='ltr'>ltcmin</span> 
     </span>
     <span class='ocr_line' id='line_1_19' title="bbox 1004 734 1802 806; baseline 0.006 -16"><span class='ocrx_word' id='word_1_138' title='bbox 1004 734 1101 792; x_wconf 87' lang='lat' dir='ltr'>eodem</span> <span class='ocrx_word' id='word_1_139' title='bbox 1119 754 1125 791; x_wconf 93' lang='lat'><strong>:</strong></span> <span class='ocrx_word' id='word_1_140' title='bbox 1143 758 1155 785; x_wconf 83' lang='grc' dir='ltr'>ι</span> <span class='ocrx_word' id='word_1_141' title='bbox 1172 735 1321 806; x_wconf 82' lang='lat' dir='ltr'>Quomodo</span> <span class='ocrx_word' id='word_1_142' title='bbox 1335 736 1461 793; x_wconf 79' lang='lat' dir='ltr'>exaudiet</span> <span class='ocrx_word' id='word_1_143' title='bbox 1473 739 1548 793; x_wconf 86' lang='lat' dir='ltr'>Deus</span> <span class='ocrx_word' id='word_1_144' title='bbox 1563 736 1743 795; x_wconf 86' lang='lat' dir='ltr'>homicidam</span> <span class='ocrx_word' id='word_1_145' title='bbox 1756 737 1802 796; x_wconf 87' lang='lat' dir='ltr'>do·</span> 
     </span>
     <span class='ocr_line' id='line_1_20' title="bbox 1009 829 1802 906; baseline 0.005 -21"><span class='ocrx_word' id='word_1_146' title='bbox 1009 836 1164 899; x_wconf 89' lang='lat' dir='ltr'>precantem</span> <span class='ocrx_word' id='word_1_147' title='bbox 1190 829 1233 886; x_wconf 84' lang='lat' dir='ltr'>rel</span> <span class='ocrx_word' id='word_1_148' title='bbox 1261 845 1467 902; x_wconf 82' lang='lat' dir='ltr'>superaquam</span> <span class='ocrx_word' id='word_1_149' title='bbox 1494 830 1638 903; x_wconf 87' lang='lat' dir='ltr'>baptismi,</span> <span class='ocrx_word' id='word_1_150' title='bbox 1661 830 1704 889; x_wconf 81' lang='lat' dir='ltr'>rel</span> <span class='ocrx_word' id='word_1_151' title='bbox 1728 846 1802 906; x_wconf 75' lang='lat' dir='ltr'>saper</span> 
     </span>
     <span class='ocr_line' id='line_1_21' title="bbox 1004 922 1801 999; baseline 0.006 -21"><span class='ocrx_word' id='word_1_152' title='bbox 1004 923 1108 988; x_wconf 89' lang='lat' dir='ltr'>oleum,</span> <span class='ocrx_word' id='word_1_153' title='bbox 1132 922 1173 979; x_wconf 82' lang='lat' dir='ltr'>vel</span> <span class='ocrx_word' id='word_1_154' title='bbox 1198 938 1280 994; x_wconf 90' lang='lat' dir='ltr'>super</span> <span class='ocrx_word' id='word_1_155' title='bbox 1305 922 1509 993; x_wconf 88' lang='lat' dir='ltr'>eucharistiam,</span> <span class='ocrx_word' id='word_1_156' title='bbox 1530 925 1574 981; x_wconf 82' lang='lat' dir='ltr'>rel</span> <span class='ocrx_word' id='word_1_157' title='bbox 1597 940 1687 997; x_wconf 87' lang='lat' dir='ltr'>super</span> <span class='ocrx_word' id='word_1_158' title='bbox 1716 926 1801 999; x_wconf 82' lang='lat' dir='ltr'>capita</span> 
     </span>
     <span class='ocr_line' id='line_1_22' title="bbox 1003 1015 1800 1089; baseline 0.006 -17"><span class='ocrx_word' id='word_1_159' title='bbox 1003 1031 1100 1073; x_wconf 84' lang='lat' dir='ltr'>eorum</span> <span class='ocrx_word' id='word_1_160' title='bbox 1113 1015 1213 1089; x_wconf 89' lang='lat' dir='ltr'>quibus</span> <span class='ocrx_word' id='word_1_161' title='bbox 1229 1031 1326 1073; x_wconf 90' lang='lat' dir='ltr'>manua</span> <span class='ocrx_word' id='word_1_162' title='bbox 1349 1016 1517 1089; x_wconf 78' lang='lat' dir='ltr'>imponitur?</span> <span class='ocrx_word' id='word_1_163' title='bbox 1536 1019 1607 1088; x_wconf 77' lang='lat' dir='ltr'>Qua</span> <span class='ocrx_word' id='word_1_164' title='bbox 1636 1026 1732 1076; x_wconf 88' lang='lat' dir='ltr'>tamen</span> <span class='ocrx_word' id='word_1_165' title='bbox 1745 1034 1800 1077; x_wconf 89' lang='lat' dir='ltr'>onr-</span> 
     </span>
     <span class='ocr_line' id='line_1_23' title="bbox 1003 1109 1801 1183; baseline 0.008 -19"><span class='ocrx_word' id='word_1_166' title='bbox 1003 1109 1047 1165; x_wconf 92' lang='lat' dir='ltr'>nia</span> <span class='ocrx_word' id='word_1_167' title='bbox 1067 1117 1094 1166; x_wconf 89' lang='lat' dir='ltr'>ct</span> <span class='ocrx_word' id='word_1_168' title='bbox 1113 1109 1185 1166; x_wconf 92' lang='lat' dir='ltr'>liunt</span> <span class='ocrx_word' id='word_1_169' title='bbox 1198 1118 1227 1167; x_wconf 90' lang='lat' dir='ltr'>et</span> <span class='ocrx_word' id='word_1_170' title='bbox 1239 1110 1341 1177; x_wconf 84' lang='lat' dir='ltr'>valent,</span> <span class='ocrx_word' id='word_1_171' title='bbox 1355 1109 1437 1167; x_wconf 89' lang='lat' dir='ltr'>etiam</span> <span class='ocrx_word' id='word_1_172' title='bbox 1461 1126 1510 1183; x_wconf 90' lang='lat' dir='ltr'>per</span> <span class='ocrx_word' id='word_1_173' title='bbox 1522 1110 1693 1182; x_wconf 74' lang='lat' dir='ltr'>homicidae,</span> <span class='ocrx_word' id='word_1_174' title='bbox 1715 1112 1744 1170; x_wconf 94' lang='lat' dir='ltr'>id</span> <span class='ocrx_word' id='word_1_175' title='bbox 1762 1121 1801 1170; x_wconf 86' lang='lat' dir='ltr'>est</span> 
     </span>
     <span class='ocr_line' id='line_1_24' title="bbox 1003 1201 1798 1277; baseline 0.005 -18"><span class='ocrx_word' id='word_1_176' title='bbox 1003 1203 1049 1275; x_wconf 91' lang='lat' dir='ltr'>qui</span> <span class='ocrx_word' id='word_1_177' title='bbox 1072 1202 1192 1260; x_wconf 92' lang='lat' dir='ltr'>odorunt</span> <span class='ocrx_word' id='word_1_178' title='bbox 1205 1201 1306 1260; x_wconf 86' lang='lat' dir='ltr'>iratres</span> <span class='ocrx_word' id='word_1_179' title='bbox 1326 1205 1412 1260; x_wconf 88' lang='lat' dir='ltr'>etiam</span> <span class='ocrx_word' id='word_1_180' title='bbox 1431 1203 1457 1260; x_wconf 93' lang='lat' dir='ltr'>in</span> <span class='ocrx_word' id='word_1_181' title='bbox 1480 1205 1537 1277; x_wconf 89' lang='lat' dir='ltr'>ipsa</span> <span class='ocrx_word' id='word_1_182' title='bbox 1552 1206 1627 1262; x_wconf 91' lang='lat' dir='ltr'>intus</span> <span class='ocrx_word' id='word_1_183' title='bbox 1650 1206 1798 1273; x_wconf 75' lang='lat' dir='ltr'>eeclesia·</span> 
     </span>
     <span class='ocr_line' id='line_1_25' title="bbox 1003 1297 1800 1374; baseline 0.01 -22"><span class='ocrx_word' id='word_1_184' title='bbox 1003 1299 1036 1353; x_wconf 93' lang='lat' dir='ltr'>ln</span> <span class='ocrx_word' id='word_1_185' title='bbox 1049 1297 1169 1354; x_wconf 83' lang='lat' dir='ltr'>eodem:</span> <span class='ocrx_word' id='word_1_186' title='bbox 1187 1322 1199 1346; x_wconf 82' lang='grc' dir='ltr'>ι</span> <span class='ocrx_word' id='word_1_187' title='bbox 1216 1297 1294 1354; x_wconf 89' lang='lat' dir='ltr'>Sicut</span> <span class='ocrx_word' id='word_1_188' title='bbox 1305 1297 1362 1354; x_wconf 85' lang='lat' dir='ltr'>ficti</span> <span class='ocrx_word' id='word_1_189' title='bbox 1375 1298 1507 1355; x_wconf 84' lang='lat' dir='ltr'>veraciter</span> <span class='ocrx_word' id='word_1_190' title='bbox 1518 1299 1662 1358; x_wconf 87' lang='lat' dir='ltr'>conversis</span> <span class='ocrx_word' id='word_1_191' title='bbox 1673 1302 1800 1374; x_wconf 68' lang='grc' dir='ltr'><strong>τοοίρίοιο</strong></span> 
     </span>
     <span class='ocr_line' id='line_1_26' title="bbox 1002 1390 1799 1466; baseline 0.006 -19"><span class='ocrx_word' id='word_1_192' title='bbox 1002 1399 1058 1460; x_wconf 92' lang='lat' dir='ltr'>tur,</span> <span class='ocrx_word' id='word_1_193' title='bbox 1078 1406 1130 1449; x_wconf 86' lang='lat' dir='ltr'>nce</span> <span class='ocrx_word' id='word_1_194' title='bbox 1143 1399 1237 1447; x_wconf 88' lang='lat' dir='ltr'>tamen</span> <span class='ocrx_word' id='word_1_195' title='bbox 1256 1406 1355 1448; x_wconf 88' lang='lat' dir='ltr'>eorum</span> <span class='ocrx_word' id='word_1_196' title='bbox 1368 1390 1502 1464; x_wconf 90' lang='lat' dir='ltr'>baptisma</span> <span class='ocrx_word' id='word_1_197' title='bbox 1525 1392 1712 1466; x_wconf 65' lang='lat' dir='ltr'>reprobatum</span> <span class='ocrx_word' id='word_1_198' title='bbox 1724 1396 1761 1452; x_wconf 76' lang='lat' dir='ltr'>dc</span> <span class='ocrx_word' id='word_1_199' title='bbox 1775 1403 1799 1452; x_wconf 86' lang='lat' dir='ltr'>et</span> 
     </span>
     <span class='ocr_line' id='line_1_27' title="bbox 1002 1484 1796 1557; baseline 0.01 -18"><span class='ocrx_word' id='word_1_200' title='bbox 1002 1484 1047 1540; x_wconf 91' lang='lat' dir='ltr'>illa</span> <span class='ocrx_word' id='word_1_201' title='bbox 1072 1500 1156 1557; x_wconf 91' lang='lat' dir='ltr'>quam</span> <span class='ocrx_word' id='word_1_202' title='bbox 1185 1485 1352 1542; x_wconf 73' lang='lat' dir='ltr'>schismatici</span> <span class='ocrx_word' id='word_1_203' title='bbox 1373 1487 1413 1542; x_wconf 81' lang='lat' dir='ltr'>vai</span> <span class='ocrx_word' id='word_1_204' title='bbox 1434 1486 1556 1543; x_wconf 77' lang='lat' dir='ltr'>haretici</span> <span class='ocrx_word' id='word_1_205' title='bbox 1581 1486 1663 1544; x_wconf 84' lang='lat' dir='ltr'>aliter</span> <span class='ocrx_word' id='word_1_206' title='bbox 1693 1487 1796 1555; x_wconf 82' lang='lat' dir='ltr'>habant,</span> 
     </span>
    </p>
   </div>
   <div class='ocr_carea' id='block_1_6' title="bbox 3 1578 1826 4004">
    <p class='ocr_par' dir='ltr' id='par_1_6' title="bbox 3 1578 1826 4004">
     <span class='ocr_line' id='line_1_28' title="bbox 152 1578 1797 1654; baseline -0.002 -12"><span class='ocrx_word' id='word_1_207' title='bbox 152 1585 242 1642; x_wconf 86' lang='lat' dir='ltr'>malus</span> <span class='ocrx_word' id='word_1_208' title='bbox 255 1584 306 1641; x_wconf 91' lang='lat' dir='ltr'>tibi</span> <span class='ocrx_word' id='word_1_209' title='bbox 317 1582 403 1649; x_wconf 85' lang='lat' dir='ltr'>dedit,</span> <span class='ocrx_word' id='word_1_210' title='bbox 421 1583 540 1640; x_wconf 84' lang='lat' dir='ltr'>traditor</span> <span class='ocrx_word' id='word_1_211' title='bbox 550 1582 642 1639; x_wconf 90' lang='lat' dir='ltr'>nescio</span> <span class='ocrx_word' id='word_1_212' title='bbox 654 1581 715 1654; x_wconf 92' lang='lat' dir='ltr'>quis</span> <span class='ocrx_word' id='word_1_213' title='bbox 725 1580 813 1638; x_wconf 87' lang='lat' dir='ltr'>dedit.</span> <span class='ocrx_word' id='word_1_214' title='bbox 829 1584 869 1638; x_wconf 86' lang='lat' dir='ltr'>De</span> <span class='ocrx_word' id='word_1_215' title='bbox 883 1579 946 1637; x_wconf 87' lang='lat' dir='ltr'>ofli-</span> <span class='ocrx_word' id='word_1_216' title='bbox 1001 1593 1053 1633; x_wconf 90' lang='lat' dir='ltr'>nec</span> <span class='ocrx_word' id='word_1_217' title='bbox 1067 1578 1145 1635; x_wconf 88' lang='lat' dir='ltr'>aliter</span> <span class='ocrx_word' id='word_1_218' title='bbox 1164 1586 1257 1650; x_wconf 89' lang='lat' dir='ltr'>agunt,</span> <span class='ocrx_word' id='word_1_219' title='bbox 1279 1593 1362 1650; x_wconf 88' lang='lat' dir='ltr'>quam</span> <span class='ocrx_word' id='word_1_220' title='bbox 1377 1595 1438 1636; x_wconf 87' lang='lat' dir='ltr'>vera</span> <span class='ocrx_word' id='word_1_221' title='bbox 1461 1580 1588 1647; x_wconf 87' lang='lat' dir='ltr'>ecclesia,</span> <span class='ocrx_word' id='word_1_222' title='bbox 1604 1596 1671 1638; x_wconf 89' lang='lat' dir='ltr'>eum</span> <span class='ocrx_word' id='word_1_223' title='bbox 1699 1580 1736 1639; x_wconf 92' lang='lat' dir='ltr'>ad</span> <span class='ocrx_word' id='word_1_224' title='bbox 1754 1598 1797 1639; x_wconf 86' lang='lat' dir='ltr'>sos</span> 
     </span>
     <span class='ocr_line' id='line_1_29' title="bbox 151 1670 1795 1749; baseline -0.001 -15"><span class='ocrx_word' id='word_1_225' title='bbox 151 1678 212 1735; x_wconf 91' lang='lat' dir='ltr'>ciali</span> <span class='ocrx_word' id='word_1_226' title='bbox 233 1693 291 1734; x_wconf 94' lang='lat' dir='ltr'>non</span> <span class='ocrx_word' id='word_1_227' title='bbox 307 1676 426 1749; x_wconf 87' lang='lat' dir='ltr'>disputo,</span> <span class='ocrx_word' id='word_1_228' title='bbox 442 1676 565 1749; x_wconf 88' lang='lat' dir='ltr'>judicem</span> <span class='ocrx_word' id='word_1_229' title='bbox 590 1675 712 1743; x_wconf 89' lang='lat' dir='ltr'>attendo,</span> <span class='ocrx_word' id='word_1_230' title='bbox 734 1690 818 1747; x_wconf 84' lang='lat' dir='ltr'>egos</span> <span class='ocrx_word' id='word_1_231' title='bbox 837 1675 949 1732; x_wconf 88' lang='lat' dir='ltr'>Christo</span> <span class='ocrx_word' id='word_1_232' title='bbox 1005 1670 1202 1738; x_wconf 63' lang='lat' dir='ltr'>veniunismfl</span> <span class='ocrx_word' id='word_1_233' title='bbox 1217 1671 1407 1739; x_wconf 63' lang='lat' dir='ltr'>intendimus,</span> <span class='ocrx_word' id='word_1_234' title='bbox 1431 1670 1480 1729; x_wconf 69' lang='lat' dir='ltr'>ted</span> <span class='ocrx_word' id='word_1_235' title='bbox 1493 1674 1586 1745; x_wconf 73' lang='lat' dir='ltr'>polius</span> <span class='ocrx_word' id='word_1_236' title='bbox 1608 1674 1795 1747; x_wconf 76' lang='lat' dir='ltr'>approbamus</span> 
     </span>
     <span class='ocr_line' id='line_1_30' title="bbox 150 1763 1793 1844; baseline -0.001 -16"><span class='ocrx_word' id='word_1_237' title='bbox 150 1771 211 1844; x_wconf 86' lang='lat' dir='ltr'>ipso</span> <span class='ocrx_word' id='word_1_238' title='bbox 226 1770 380 1842; x_wconf 86' lang='lat' dir='ltr'>baptisatus</span> <span class='ocrx_word' id='word_1_239' title='bbox 391 1784 463 1826; x_wconf 92' lang='lat' dir='ltr'>sum.</span> <span class='ocrx_word' id='word_1_240' title='bbox 480 1771 553 1835; x_wconf 76' lang='lat' dir='ltr'>bon,</span> <span class='ocrx_word' id='word_1_241' title='bbox 567 1769 666 1840; x_wconf 89' lang='lat' dir='ltr'>inquit,</span> <span class='ocrx_word' id='word_1_242' title='bbox 682 1767 732 1826; x_wconf 89' lang='lat' dir='ltr'>sed</span> <span class='ocrx_word' id='word_1_243' title='bbox 743 1768 789 1825; x_wconf 89' lang='lat' dir='ltr'>ille</span> <span class='ocrx_word' id='word_1_244' title='bbox 804 1768 948 1841; x_wconf 89' lang='lat' dir='ltr'>episcopus</span> <span class='ocrx_word' id='word_1_245' title='bbox 1006 1765 1048 1821; x_wconf 86' lang='lat' dir='ltr'>lta</span> <span class='ocrx_word' id='word_1_246' title='bbox 1058 1779 1123 1837; x_wconf 88' lang='lat' dir='ltr'>crgo</span> <span class='ocrx_word' id='word_1_247' title='bbox 1137 1780 1189 1821; x_wconf 92' lang='lat' dir='ltr'>nec</span> <span class='ocrx_word' id='word_1_248' title='bbox 1201 1763 1279 1830; x_wconf 82' lang='lat' dir='ltr'>foris,</span> <span class='ocrx_word' id='word_1_249' title='bbox 1291 1765 1362 1822; x_wconf 88' lang='lat' dir='ltr'>sicut</span> <span class='ocrx_word' id='word_1_250' title='bbox 1375 1781 1426 1823; x_wconf 92' lang='lat' dir='ltr'>nec</span> <span class='ocrx_word' id='word_1_251' title='bbox 1446 1766 1519 1824; x_wconf 90' lang='lat' dir='ltr'>intus</span> <span class='ocrx_word' id='word_1_252' title='bbox 1534 1767 1696 1841; x_wconf 89' lang='lat' dir='ltr'>qnisquam,</span> <span class='ocrx_word' id='word_1_253' title='bbox 1711 1771 1757 1842; x_wconf 89' lang='lat' dir='ltr'>qui</span> <span class='ocrx_word' id='word_1_254' title='bbox 1767 1785 1793 1827; x_wconf 88' lang='lat' dir='ltr'>es</span> 
     </span>
     <span class='ocr_line' id='line_1_31' title="bbox 150 1858 1791 1937; baseline -0.001 -15"><span class='ocrx_word' id='word_1_255' title='bbox 150 1871 179 1921; x_wconf 87' lang='lat' dir='ltr'>ta</span> <span class='ocrx_word' id='word_1_256' title='bbox 202 1864 364 1937; x_wconf 80' lang='lat' dir='ltr'>baptisavit,</span> <span class='ocrx_word' id='word_1_257' title='bbox 382 1871 411 1919; x_wconf 91' lang='lat' dir='ltr'>et</span> <span class='ocrx_word' id='word_1_258' title='bbox 428 1863 474 1919; x_wconf 89' lang='lat' dir='ltr'>ille</span> <span class='ocrx_word' id='word_1_259' title='bbox 495 1860 702 1936; x_wconf 86' lang='lat' dir='ltr'>episcopusillis</span> <span class='ocrx_word' id='word_1_260' title='bbox 718 1863 945 1920; x_wconf 81' lang='lat' dir='ltr'>communicavit.</span> <span class='ocrx_word' id='word_1_261' title='bbox 1003 1867 1079 1931; x_wconf 90' lang='lat' dir='ltr'>parte</span> <span class='ocrx_word' id='word_1_262' title='bbox 1092 1858 1194 1916; x_wconf 90' lang='lat' dir='ltr'>diaboli</span> <span class='ocrx_word' id='word_1_263' title='bbox 1210 1867 1262 1926; x_wconf 87' lang='lat' dir='ltr'>est,</span> <span class='ocrx_word' id='word_1_264' title='bbox 1283 1867 1378 1932; x_wconf 88' lang='lat' dir='ltr'>potest</span> <span class='ocrx_word' id='word_1_265' title='bbox 1399 1861 1440 1916; x_wconf 85' lang='lat' dir='ltr'>vel</span> <span class='ocrx_word' id='word_1_266' title='bbox 1454 1861 1482 1916; x_wconf 93' lang='lat' dir='ltr'>in</span> <span class='ocrx_word' id='word_1_267' title='bbox 1501 1875 1541 1928; x_wconf 89' lang='lat' dir='ltr'>sc,</span> <span class='ocrx_word' id='word_1_268' title='bbox 1563 1860 1606 1917; x_wconf 85' lang='lat' dir='ltr'>vel</span> <span class='ocrx_word' id='word_1_269' title='bbox 1622 1861 1651 1918; x_wconf 94' lang='lat' dir='ltr'>in</span> <span class='ocrx_word' id='word_1_270' title='bbox 1663 1878 1791 1936; x_wconf 83' lang='lat' dir='ltr'>quoquam</span> 
     </span>
     <span class='ocr_line' id='line_1_32' title="bbox 151 1951 1790 2030; baseline 0 -16"><span class='ocrx_word' id='word_1_271' title='bbox 151 1956 298 2016; x_wconf 87' lang='lat' dir='ltr'>AChristo</span> <span class='ocrx_word' id='word_1_272' title='bbox 313 1958 374 2030; x_wconf 89' lang='lat' dir='ltr'>ipso</span> <span class='ocrx_word' id='word_1_273' title='bbox 386 1972 452 2014; x_wconf 87' lang='lat' dir='ltr'>sum</span> <span class='ocrx_word' id='word_1_274' title='bbox 462 1956 627 2028; x_wconf 86' lang='lat' dir='ltr'>baptizatus,</span> <span class='ocrx_word' id='word_1_275' title='bbox 639 1970 690 2029; x_wconf 85' lang='lat' dir='ltr'>ego</span> <span class='ocrx_word' id='word_1_276' title='bbox 701 1955 778 2012; x_wconf 85' lang='lat' dir='ltr'>nori.</span> <span class='ocrx_word' id='word_1_277' title='bbox 790 1956 893 2013; x_wconf 87' lang='lat' dir='ltr'>Docuit</span> <span class='ocrx_word' id='word_1_278' title='bbox 903 1972 948 2012; x_wconf 86' lang='lat' dir='ltr'>mc</span> <span class='ocrx_word' id='word_1_279' title='bbox 1003 1951 1146 2009; x_wconf 88' lang='lat' dir='ltr'>maculare</span> <span class='ocrx_word' id='word_1_280' title='bbox 1156 1962 1373 2019; x_wconf 89' lang='lat' dir='ltr'>sacramentum,</span> <span class='ocrx_word' id='word_1_281' title='bbox 1389 1953 1465 2025; x_wconf 90' lang='lat' dir='ltr'>quod</span> <span class='ocrx_word' id='word_1_282' title='bbox 1491 1952 1595 2010; x_wconf 87' lang='lat' dir='ltr'>Christi</span> <span class='ocrx_word' id='word_1_283' title='bbox 1610 1962 1665 2011; x_wconf 87' lang='lat' dir='ltr'>est.</span> <span class='ocrx_word' id='word_1_284' title='bbox 1678 1977 1694 2006; x_wconf 76' lang='grc' dir='ltr'>ι</span> <span class='ocrx_word' id='word_1_285' title='bbox 1709 1957 1790 2014; x_wconf 79' lang='lat' dir='ltr'>fliam</span> 
     </span>
     <span class='ocr_line' id='line_1_33' title="bbox 3 2046 1789 2123; baseline 0 -14"><span class='ocrx_word' id='word_1_286' title='bbox 3 2116 6 2121; x_wconf 55' lang='grc'>,</span> <span class='ocrx_word' id='word_1_287' title='bbox 81 2076 85 2085; x_wconf 93' lang='grc'><strong><em>·</em></strong></span> <span class='ocrx_word' id='word_1_288' title='bbox 149 2051 276 2109; x_wconf 87' lang='lat' dir='ltr'>columba</span> <span class='ocrx_word' id='word_1_289' title='bbox 291 2065 375 2123; x_wconf 88' lang='lat' dir='ltr'>quam</span> <span class='ocrx_word' id='word_1_290' title='bbox 388 2048 594 2105; x_wconf 86' lang='lat' dir='ltr'>siditJoanncs.</span> <span class='ocrx_word' id='word_1_291' title='bbox 610 2048 736 2115; x_wconf 87' lang='lat' dir='ltr'>Omilse,</span> <span class='ocrx_word' id='word_1_292' title='bbox 752 2048 947 2107; x_wconf 88' lang='lat' dir='ltr'>ncnmcdila·</span> <span class='ocrx_word' id='word_1_293' title='bbox 1002 2061 1103 2119; x_wconf 85' lang='lat' dir='ltr'>symm</span> <span class='ocrx_word' id='word_1_294' title='bbox 1123 2046 1157 2103; x_wconf 85' lang='lat' dir='ltr'>ad</span> <span class='ocrx_word' id='word_1_295' title='bbox 1171 2046 1402 2104; x_wconf 82' lang='lat' dir='ltr'>Luciferianum:</span> <span class='ocrx_word' id='word_1_296' title='bbox 1428 2047 1659 2106; x_wconf 68' lang='lat' dir='ltr'>«moechissat</span> <span class='ocrx_word' id='word_1_297' title='bbox 1682 2052 1732 2123; x_wconf 93' lang='lat' dir='ltr'>qui</span> <span class='ocrx_word' id='word_1_298' title='bbox 1750 2051 1789 2109; x_wconf 87' lang='lat' dir='ltr'>bs·</span> 
     </span>
     <span class='ocr_line' id='line_1_34' title="bbox 77 2138 1786 2223; baseline 0.001 -23"><span class='ocrx_word' id='word_1_299' title='bbox 77 2142 80 2147; x_wconf 86' lang='lat'>&#39;</span> <span class='ocrx_word' id='word_1_300' title='bbox 148 2145 220 2212; x_wconf 84' lang='lat' dir='ltr'>nisa,</span> <span class='ocrx_word' id='word_1_301' title='bbox 240 2142 323 2200; x_wconf 74' lang='lat' dir='ltr'>maia</span> <span class='ocrx_word' id='word_1_302' title='bbox 336 2144 443 2208; x_wconf 82' lang='lat' dir='ltr'>iustos,</span> <span class='ocrx_word' id='word_1_303' title='bbox 463 2141 602 2214; x_wconf 90' lang='lat' dir='ltr'>inquiunt,</span> <span class='ocrx_word' id='word_1_304' title='bbox 617 2148 726 2214; x_wconf 87' lang='lat' dir='ltr'>oportet</span> <span class='ocrx_word' id='word_1_305' title='bbox 738 2156 798 2198; x_wconf 85' lang='lat' dir='ltr'>csse</span> <span class='ocrx_word' id='word_1_306' title='bbox 813 2142 882 2197; x_wconf 85' lang='lat' dir='ltr'>tanti</span> <span class='ocrx_word' id='word_1_307' title='bbox 899 2142 946 2214; x_wconf 81' lang='lat' dir='ltr'>J&#39;u·</span> <span class='ocrx_word' id='word_1_308' title='bbox 1003 2140 1099 2211; x_wconf 81' lang='lat' dir='ltr'>plicat,</span> <span class='ocrx_word' id='word_1_309' title='bbox 1115 2138 1144 2195; x_wconf 96' lang='lat' dir='ltr'>id</span> <span class='ocrx_word' id='word_1_310' title='bbox 1163 2148 1205 2196; x_wconf 86' lang='lat' dir='ltr'>est</span> <span class='ocrx_word' id='word_1_311' title='bbox 1218 2139 1350 2209; x_wconf 87' lang='lat' dir='ltr'>Christus,</span> <span class='ocrx_word' id='word_1_312' title='bbox 1373 2140 1410 2197; x_wconf 90' lang='lat' dir='ltr'>ita</span> <span class='ocrx_word' id='word_1_313' title='bbox 1422 2140 1526 2223; x_wconf 35' lang='lat' dir='ltr'>hic-est</span> <span class='ocrx_word' id='word_1_314' title='bbox 1545 2141 1594 2214; x_wconf 90' lang='lat' dir='ltr'>qui</span> <span class='ocrx_word' id='word_1_315' title='bbox 1608 2144 1786 2202; x_wconf 83' lang='lat' dir='ltr'>sanctilicat·</span> 
     </span>
     <span class='ocr_line' id='line_1_35' title="bbox 150 2232 1786 2306; baseline 0.002 -14"><span class='ocrx_word' id='word_1_316' title='bbox 150 2235 219 2293; x_wconf 90' lang='lat' dir='ltr'>dicis</span> <span class='ocrx_word' id='word_1_317' title='bbox 237 2236 393 2295; x_wconf 89' lang='lat' dir='ltr'>ministros.</span> <span class='ocrx_word' id='word_1_318' title='bbox 426 2234 487 2291; x_wconf 90' lang='lat' dir='ltr'>Sint</span> <span class='ocrx_word' id='word_1_319' title='bbox 508 2235 625 2290; x_wconf 88' lang='lat' dir='ltr'>ministri</span> <span class='ocrx_word' id='word_1_320' title='bbox 645 2234 724 2306; x_wconf 78' lang='lat' dir='ltr'>iusti,</span> <span class='ocrx_word' id='word_1_321' title='bbox 752 2234 774 2291; x_wconf 90' lang='lat' dir='ltr'>si</span> <span class='ocrx_word' id='word_1_322' title='bbox 798 2236 896 2302; x_wconf 84' lang='lat' dir='ltr'>relint;</span> <span class='ocrx_word' id='word_1_323' title='bbox 923 2237 946 2293; x_wconf 92' lang='lat' dir='ltr'>si</span> <span class='ocrx_word' id='word_1_324' title='bbox 1002 2232 1098 2289; x_wconf 88' lang='lat' dir='ltr'>idam:</span> <span class='ocrx_word' id='word_1_325' title='bbox 1114 2254 1126 2281; x_wconf 83' lang='grc' dir='ltr'>ι</span> <span class='ocrx_word' id='word_1_326' title='bbox 1140 2234 1207 2302; x_wconf 88' lang='lat' dir='ltr'>Oro,</span> <span class='ocrx_word' id='word_1_327' title='bbox 1224 2233 1322 2306; x_wconf 89' lang='lat' dir='ltr'>inquit,</span> <span class='ocrx_word' id='word_1_328' title='bbox 1335 2242 1364 2290; x_wconf 90' lang='lat' dir='ltr'>te</span> <span class='ocrx_word' id='word_1_329' title='bbox 1374 2241 1408 2290; x_wconf 93' lang='lat' dir='ltr'>ut</span> <span class='ocrx_word' id='word_1_330' title='bbox 1421 2243 1468 2290; x_wconf 93' lang='lat' dir='ltr'>aut</span> <span class='ocrx_word' id='word_1_331' title='bbox 1481 2234 1656 2293; x_wconf 85' lang='lat' dir='ltr'>sacrificandi</span> <span class='ocrx_word' id='word_1_332' title='bbox 1666 2238 1786 2295; x_wconf 86' lang='lat' dir='ltr'>licentisn</span> 
     </span>
     <span class='ocr_line' id='line_1_36' title="bbox 151 2326 1786 2406; baseline 0.001 -19"><span class='ocrx_word' id='word_1_333' title='bbox 151 2340 243 2388; x_wconf 90' lang='lat' dir='ltr'>autem</span> <span class='ocrx_word' id='word_1_334' title='bbox 258 2329 395 2401; x_wconf 89' lang='lat' dir='ltr'>superbus</span> <span class='ocrx_word' id='word_1_335' title='bbox 405 2327 490 2386; x_wconf 87' lang='lat' dir='ltr'>luerit</span> <span class='ocrx_word' id='word_1_336' title='bbox 504 2328 639 2393; x_wconf 84' lang='lat' dir='ltr'>minister,</span> <span class='ocrx_word' id='word_1_337' title='bbox 661 2343 725 2384; x_wconf 90' lang='lat' dir='ltr'>cum</span> <span class='ocrx_word' id='word_1_338' title='bbox 737 2327 855 2385; x_wconf 89' lang='lat' dir='ltr'>Diabolo</span> <span class='ocrx_word' id='word_1_339' title='bbox 869 2345 947 2388; x_wconf 87' lang='lat' dir='ltr'>com·</span> <span class='ocrx_word' id='word_1_340' title='bbox 1002 2327 1025 2382; x_wconf 88' lang='lat' dir='ltr'>ei</span> <span class='ocrx_word' id='word_1_341' title='bbox 1039 2326 1144 2383; x_wconf 85' lang='lat' dir='ltr'>tribuas</span> <span class='ocrx_word' id='word_1_342' title='bbox 1156 2327 1234 2400; x_wconf 91' lang='lat' dir='ltr'>cujus</span> <span class='ocrx_word' id='word_1_343' title='bbox 1247 2327 1381 2399; x_wconf 90' lang='lat' dir='ltr'>baptisma</span> <span class='ocrx_word' id='word_1_344' title='bbox 1395 2328 1512 2396; x_wconf 63' lang='lat' dir='ltr'>probam</span> <span class='ocrx_word' id='word_1_345' title='bbox 1528 2336 1577 2385; x_wconf 91' lang='lat' dir='ltr'>aut</span> <span class='ocrx_word' id='word_1_346' title='bbox 1601 2331 1732 2403; x_wconf 73' lang='lat' dir='ltr'>reprobas</span> <span class='ocrx_word' id='word_1_347' title='bbox 1741 2333 1786 2406; x_wconf 79' lang='lat' dir='ltr'>eju</span> 
     </span>
     <span class='ocr_line' id='line_1_37' title="bbox 149 2420 1786 2501; baseline 0.001 -20"><span class='ocrx_word' id='word_1_348' title='bbox 149 2430 275 2497; x_wconf 66' lang='lat' dir='ltr'>putatum</span> <span class='ocrx_word' id='word_1_349' title='bbox 290 2422 340 2479; x_wconf 88' lang='lat' dir='ltr'>aed</span> <span class='ocrx_word' id='word_1_350' title='bbox 355 2437 406 2495; x_wconf 92' lang='lat' dir='ltr'>per</span> <span class='ocrx_word' id='word_1_351' title='bbox 417 2422 496 2477; x_wconf 86' lang='lat' dir='ltr'>illurn</span> <span class='ocrx_word' id='word_1_352' title='bbox 510 2422 614 2479; x_wconf 90' lang='lat' dir='ltr'>donum</span> <span class='ocrx_word' id='word_1_353' title='bbox 627 2422 727 2479; x_wconf 85' lang='lat' dir='ltr'>Christi</span> <span class='ocrx_word' id='word_1_354' title='bbox 739 2437 796 2479; x_wconf 89' lang='lat' dir='ltr'>non</span> <span class='ocrx_word' id='word_1_355' title='bbox 811 2423 946 2480; x_wconf 86' lang='lat' dir='ltr'>contami·</span> <span class='ocrx_word' id='word_1_356' title='bbox 1001 2420 1138 2493; x_wconf 88' lang='lat' dir='ltr'>baptisma</span> <span class='ocrx_word' id='word_1_357' title='bbox 1149 2436 1232 2493; x_wconf 84' lang='lat' dir='ltr'>quem</span> <span class='ocrx_word' id='word_1_358' title='bbox 1246 2436 1304 2478; x_wconf 86' lang='lat' dir='ltr'>nen</span> <span class='ocrx_word' id='word_1_359' title='bbox 1317 2429 1398 2494; x_wconf 91' lang='lat' dir='ltr'>putas</span> <span class='ocrx_word' id='word_1_360' title='bbox 1411 2421 1594 2480; x_wconf 82' lang='lat' dir='ltr'>sacerdotem.</span> <span class='ocrx_word' id='word_1_361' title='bbox 1610 2425 1708 2497; x_wconf 81' lang='lat' dir='ltr'>licque</span> <span class='ocrx_word' id='word_1_362' title='bbox 1718 2425 1786 2501; x_wconf 77' lang='lat' dir='ltr'>igitur</span> 
     </span>
     <span class='ocr_line' id='line_1_38' title="bbox 149 2514 1784 2607; baseline 0.004 -34"><span class='ocrx_word' id='word_1_363' title='bbox 149 2525 240 2575; x_wconf 88' lang='lat' dir='ltr'>natur.</span> <span class='ocrx_word' id='word_1_364' title='bbox 264 2516 346 2588; x_wconf 92' lang='lat' dir='ltr'>Quod</span> <span class='ocrx_word' id='word_1_365' title='bbox 363 2529 411 2587; x_wconf 84' lang='lat' dir='ltr'>per</span> <span class='ocrx_word' id='word_1_366' title='bbox 428 2515 507 2571; x_wconf 92' lang='lat' dir='ltr'>illum</span> <span class='ocrx_word' id='word_1_367' title='bbox 527 2514 599 2581; x_wconf 90' lang='lat' dir='ltr'>linit,</span> <span class='ocrx_word' id='word_1_368' title='bbox 620 2530 721 2587; x_wconf 92' lang='lat' dir='ltr'>purum</span> <span class='ocrx_word' id='word_1_369' title='bbox 733 2524 793 2584; x_wconf 78' lang='lat' dir='ltr'>est3</span> <span class='ocrx_word' id='word_1_370' title='bbox 807 2516 883 2588; x_wconf 87' lang='lat' dir='ltr'>quod</span> <span class='ocrx_word' id='word_1_371' title='bbox 899 2533 947 2589; x_wconf 90' lang='lat' dir='ltr'>per</span> <span class='ocrx_word' id='word_1_372' title='bbox 1001 2514 1060 2571; x_wconf 85' lang='lat' dir='ltr'>lieri</span> <span class='ocrx_word' id='word_1_373' title='bbox 1075 2523 1168 2588; x_wconf 90' lang='lat' dir='ltr'>potest</span> <span class='ocrx_word' id='word_1_374' title='bbox 1190 2518 1281 2589; x_wconf 90' lang='lat' dir='ltr'>utqui</span> <span class='ocrx_word' id='word_1_375' title='bbox 1303 2516 1332 2572; x_wconf 92' lang='lat' dir='ltr'>in</span> <span class='ocrx_word' id='word_1_376' title='bbox 1357 2517 1521 2591; x_wconf 85' lang='lat' dir='ltr'>baptisterio</span> <span class='ocrx_word' id='word_1_377' title='bbox 1544 2528 1660 2578; x_wconf 78' lang='lat' dir='ltr'>sanabis</span> <span class='ocrx_word' id='word_1_378' title='bbox 1682 2530 1732 2589; x_wconf 85' lang='lat' dir='ltr'>est,</span> <span class='ocrx_word' id='word_1_379' title='bbox 1757 2523 1784 2607; x_wconf 69' lang='lat' dir='ltr'>st</span> 
     </span>
     <span class='ocr_line' id='line_1_39' title="bbox 149 2608 1779 2686; baseline 0.003 -19"><span class='ocrx_word' id='word_1_380' title='bbox 149 2610 228 2667; x_wconf 91' lang='lat' dir='ltr'>illum</span> <span class='ocrx_word' id='word_1_381' title='bbox 238 2608 346 2679; x_wconf 89' lang='lat' dir='ltr'>transit,</span> <span class='ocrx_word' id='word_1_382' title='bbox 363 2608 497 2681; x_wconf 89' lang='lat' dir='ltr'>liquidum</span> <span class='ocrx_word' id='word_1_383' title='bbox 511 2616 561 2665; x_wconf 90' lang='lat' dir='ltr'>cst.</span> <span class='ocrx_word' id='word_1_384' title='bbox 578 2610 646 2664; x_wconf 89' lang='lat' dir='ltr'>Puta</span> <span class='ocrx_word' id='word_1_385' title='bbox 667 2609 742 2681; x_wconf 89' lang='lat' dir='ltr'>quod</span> <span class='ocrx_word' id='word_1_386' title='bbox 755 2609 812 2683; x_wconf 87' lang='lat' dir='ltr'>ipse</span> <span class='ocrx_word' id='word_1_387' title='bbox 826 2609 947 2682; x_wconf 91' lang='lat' dir='ltr'>lapideus</span> <span class='ocrx_word' id='word_1_388' title='bbox 1000 2609 1072 2682; x_wconf 91' lang='lat' dir='ltr'>apud</span> <span class='ocrx_word' id='word_1_389' title='bbox 1092 2612 1178 2668; x_wconf 87' lang='lat' dir='ltr'>altare</span> <span class='ocrx_word' id='word_1_390' title='bbox 1198 2620 1335 2683; x_wconf 84' lang='lat' dir='ltr'>peccator.</span> <span class='ocrx_word' id='word_1_391' title='bbox 1359 2635 1373 2663; x_wconf 66' lang='lat' dir='ltr'>a</span> <span class='ocrx_word' id='word_1_392' title='bbox 1396 2614 1470 2685; x_wconf 86' lang='lat' dir='ltr'>Papa</span> <span class='ocrx_word' id='word_1_393' title='bbox 1492 2629 1606 2686; x_wconf 88' lang='lat' dir='ltr'>quoque</span> <span class='ocrx_word' id='word_1_394' title='bbox 1625 2616 1779 2682; x_wconf 70' lang='lat' dir='ltr'>Annasim</span> 
     </span>
     <span class='ocr_line' id='line_1_40' title="bbox 151 2700 1784 2781; baseline 0.003 -20"><span class='ocrx_word' id='word_1_395' title='bbox 151 2712 202 2774; x_wconf 87' lang='lat' dir='ltr'>cst,</span> <span class='ocrx_word' id='word_1_396' title='bbox 217 2702 293 2777; x_wconf 91' lang='lat' dir='ltr'>qnod</span> <span class='ocrx_word' id='word_1_397' title='bbox 307 2719 341 2760; x_wconf 87' lang='lat' dir='ltr'>ex</span> <span class='ocrx_word' id='word_1_398' title='bbox 351 2718 422 2776; x_wconf 86' lang='lat' dir='ltr'>aqua</span> <span class='ocrx_word' id='word_1_399' title='bbox 434 2700 557 2759; x_wconf 79' lang='lat' dir='ltr'>fructum</span> <span class='ocrx_word' id='word_1_400' title='bbox 578 2700 651 2758; x_wconf 84' lang='lat' dir='ltr'>ferre</span> <span class='ocrx_word' id='word_1_401' title='bbox 671 2717 727 2758; x_wconf 92' lang='lat' dir='ltr'>non</span> <span class='ocrx_word' id='word_1_402' title='bbox 751 2711 852 2774; x_wconf 87' lang='lat' dir='ltr'>potest,</span> <span class='ocrx_word' id='word_1_403' title='bbox 867 2712 894 2759; x_wconf 88' lang='lat' dir='ltr'>ct</span> <span class='ocrx_word' id='word_1_404' title='bbox 915 2704 946 2760; x_wconf 93' lang='lat' dir='ltr'>in</span> <span class='ocrx_word' id='word_1_405' title='bbox 1000 2703 1122 2761; x_wconf 87' lang='lat' dir='ltr'>scribens</span> <span class='ocrx_word' id='word_1_406' title='bbox 1134 2703 1169 2762; x_wconf 90' lang='lat' dir='ltr'>ad</span> <span class='ocrx_word' id='word_1_407' title='bbox 1182 2706 1359 2764; x_wconf 77' lang='lat' dir='ltr'>Anactorium</span> <span class='ocrx_word' id='word_1_408' title='bbox 1370 2707 1579 2781; x_wconf 80' lang='lat' dir='ltr'>imperatorem,</span> <span class='ocrx_word' id='word_1_409' title='bbox 1595 2708 1784 2766; x_wconf 72' lang='lat' dir='ltr'>assentomost</span> 
     </span>
     <span class='ocr_line' id='line_1_41' title="bbox 148 2794 1783 2878; baseline 0.004 -23"><span class='ocrx_word' id='word_1_410' title='bbox 148 2797 236 2855; x_wconf 85' lang='lat' dir='ltr'>canali</span> <span class='ocrx_word' id='word_1_411' title='bbox 246 2796 354 2869; x_wconf 89' lang='lat' dir='ltr'>lapideo</span> <span class='ocrx_word' id='word_1_412' title='bbox 368 2810 439 2868; x_wconf 85' lang='lat' dir='ltr'>aqua</span> <span class='ocrx_word' id='word_1_413' title='bbox 447 2794 514 2851; x_wconf 86' lang='lat' dir='ltr'>nihil</span> <span class='ocrx_word' id='word_1_414' title='bbox 527 2804 649 2867; x_wconf 84' lang='lat' dir='ltr'>generat,</span> <span class='ocrx_word' id='word_1_415' title='bbox 664 2795 713 2852; x_wconf 92' lang='lat' dir='ltr'>sed</span> <span class='ocrx_word' id='word_1_416' title='bbox 722 2794 811 2852; x_wconf 89' lang='lat' dir='ltr'>hortis</span> <span class='ocrx_word' id='word_1_417' title='bbox 826 2796 945 2854; x_wconf 91' lang='lat' dir='ltr'>lructum</span> <span class='ocrx_word' id='word_1_418' title='bbox 1000 2812 1071 2870; x_wconf 87' lang='lat' dir='ltr'>quos</span> <span class='ocrx_word' id='word_1_419' title='bbox 1080 2798 1215 2858; x_wconf 84' lang='lat' dir='ltr'>ordinarit</span> <span class='ocrx_word' id='word_1_420' title='bbox 1227 2802 1356 2871; x_wconf 78' lang='lat' dir='ltr'>Aeacius,</span> <span class='ocrx_word' id='word_1_421' title='bbox 1368 2802 1433 2859; x_wconf 86' lang='lat' dir='ltr'>licet</span> <span class='ocrx_word' id='word_1_422' title='bbox 1443 2818 1458 2859; x_wconf 88' lang='lat' dir='ltr'>s</span> <span class='ocrx_word' id='word_1_423' title='bbox 1468 2804 1501 2859; x_wconf 87' lang='lat' dir='ltr'>B.</span> <span class='ocrx_word' id='word_1_424' title='bbox 1512 2801 1603 2860; x_wconf 78' lang='lat' dir='ltr'>Felice</span> <span class='ocrx_word' id='word_1_425' title='bbox 1613 2820 1681 2878; x_wconf 88' lang='lat' dir='ltr'>papa</span> <span class='ocrx_word' id='word_1_426' title='bbox 1695 2820 1783 2862; x_wconf 74' lang='lat' dir='ltr'>escort</span> 
     </span>
     <span class='ocr_line' id='line_1_42' title="bbox 148 2888 1781 2967; baseline 0.002 -18"><span class='ocrx_word' id='word_1_427' title='bbox 148 2889 258 2949; x_wconf 84' lang='lat' dir='ltr'>alieret.</span> <span class='ocrx_word' id='word_1_428' title='bbox 271 2889 426 2962; x_wconf 87' lang='lat' dir='ltr'>Spiritnalis</span> <span class='ocrx_word' id='word_1_429' title='bbox 447 2904 512 2945; x_wconf 84' lang='lat' dir='ltr'>sero</span> <span class='ocrx_word' id='word_1_430' title='bbox 524 2888 611 2945; x_wconf 82' lang='lat' dir='ltr'>virtus</span> <span class='ocrx_word' id='word_1_431' title='bbox 624 2890 790 2946; x_wconf 89' lang='lat' dir='ltr'>sacrementi</span> <span class='ocrx_word' id='word_1_432' title='bbox 802 2890 840 2946; x_wconf 86' lang='lat' dir='ltr'>ita</span> <span class='ocrx_word' id='word_1_433' title='bbox 854 2898 897 2947; x_wconf 89' lang='lat' dir='ltr'>est</span> <span class='ocrx_word' id='word_1_434' title='bbox 916 2898 947 2947; x_wconf 90' lang='lat' dir='ltr'>ut</span> <span class='ocrx_word' id='word_1_435' title='bbox 1000 2892 1158 2950; x_wconf 88' lang='lat' dir='ltr'>municatus</span> <span class='ocrx_word' id='word_1_436' title='bbox 1176 2900 1203 2950; x_wconf 92' lang='lat' dir='ltr'>et</span> <span class='ocrx_word' id='word_1_437' title='bbox 1220 2893 1349 2952; x_wconf 71' lang='lat' dir='ltr'>heretica</span> <span class='ocrx_word' id='word_1_438' title='bbox 1365 2895 1495 2967; x_wconf 84' lang='lat' dir='ltr'>pravitate</span> <span class='ocrx_word' id='word_1_439' title='bbox 1510 2896 1640 2963; x_wconf 87' lang='lat' dir='ltr'>inlectus,</span> <span class='ocrx_word' id='word_1_440' title='bbox 1659 2896 1781 2956; x_wconf 77' lang='lat' dir='ltr'>debcct‘n</span> 
     </span>
     <span class='ocr_line' id='line_1_43' title="bbox 147 2981 1780 3064; baseline 0.005 -24"><span class='ocrx_word' id='word_1_441' title='bbox 147 2985 206 3054; x_wconf 85' lang='lat' dir='ltr'>lux,</span> <span class='ocrx_word' id='word_1_442' title='bbox 220 2998 284 3058; x_wconf 86' lang='lat' dir='ltr'>quse</span> <span class='ocrx_word' id='word_1_443' title='bbox 293 2991 323 3041; x_wconf 88' lang='lat' dir='ltr'>ct</span> <span class='ocrx_word' id='word_1_444' title='bbox 335 2982 371 3041; x_wconf 90' lang='lat' dir='ltr'>ab</span> <span class='ocrx_word' id='word_1_445' title='bbox 384 2981 570 3040; x_wconf 88' lang='lat' dir='ltr'>illuminandis</span> <span class='ocrx_word' id='word_1_446' title='bbox 583 2998 651 3053; x_wconf 91' lang='lat' dir='ltr'>pura</span> <span class='ocrx_word' id='word_1_447' title='bbox 664 2983 806 3056; x_wconf 82' lang='lat' dir='ltr'>excipitur,</span> <span class='ocrx_word' id='word_1_448' title='bbox 819 2993 848 3040; x_wconf 91' lang='lat' dir='ltr'>et</span> <span class='ocrx_word' id='word_1_449' title='bbox 860 2983 883 3041; x_wconf 93' lang='lat' dir='ltr'>si</span> <span class='ocrx_word' id='word_1_450' title='bbox 897 2999 946 3055; x_wconf 92' lang='lat' dir='ltr'>per</span> <span class='ocrx_word' id='word_1_451' title='bbox 998 2984 1058 3040; x_wconf 90' lang='lat' dir='ltr'>suis</span> <span class='ocrx_word' id='word_1_452' title='bbox 1076 2984 1219 3044; x_wconf 88' lang='lat' dir='ltr'>ordinibus</span> <span class='ocrx_word' id='word_1_453' title='bbox 1237 2988 1340 3059; x_wconf 85' lang='lat' dir='ltr'>absque</span> <span class='ocrx_word' id='word_1_454' title='bbox 1360 2989 1437 3045; x_wconf 91' lang='lat' dir='ltr'>omni</span> <span class='ocrx_word' id='word_1_455' title='bbox 1460 2988 1671 3048; x_wconf 85' lang='lat' dir='ltr'>reordinatione</span> <span class='ocrx_word' id='word_1_456' title='bbox 1691 3004 1780 3064; x_wconf 73' lang='lat' dir='ltr'>perus</span> 
     </span>
     <span class='ocr_line' id='line_1_44' title="bbox 145 3074 1778 3153; baseline 0.005 -19"><span class='ocrx_word' id='word_1_457' title='bbox 145 3077 305 3135; x_wconf 89' lang='lat' dir='ltr'>immundos</span> <span class='ocrx_word' id='word_1_458' title='bbox 316 3083 437 3133; x_wconf 84' lang='lat' dir='ltr'>transcat</span> <span class='ocrx_word' id='word_1_459' title='bbox 455 3090 512 3134; x_wconf 91' lang='lat' dir='ltr'>non</span> <span class='ocrx_word' id='word_1_460' title='bbox 535 3074 704 3147; x_wconf 85' lang='lat' dir='ltr'>inquinatur.</span> <span class='ocrx_word' id='word_1_461' title='bbox 727 3077 804 3147; x_wconf 92' lang='lat' dir='ltr'>Quos</span> <span class='ocrx_word' id='word_1_462' title='bbox 824 3076 983 3153; x_wconf 71' lang='lat' dir='ltr'>baptisate</span> <span class='ocrx_word' id='word_1_463' title='bbox 999 3092 1077 3147; x_wconf 88' lang='lat' dir='ltr'>nere,</span> <span class='ocrx_word' id='word_1_464' title='bbox 1096 3081 1135 3135; x_wconf 89' lang='lat' dir='ltr'>sic</span> <span class='ocrx_word' id='word_1_465' title='bbox 1158 3079 1229 3136; x_wconf 90' lang='lat' dir='ltr'>intcr</span> <span class='ocrx_word' id='word_1_466' title='bbox 1256 3089 1357 3138; x_wconf 81' lang='lat' dir='ltr'>caetere</span> <span class='ocrx_word' id='word_1_467' title='bbox 1374 3081 1493 3138; x_wconf 86' lang='lat' dir='ltr'>dicens:</span> <span class='ocrx_word' id='word_1_468' title='bbox 1517 3103 1531 3131; x_wconf 79' lang='lat' dir='ltr'>s</span> <span class='ocrx_word' id='word_1_469' title='bbox 1553 3085 1676 3141; x_wconf 84' lang='lat' dir='ltr'>Aeacius</span> <span class='ocrx_word' id='word_1_470' title='bbox 1696 3084 1778 3141; x_wconf 83' lang='lat' dir='ltr'>bosun</span> 
     </span>
     <span class='ocr_line' id='line_1_45' title="bbox 146 3167 1776 3243; baseline 0.003 -15"><span class='ocrx_word' id='word_1_471' title='bbox 146 3171 281 3240; x_wconf 77' lang='lat' dir='ltr'>ebriosus,</span> <span class='ocrx_word' id='word_1_472' title='bbox 304 3185 374 3243; x_wconf 89' lang='lat' dir='ltr'>quos</span> <span class='ocrx_word' id='word_1_473' title='bbox 388 3168 510 3242; x_wconf 88' lang='lat' dir='ltr'>bsptisot</span> <span class='ocrx_word' id='word_1_474' title='bbox 536 3167 686 3234; x_wconf 84' lang='lat' dir='ltr'>homicida,</span> <span class='ocrx_word' id='word_1_475' title='bbox 722 3184 792 3241; x_wconf 89' lang='lat' dir='ltr'>quos</span> <span class='ocrx_word' id='word_1_476' title='bbox 819 3169 942 3242; x_wconf 86' lang='lat' dir='ltr'>baptizat</span> <span class='ocrx_word' id='word_1_477' title='bbox 996 3171 1069 3226; x_wconf 91' lang='lat' dir='ltr'>male</span> <span class='ocrx_word' id='word_1_478' title='bbox 1089 3171 1311 3230; x_wconf 87' lang='lat' dir='ltr'>administrando</span> <span class='ocrx_word' id='word_1_479' title='bbox 1325 3173 1376 3231; x_wconf 88' lang='lat' dir='ltr'>sibi</span> <span class='ocrx_word' id='word_1_480' title='bbox 1395 3177 1605 3239; x_wconf 85' lang='lat' dir='ltr'>tamennocuit,</span> <span class='ocrx_word' id='word_1_481' title='bbox 1618 3191 1686 3234; x_wconf 89' lang='lat' dir='ltr'>nam</span> <span class='ocrx_word' id='word_1_482' title='bbox 1709 3177 1776 3235; x_wconf 77' lang='lat' dir='ltr'>intio</span> 
     </span>
     <span class='ocr_line' id='line_1_46' title="bbox 146 3262 1774 3342; baseline 0.005 -20"><span class='ocrx_word' id='word_1_483' title='bbox 146 3264 265 3333; x_wconf 86' lang='lat' dir='ltr'>adulter,</span> <span class='ocrx_word' id='word_1_484' title='bbox 279 3263 406 3321; x_wconf 84' lang='lat' dir='ltr'>Christus</span> <span class='ocrx_word' id='word_1_485' title='bbox 427 3263 487 3336; x_wconf 92' lang='lat' dir='ltr'>ipse</span> <span class='ocrx_word' id='word_1_486' title='bbox 498 3262 626 3335; x_wconf 79' lang='lat' dir='ltr'>baptizat.</span> <span class='ocrx_word' id='word_1_487' title='bbox 643 3282 657 3314; x_wconf 84' lang='lat' dir='ltr'>n</span> <span class='ocrx_word' id='word_1_488' title='bbox 683 3263 760 3320; x_wconf 93' lang='lat' dir='ltr'>ldem</span> <span class='ocrx_word' id='word_1_489' title='bbox 772 3262 808 3320; x_wconf 94' lang='lat' dir='ltr'>ad</span> <span class='ocrx_word' id='word_1_490' title='bbox 822 3263 942 3321; x_wconf 86' lang='lat' dir='ltr'>Vincen·</span> <span class='ocrx_word' id='word_1_491' title='bbox 998 3262 1078 3321; x_wconf 91' lang='lat' dir='ltr'>labile</span> <span class='ocrx_word' id='word_1_492' title='bbox 1091 3275 1304 3337; x_wconf 88' lang='lat' dir='ltr'>sacramentum,</span> <span class='ocrx_word' id='word_1_493' title='bbox 1319 3268 1395 3342; x_wconf 90' lang='lat' dir='ltr'>quod</span> <span class='ocrx_word' id='word_1_494' title='bbox 1407 3270 1543 3341; x_wconf 89' lang='lat' dir='ltr'>perillum</span> <span class='ocrx_word' id='word_1_495' title='bbox 1557 3270 1657 3330; x_wconf 86' lang='lat' dir='ltr'>datum</span> <span class='ocrx_word' id='word_1_496' title='bbox 1670 3279 1712 3330; x_wconf 89' lang='lat' dir='ltr'>est</span> <span class='ocrx_word' id='word_1_497' title='bbox 1722 3272 1774 3340; x_wconf 68' lang='lat' dir='ltr'>silis</span> 
     </span>
     <span class='ocr_line' id='line_1_47' title="bbox 147 3355 1775 3430; baseline 0.004 -14"><span class='ocrx_word' id='word_1_498' title='bbox 147 3359 215 3416; x_wconf 90' lang='lat' dir='ltr'>tiam</span> <span class='ocrx_word' id='word_1_499' title='bbox 237 3357 411 3416; x_wconf 85' lang='lat' dir='ltr'>Donatistam</span> <span class='ocrx_word' id='word_1_500' title='bbox 424 3374 433 3413; x_wconf 77' lang='lat' dir='ltr'>s</span> <span class='ocrx_word' id='word_1_501' title='bbox 447 3378 462 3407; x_wconf 78' lang='lat' dir='ltr'>a</span> <span class='ocrx_word' id='word_1_502' title='bbox 477 3358 540 3413; x_wconf 84' lang='lat' dir='ltr'>Nou</span> <span class='ocrx_word' id='word_1_503' title='bbox 553 3364 726 3413; x_wconf 77' lang='lat' dir='ltr'>monomenta</span> <span class='ocrx_word' id='word_1_504' title='bbox 738 3355 944 3415; x_wconf 84' lang='lat' dir='ltr'>Christianala·</span> <span class='ocrx_word' id='word_1_505' title='bbox 997 3357 1196 3430; x_wconf 84' lang='lat' dir='ltr'>perlectionem</span> <span class='ocrx_word' id='word_1_506' title='bbox 1212 3377 1270 3419; x_wconf 82' lang='lat' dir='ltr'>suaa</span> <span class='ocrx_word' id='word_1_507' title='bbox 1297 3363 1406 3420; x_wconf 76' lang='lat' dir='ltr'>vinctis</span> <span class='ocrx_word' id='word_1_508' title='bbox 1427 3364 1556 3422; x_wconf 87' lang='lat' dir='ltr'>obtinuit.</span> <span class='ocrx_word' id='word_1_509' title='bbox 1582 3388 1596 3415; x_wconf 78' lang='grc' dir='ltr'>ι</span> <span class='ocrx_word' id='word_1_510' title='bbox 1619 3368 1673 3424; x_wconf 83' lang='lat' dir='ltr'>His</span> <span class='ocrx_word' id='word_1_511' title='bbox 1697 3365 1775 3425; x_wconf 84' lang='lat' dir='ltr'>stsl&#39;s</span> 
     </span>
     <span class='ocr_line' id='line_1_48' title="bbox 145 3449 1774 3528; baseline 0.006 -19"><span class='ocrx_word' id='word_1_512' title='bbox 145 3452 223 3509; x_wconf 89' lang='lat' dir='ltr'>ciunt</span> <span class='ocrx_word' id='word_1_513' title='bbox 235 3459 264 3509; x_wconf 88' lang='lat' dir='ltr'>te</span> <span class='ocrx_word' id='word_1_514' title='bbox 277 3451 449 3521; x_wconf 82' lang='lat' dir='ltr'>haereticum,</span> <span class='ocrx_word' id='word_1_515' title='bbox 464 3449 514 3506; x_wconf 90' lang='lat' dir='ltr'>scd</span> <span class='ocrx_word' id='word_1_516' title='bbox 526 3460 609 3522; x_wconf 86' lang='lat' dir='ltr'>prava</span> <span class='ocrx_word' id='word_1_517' title='bbox 625 3449 771 3508; x_wconf 88' lang='lat' dir='ltr'>dissensio.</span> <span class='ocrx_word' id='word_1_518' title='bbox 798 3452 860 3508; x_wconf 80' lang='lat' dir='ltr'>iton</span> <span class='ocrx_word' id='word_1_519' title='bbox 877 3466 941 3524; x_wconf 89' lang='lat' dir='ltr'>prc-</span> <span class='ocrx_word' id='word_1_520' title='bbox 996 3451 1121 3523; x_wconf 90' lang='lat' dir='ltr'>pluribus</span> <span class='ocrx_word' id='word_1_521' title='bbox 1132 3452 1303 3511; x_wconf 81' lang='lat' dir='ltr'>diversorum</span> <span class='ocrx_word' id='word_1_522' title='bbox 1316 3458 1575 3528; x_wconf 83' lang='lat' dir='ltr'>patrumsentsntiis</span> <span class='ocrx_word' id='word_1_523' title='bbox 1587 3460 1709 3519; x_wconf 74' lang='lat' dir='ltr'>recimtb</span> <span class='ocrx_word' id='word_1_524' title='bbox 1719 3460 1774 3518; x_wconf 81' lang='lat' dir='ltr'>itta</span> 
     </span>
     <span class='ocr_line' id='line_1_49' title="bbox 145 3542 1774 3626; baseline 0.006 -25"><span class='ocrx_word' id='word_1_525' title='bbox 145 3552 206 3619; x_wconf 89' lang='lat' dir='ltr'>pter</span> <span class='ocrx_word' id='word_1_526' title='bbox 227 3546 332 3602; x_wconf 89' lang='lat' dir='ltr'>malum</span> <span class='ocrx_word' id='word_1_527' title='bbox 353 3543 427 3618; x_wconf 92' lang='lat' dir='ltr'>quod</span> <span class='ocrx_word' id='word_1_528' title='bbox 451 3542 617 3616; x_wconf 87' lang='lat' dir='ltr'>processita</span> <span class='ocrx_word' id='word_1_529' title='bbox 647 3552 685 3613; x_wconf 88' lang='lat' dir='ltr'>te,</span> <span class='ocrx_word' id='word_1_530' title='bbox 719 3544 878 3618; x_wconf 91' lang='lat' dir='ltr'>negandum</span> <span class='ocrx_word' id='word_1_531' title='bbox 901 3552 943 3601; x_wconf 91' lang='lat' dir='ltr'>est</span> <span class='ocrx_word' id='word_1_532' title='bbox 996 3558 1163 3619; x_wconf 84' lang='lat' dir='ltr'>synagogam</span> <span class='ocrx_word' id='word_1_533' title='bbox 1186 3548 1292 3606; x_wconf 84' lang='lat' dir='ltr'>Satanae</span> <span class='ocrx_word' id='word_1_534' title='bbox 1313 3549 1347 3606; x_wconf 89' lang='lat' dir='ltr'>ad</span> <span class='ocrx_word' id='word_1_535' title='bbox 1371 3551 1541 3608; x_wconf 85' lang='lat' dir='ltr'>reddendam</span> <span class='ocrx_word' id='word_1_536' title='bbox 1566 3552 1717 3626; x_wconf 85' lang='lat' dir='ltr'>impietatis</span> <span class='ocrx_word' id='word_1_537' title='bbox 1732 3565 1774 3611; x_wconf 85' lang='lat' dir='ltr'>ms</span> 
     </span>
     <span class='ocr_line' id='line_1_50' title="bbox 144 3636 1773 3721; baseline 0.005 -25"><span class='ocrx_word' id='word_1_538' title='bbox 144 3638 250 3697; x_wconf 89' lang='lat' dir='ltr'>bonum</span> <span class='ocrx_word' id='word_1_539' title='bbox 262 3636 338 3711; x_wconf 91' lang='lat' dir='ltr'>quod</span> <span class='ocrx_word' id='word_1_540' title='bbox 351 3637 486 3694; x_wconf 84' lang='lat' dir='ltr'>remansit</span> <span class='ocrx_word' id='word_1_541' title='bbox 495 3637 524 3693; x_wconf 95' lang='lat' dir='ltr'>in</span> <span class='ocrx_word' id='word_1_542' title='bbox 539 3646 567 3693; x_wconf 92' lang='lat' dir='ltr'>te</span> <span class='ocrx_word' id='word_1_543' title='bbox 578 3656 586 3705; x_wconf 71' lang='grc' dir='ltr'><strong>ς</strong></span> <span class='ocrx_word' id='word_1_544' title='bbox 596 3637 671 3708; x_wconf 92' lang='lat' dir='ltr'>quod</span> <span class='ocrx_word' id='word_1_545' title='bbox 687 3638 760 3695; x_wconf 92' lang='lat' dir='ltr'>malo</span> <span class='ocrx_word' id='word_1_546' title='bbox 773 3645 823 3696; x_wconf 92' lang='lat' dir='ltr'>tuo</span> <span class='ocrx_word' id='word_1_547' title='bbox 847 3637 941 3707; x_wconf 80' lang='lat' dir='ltr'>habes,</span> <span class='ocrx_word' id='word_1_548' title='bbox 996 3638 1130 3697; x_wconf 82' lang='lat' dir='ltr'>ratiomm</span> <span class='ocrx_word' id='word_1_549' title='bbox 1143 3640 1240 3698; x_wconf 85' lang='lat' dir='ltr'>litteris</span> <span class='ocrx_word' id='word_1_550' title='bbox 1253 3651 1282 3698; x_wconf 91' lang='lat' dir='ltr'>et</span> <span class='ocrx_word' id='word_1_551' title='bbox 1304 3643 1410 3700; x_wconf 88' lang='lat' dir='ltr'>nuntiis</span> <span class='ocrx_word' id='word_1_552' title='bbox 1422 3645 1524 3703; x_wconf 88' lang='lat' dir='ltr'>nostris</span> <span class='ocrx_word' id='word_1_553' title='bbox 1544 3645 1582 3704; x_wconf 90' lang='lat' dir='ltr'>ad</span> <span class='ocrx_word' id='word_1_554' title='bbox 1594 3648 1728 3721; x_wconf 84' lang='lat' dir='ltr'>synodrm</span> <span class='ocrx_word' id='word_1_555' title='bbox 1738 3662 1773 3704; x_wconf 86' lang='lat' dir='ltr'>tc-</span> 
     </span>
     <span class='ocr_line' id='line_1_51' title="bbox 146 3728 1771 3817; baseline 0.009 -31"><span class='ocrx_word' id='word_1_556' title='bbox 146 3729 224 3786; x_wconf 91' lang='lat' dir='ltr'>siibi</span> <span class='ocrx_word' id='word_1_557' title='bbox 239 3745 297 3786; x_wconf 90' lang='lat' dir='ltr'>non</span> <span class='ocrx_word' id='word_1_558' title='bbox 317 3728 404 3786; x_wconf 85' lang='lat' dir='ltr'>habes</span> <span class='ocrx_word' id='word_1_559' title='bbox 416 3729 489 3787; x_wconf 83' lang='lat' dir='ltr'>unda</span> <span class='ocrx_word' id='word_1_560' title='bbox 503 3738 548 3786; x_wconf 90' lang='lat' dir='ltr'>est</span> <span class='ocrx_word' id='word_1_561' title='bbox 569 3728 677 3787; x_wconf 92' lang='lat' dir='ltr'>bonum</span> <span class='ocrx_word' id='word_1_562' title='bbox 697 3731 773 3803; x_wconf 90' lang='lat' dir='ltr'>quod</span> <span class='ocrx_word' id='word_1_563' title='bbox 791 3732 885 3789; x_wconf 83' lang='lat' dir='ltr'>habes.</span> <span class='ocrx_word' id='word_1_564' title='bbox 899 3736 942 3790; x_wconf 84' lang='lat' dir='ltr'>Ex</span> <span class='ocrx_word' id='word_1_565' title='bbox 995 3734 1126 3804; x_wconf 76' lang='lat' dir='ltr'>caurum,</span> <span class='ocrx_word' id='word_1_566' title='bbox 1141 3744 1304 3793; x_wconf 90' lang='lat' dir='ltr'>nontamen</span> <span class='ocrx_word' id='word_1_567' title='bbox 1318 3737 1411 3811; x_wconf 88' lang='lat' dir='ltr'>utipsi</span> <span class='ocrx_word' id='word_1_568' title='bbox 1432 3738 1614 3810; x_wconf 88' lang='lat' dir='ltr'>audientiam,</span> <span class='ocrx_word' id='word_1_569' title='bbox 1630 3742 1659 3799; x_wconf 89' lang='lat' dir='ltr'>in</span> <span class='ocrx_word' id='word_1_570' title='bbox 1677 3752 1771 3817; x_wconf 83' lang='lat' dir='ltr'>prater·</span> 
     </span>
     <span class='ocr_line' id='line_1_52' title="bbox 144 3821 1826 3904; baseline 0.012 -25"><span class='ocrx_word' id='word_1_571' title='bbox 144 3821 379 3894; x_wconf 85' lang='lat' dir='ltr'>catholicaitaque</span> <span class='ocrx_word' id='word_1_572' title='bbox 392 3822 514 3878; x_wconf 75' lang='lat' dir='ltr'>Ecclesia</span> <span class='ocrx_word' id='word_1_573' title='bbox 527 3822 942 3883; x_wconf 77' lang='lat' dir='ltr'>sintomniasacrameutaiio·</span> <span class='ocrx_word' id='word_1_574' title='bbox 997 3826 1041 3882; x_wconf 89' lang='lat' dir='ltr'>itis</span> <span class='ocrx_word' id='word_1_575' title='bbox 1052 3827 1175 3884; x_wconf 92' lang='lat' dir='ltr'>conciliis</span> <span class='ocrx_word' id='word_1_576' title='bbox 1184 3829 1244 3902; x_wconf 85' lang='lat' dir='ltr'>jam</span> <span class='ocrx_word' id='word_1_577' title='bbox 1265 3846 1380 3903; x_wconf 90' lang='lat' dir='ltr'>prorsus</span> <span class='ocrx_word' id='word_1_578' title='bbox 1403 3832 1594 3904; x_wconf 88' lang='lat' dir='ltr'>eiesclusam,</span> <span class='ocrx_word' id='word_1_579' title='bbox 1608 3842 1770 3898; x_wconf 67' lang='lat' dir='ltr'>mserum</span> <span class='ocrx_word' id='word_1_580' title='bbox 1824 3892 1826 3899; x_wconf 93' lang='lat'>.</span> 
     </span>
     <span class='ocr_line' id='line_1_53' title="bbox 145 3913 1826 4004; baseline 0.011 -33"><span class='ocrx_word' id='word_1_581' title='bbox 145 3916 257 3984; x_wconf 88' lang='lat' dir='ltr'>minica,</span> <span class='ocrx_word' id='word_1_582' title='bbox 272 3930 334 3988; x_wconf 87' lang='lat' dir='ltr'>quse</span> <span class='ocrx_word' id='word_1_583' title='bbox 354 3913 585 3971; x_wconf 86' lang='lat' dir='ltr'>sicuthabetiset</span> <span class='ocrx_word' id='word_1_584' title='bbox 607 3914 689 3983; x_wconf 89' lang='lat' dir='ltr'>datis,</span> <span class='ocrx_word' id='word_1_585' title='bbox 704 3917 941 3988; x_wconf 88' lang='lat' dir='ltr'>quomodohabc·</span> <span class='ocrx_word' id='word_1_586' title='bbox 995 3919 1087 3978; x_wconf 86' lang='lat' dir='ltr'>sedut</span> <span class='ocrx_word' id='word_1_587' title='bbox 1104 3937 1201 3995; x_wconf 89' lang='lat' dir='ltr'>pacem</span> <span class='ocrx_word' id='word_1_588' title='bbox 1212 3933 1315 3982; x_wconf 74' lang='lat' dir='ltr'>sancta</span> <span class='ocrx_word' id='word_1_589' title='bbox 1334 3926 1473 3995; x_wconf 77' lang='lat' dir='ltr'>Ecclesia,</span> <span class='ocrx_word' id='word_1_590' title='bbox 1488 3943 1551 4000; x_wconf 79' lang='lat' dir='ltr'>quas</span> <span class='ocrx_word' id='word_1_591' title='bbox 1572 3944 1621 4001; x_wconf 88' lang='lat' dir='ltr'>per</span> <span class='ocrx_word' id='word_1_592' title='bbox 1642 3931 1771 4004; x_wconf 81' lang='lat' dir='ltr'>ipsosots·</span> <span class='ocrx_word' id='word_1_593' title='bbox 1822 3918 1826 3991; x_wconf 79' lang='lat' dir='ltr'>l</span> 
     </span>
    </p>
   </div>
   <div class='ocr_carea' id='block_1_7' title="bbox 142 3996 1826 4283">
    <p class='ocr_par' dir='ltr' id='par_1_7' title="bbox 142 3996 1826 4283">
     <span class='ocr_line' id='line_1_54' title="bbox 146 3996 1826 4094; baseline 0.01 -28"><span class='ocrx_word' id='word_1_594' title='bbox 146 4007 677 4080; x_wconf 78' lang='lat' dir='ltr'>bansuetdaoanturetiampriusquam</span> <span class='ocrx_word' id='word_1_595' title='bbox 685 4008 942 4068; x_wconf 85' lang='lat' dir='ltr'>indeexiretis.llcn</span> <span class='ocrx_word' id='word_1_596' title='bbox 994 4013 1061 4071; x_wconf 90' lang='lat' dir='ltr'>nino</span> <span class='ocrx_word' id='word_1_597' title='bbox 1074 4014 1163 4074; x_wconf 83' lang='lat' dir='ltr'>divisa</span> <span class='ocrx_word' id='word_1_598' title='bbox 1177 4024 1229 4085; x_wconf 88' lang='lat' dir='ltr'>est,</span> <span class='ocrx_word' id='word_1_599' title='bbox 1241 4018 1267 4075; x_wconf 94' lang='lat' dir='ltr'>in</span> <span class='ocrx_word' id='word_1_600' title='bbox 1278 4020 1411 4077; x_wconf 89' lang='lat' dir='ltr'>unitatem</span> <span class='ocrx_word' id='word_1_601' title='bbox 1420 4036 1664 4094; x_wconf 80' lang='lat' dir='ltr'>compunctus.</span> <span class='ocrx_word' id='word_1_602' title='bbox 1675 4018 1770 4081; x_wconf 72' lang='lat' dir='ltr'>iisn-</span> <span class='ocrx_word' id='word_1_603' title='bbox 1820 3996 1826 4069; x_wconf 61' lang='lat' dir='ltr'>i</span> 
     </span>
     <span class='ocr_line' id='line_1_55' title="bbox 145 4076 1826 4179; baseline 0.005 -18"><span class='ocrx_word' id='word_1_604' title='bbox 145 4109 239 4161; x_wconf 85' lang='lat' dir='ltr'>tamen</span> <span class='ocrx_word' id='word_1_605' title='bbox 265 4100 328 4160; x_wconf 90' lang='lat' dir='ltr'>ideo</span> <span class='ocrx_word' id='word_1_606' title='bbox 353 4115 411 4157; x_wconf 90' lang='lat' dir='ltr'>non</span> <span class='ocrx_word' id='word_1_607' title='bbox 428 4099 545 4169; x_wconf 82' lang='lat' dir='ltr'>habetis,</span> <span class='ocrx_word' id='word_1_608' title='bbox 564 4100 698 4174; x_wconf 86' lang='lat' dir='ltr'>quianon</span> <span class='ocrx_word' id='word_1_609' title='bbox 719 4101 785 4159; x_wconf 88' lang='lat' dir='ltr'>estis</span> <span class='ocrx_word' id='word_1_610' title='bbox 801 4103 843 4160; x_wconf 92' lang='lat' dir='ltr'>ibi</span> <span class='ocrx_word' id='word_1_611' title='bbox 865 4104 940 4163; x_wconf 87' lang='lat' dir='ltr'>unde</span> <span class='ocrx_word' id='word_1_612' title='bbox 995 4122 1058 4165; x_wconf 90' lang='lat' dir='ltr'>rum</span> <span class='ocrx_word' id='word_1_613' title='bbox 1071 4118 1165 4167; x_wconf 88' lang='lat' dir='ltr'>autem</span> <span class='ocrx_word' id='word_1_614' title='bbox 1178 4110 1223 4167; x_wconf 92' lang='lat' dir='ltr'>hio</span> <span class='ocrx_word' id='word_1_615' title='bbox 1236 4119 1316 4170; x_wconf 78' lang='lat' dir='ltr'>tenm</span> <span class='ocrx_word' id='word_1_616' title='bbox 1330 4112 1391 4172; x_wconf 91' lang='lat' dir='ltr'>luit.</span> <span class='ocrx_word' id='word_1_617' title='bbox 1818 4076 1826 4179; x_wconf 54' lang='lat' dir='ltr'>b</span> 
     </span>
     <span class='ocr_line' id='line_1_56' title="bbox 142 4188 1826 4283; baseline -0.001 -31"><span class='ocrx_word' id='word_1_618' title='bbox 142 4192 400 4267; x_wconf 83' lang='lat' dir='ltr'>sintquaehabetis.</span> <span class='ocrx_word' id='word_1_619' title='bbox 413 4194 607 4251; x_wconf 86' lang='lat' dir='ltr'>lioninnohis</span> <span class='ocrx_word' id='word_1_620' title='bbox 629 4203 778 4265; x_wconf 86' lang='lat' dir='ltr'>mutamus,</span> <span class='ocrx_word' id='word_1_621' title='bbox 794 4197 823 4253; x_wconf 94' lang='lat' dir='ltr'>in</span> <span class='ocrx_word' id='word_1_622' title='bbox 839 4198 941 4270; x_wconf 89' lang='lat' dir='ltr'>quibus</span> <span class='ocrx_word' id='word_1_623' title='bbox 1370 4228 1406 4283; x_wconf 63' lang='lat' dir='ltr'>vl</span> <span class='ocrx_word' id='word_1_624' title='bbox 1822 4188 1826 4223; x_wconf 80' lang='lat'>²</span> 
     </span>
    </p>
   </div>
   <div class='ocr_carea' id='block_1_8' title="bbox 144 4270 1769 4399">
    <p class='ocr_par' dir='ltr' id='par_1_8' title="bbox 144 4270 1769 4399">
     <span class='ocr_line' id='line_1_57' title="bbox 144 4270 1769 4399; baseline 0.019 -53"><span class='ocrx_word' id='word_1_625' title='bbox 144 4288 467 4347; x_wconf 85' lang='lat' dir='ltr'>estisnobiscnm.1iam</span> <span class='ocrx_word' id='word_1_626' title='bbox 485 4287 560 4345; x_wconf 87' lang='lat' dir='ltr'>etde</span> <span class='ocrx_word' id='word_1_627' title='bbox 576 4287 676 4346; x_wconf 90' lang='lat' dir='ltr'>talibus</span> <span class='ocrx_word' id='word_1_628' title='bbox 686 4289 793 4347; x_wconf 90' lang='lat' dir='ltr'>dictum</span> <span class='ocrx_word' id='word_1_629' title='bbox 814 4299 940 4366; x_wconf 82' lang='lat' dir='ltr'>estquo-</span> <span class='ocrx_word' id='word_1_630' title='bbox 999 4325 1116 4381; x_wconf 52' lang='lat' dir='ltr'>wibert,-</span> <span class='ocrx_word' id='word_1_631' title='bbox 1129 4328 1244 4399; x_wconf 54' lang='lat' dir='ltr'>,mmm</span> <span class='ocrx_word' id='word_1_632' title='bbox 1258 4329 1295 4385; x_wconf 59' lang='lat' dir='ltr'>ad</span> <span class='ocrx_word' id='word_1_633' title='bbox 1308 4330 1338 4387; x_wconf 44' lang='lat'>0·</span> <span class='ocrx_word' id='word_1_634' title='bbox 1365 4270 1522 4388; x_wconf 53' lang='lat' dir='ltr'>Ospgmm,</span> <span class='ocrx_word' id='word_1_635' title='bbox 1537 4362 1572 4373; x_wconf 88' lang='grc'>..</span> <span class='ocrx_word' id='word_1_636' title='bbox 1592 4337 1629 4393; x_wconf 60' lang='lat' dir='ltr'>pe</span> <span class='ocrx_word' id='word_1_637' title='bbox 1642 4338 1769 4395; x_wconf 59' lang='lat' dir='ltr'>„wc</span> 
     </span>
    </p>
   </div>
   <div class='ocr_carea' id='block_1_9' title="bbox 142 4381 1826 4552">
    <p class='ocr_par' dir='ltr' id='par_1_9' title="bbox 142 4381 1826 4552">
     <span class='ocr_line' id='line_1_58' title="bbox 144 4381 1826 4481; baseline 0.007 -43"><span class='ocrx_word' id='word_1_638' title='bbox 144 4383 217 4438; x_wconf 88' lang='lat' dir='ltr'>niam</span> <span class='ocrx_word' id='word_1_639' title='bbox 231 4381 259 4438; x_wconf 93' lang='lat' dir='ltr'>in</span> <span class='ocrx_word' id='word_1_640' title='bbox 273 4381 368 4439; x_wconf 92' lang='lat' dir='ltr'>multis</span> <span class='ocrx_word' id='word_1_641' title='bbox 381 4388 589 4438; x_wconf 88' lang='lat' dir='ltr'>eruntmecum.</span> <span class='ocrx_word' id='word_1_642' title='bbox 605 4381 661 4439; x_wconf 88' lang='lat' dir='ltr'>Sed</span> <span class='ocrx_word' id='word_1_643' title='bbox 677 4399 708 4439; x_wconf 87' lang='lat' dir='ltr'>ea</span> <span class='ocrx_word' id='word_1_644' title='bbox 722 4384 895 4458; x_wconf 78' lang='lat' dir='ltr'>corrigimus,</span> <span class='ocrx_word' id='word_1_645' title='bbox 910 4385 939 4443; x_wconf 93' lang='lat' dir='ltr'>in</span> <span class='ocrx_word' id='word_1_646' title='bbox 1030 4398 1060 4450; x_wconf 81' lang='lat' dir='ltr'>in</span> <span class='ocrx_word' id='word_1_647' title='bbox 1073 4399 1174 4466; x_wconf 71' lang='lat' dir='ltr'>synodo</span> <span class='ocrx_word' id='word_1_648' title='bbox 1188 4402 1312 4456; x_wconf 73' lang='lat' dir='ltr'>nomano</span> <span class='ocrx_word' id='word_1_649' title='bbox 1320 4405 1770 4481; x_wconf 61' lang='lat' dir='ltr'>constitutisciqtsodaappmau</span> <span class='ocrx_word' id='word_1_650' title='bbox 1823 4392 1826 4449; x_wconf 85' lang='lat' dir='ltr'>l</span> 
     </span>
     <span class='ocr_line' id='line_1_59' title="bbox 142 4460 1475 4552; baseline 0.002 -19"><span class='ocrx_word' id='word_1_651' title='bbox 142 4475 243 4548; x_wconf 91' lang='lat' dir='ltr'>quibus</span> <span class='ocrx_word' id='word_1_652' title='bbox 259 4489 317 4532; x_wconf 90' lang='lat' dir='ltr'>non</span> <span class='ocrx_word' id='word_1_653' title='bbox 327 4475 395 4532; x_wconf 85' lang='lat' dir='ltr'>estis</span> <span class='ocrx_word' id='word_1_654' title='bbox 412 4473 567 4541; x_wconf 81' lang='lat' dir='ltr'>nobiscum,</span> <span class='ocrx_word' id='word_1_655' title='bbox 580 4482 609 4531; x_wconf 90' lang='lat' dir='ltr'>et</span> <span class='ocrx_word' id='word_1_656' title='bbox 629 4489 661 4531; x_wconf 90' lang='lat' dir='ltr'>ea</span> <span class='ocrx_word' id='word_1_657' title='bbox 680 4491 729 4533; x_wconf 86' lang='lat' dir='ltr'>sos</span> <span class='ocrx_word' id='word_1_658' title='bbox 753 4476 799 4534; x_wconf 89' lang='lat' dir='ltr'>hic</span> <span class='ocrx_word' id='word_1_659' title='bbox 814 4479 938 4552; x_wconf 85' lang='lat' dir='ltr'>accipere</span> <span class='ocrx_word' id='word_1_660' title='bbox 953 4460 979 4526; x_wconf 77' lang='grc' dir='ltr'>Ῑ)</span> <span class='ocrx_word' id='word_1_661' title='bbox 1029 4474 1138 4526; x_wconf 62' lang='lat' dir='ltr'>”mitit</span> <span class='ocrx_word' id='word_1_662' title='bbox 1151 4486 1205 4527; x_wconf 67' lang='lat' dir='ltr'>tlon</span> <span class='ocrx_word' id='word_1_663' title='bbox 1217 4474 1329 4542; x_wconf 58' lang='lat' dir='ltr'>venem,</span> <span class='ocrx_word' id='word_1_664' title='bbox 1341 4474 1475 4545; x_wconf 71' lang='lat' dir='ltr'>obuiusi·</span> 
     </span>
    </p>
   </div>
   <div class='ocr_carea' id='block_1_10' title="bbox 20 4567 1814 5697">
    <p class='ocr_par' dir='ltr' id='par_1_10' title="bbox 141 4567 1492 4640">
     <span class='ocr_line' id='line_1_60' title="bbox 141 4567 1492 4640; baseline 0.01 -18"><span class='ocrx_word' id='word_1_665' title='bbox 141 4568 279 4635; x_wconf 78' lang='lat' dir='ltr'>velumus,</span> <span class='ocrx_word' id='word_1_666' title='bbox 293 4582 356 4640; x_wconf 75' lang='lat' dir='ltr'>qum</span> <span class='ocrx_word' id='word_1_667' title='bbox 368 4567 545 4624; x_wconf 89' lang='lat' dir='ltr'>nonhabctis</span> <span class='ocrx_word' id='word_1_668' title='bbox 564 4568 621 4624; x_wconf 88' lang='lat' dir='ltr'>illic</span> <span class='ocrx_word' id='word_1_669' title='bbox 634 4567 681 4624; x_wconf 91' lang='lat' dir='ltr'>ubi</span> <span class='ocrx_word' id='word_1_670' title='bbox 695 4568 770 4627; x_wconf 88' lang='lat' dir='ltr'>estis.</span> <span class='ocrx_word' id='word_1_671' title='bbox 786 4571 939 4630; x_wconf 83' lang='lat' dir='ltr'>Nobiscum</span> <span class='ocrx_word' id='word_1_672' title='bbox 1293 4571 1385 4634; x_wconf 73' lang='lat' dir='ltr'>(Anno</span> <span class='ocrx_word' id='word_1_673' title='bbox 1402 4575 1492 4635; x_wconf 75' lang='lat'>10⁸9.)</span> 
     </span>
    </p>

    <p class='ocr_par' dir='ltr' id='par_1_11' title="bbox 142 4660 1596 4745">
     <span class='ocr_line' id='line_1_61' title="bbox 142 4660 1596 4745; baseline 0.01 -27"><span class='ocrx_word' id='word_1_674' title='bbox 142 4669 238 4718; x_wconf 87' lang='lat' dir='ltr'>autem</span> <span class='ocrx_word' id='word_1_675' title='bbox 251 4661 317 4719; x_wconf 89' lang='lat' dir='ltr'>estis</span> <span class='ocrx_word' id='word_1_676' title='bbox 326 4661 356 4717; x_wconf 92' lang='lat' dir='ltr'>in</span> <span class='ocrx_word' id='word_1_677' title='bbox 368 4661 515 4733; x_wconf 88' lang='lat' dir='ltr'>baptismo,</span> <span class='ocrx_word' id='word_1_678' title='bbox 528 4661 555 4717; x_wconf 91' lang='lat' dir='ltr'>in</span> <span class='ocrx_word' id='word_1_679' title='bbox 571 4660 709 4735; x_wconf 84' lang='lat' dir='ltr'>symbolo,</span> <span class='ocrx_word' id='word_1_680' title='bbox 723 4663 752 4719; x_wconf 93' lang='lat' dir='ltr'>in</span> <span class='ocrx_word' id='word_1_681' title='bbox 764 4665 871 4723; x_wconf 75' lang='lat' dir='ltr'>cacteris</span> <span class='ocrx_word' id='word_1_682' title='bbox 883 4669 938 4723; x_wconf 80' lang='lat' dir='ltr'>Do</span> <span class='ocrx_word' id='word_1_683' title='bbox 1188 4673 1312 4740; x_wconf 69' lang='lat' dir='ltr'>[Manen</span> <span class='ocrx_word' id='word_1_684' title='bbox 1325 4672 1425 4729; x_wconf 83' lang='lat' dir='ltr'>Gcncil.</span> <span class='ocrx_word' id='word_1_685' title='bbox 1440 4674 1509 4739; x_wconf 80' lang='lat' dir='ltr'>XX.</span> <span class='ocrx_word' id='word_1_686' title='bbox 1519 4680 1596 4745; x_wconf 68' lang='lat' dir='ltr'>sab]</span> 
     </span>
    </p>

    <p class='ocr_par' dir='ltr' id='par_1_12' title="bbox 142 4752 1772 4852">
     <span class='ocr_line' id='line_1_62' title="bbox 142 4752 1772 4852; baseline 0.014 -43"><span class='ocrx_word' id='word_1_687' title='bbox 142 4752 253 4811; x_wconf 81' lang='lat' dir='ltr'>minicia</span> <span class='ocrx_word' id='word_1_688' title='bbox 270 4754 461 4813; x_wconf 80' lang='lat' dir='ltr'>sacramentis.</span> <span class='ocrx_word' id='word_1_689' title='bbox 478 4758 511 4812; x_wconf 93' lang='lat' dir='ltr'>ln</span> <span class='ocrx_word' id='word_1_690' title='bbox 529 4755 627 4827; x_wconf 83' lang='lat' dir='ltr'>spiritu</span> <span class='ocrx_word' id='word_1_691' title='bbox 649 4764 743 4814; x_wconf 91' lang='lat' dir='ltr'>autem</span> <span class='ocrx_word' id='word_1_692' title='bbox 767 4759 889 4829; x_wconf 84' lang='lat' dir='ltr'>unitatis,</span> <span class='ocrx_word' id='word_1_693' title='bbox 910 4767 939 4817; x_wconf 86' lang='lat' dir='ltr'>ct</span> <span class='ocrx_word' id='word_1_694' title='bbox 1028 4768 1584 4843; x_wconf 79' lang='lat' dir='ltr'>Cususssepiscopus‚sersusservorum</span> <span class='ocrx_word' id='word_1_695' title='bbox 1592 4776 1772 4852; x_wconf 82' lang='lat' dir='ltr'>Dei,0.,olisr</span> 
     </span>
    </p>

    <p class='ocr_par' dir='ltr' id='par_1_13' title="bbox 141 4846 1773 4944">
     <span class='ocr_line' id='line_1_63' title="bbox 141 4846 1773 4944; baseline 0.019 -42"><span class='ocrx_word' id='word_1_696' title='bbox 141 4846 171 4903; x_wconf 94' lang='lat' dir='ltr'>in</span> <span class='ocrx_word' id='word_1_697' title='bbox 185 4846 297 4904; x_wconf 85' lang='lat' dir='ltr'>vinculo</span> <span class='ocrx_word' id='word_1_698' title='bbox 312 4847 403 4919; x_wconf 79' lang='lat' dir='ltr'>pac&#39;s,</span> <span class='ocrx_word' id='word_1_699' title='bbox 417 4847 518 4920; x_wconf 83' lang='lat' dir='ltr'>inipso</span> <span class='ocrx_word' id='word_1_700' title='bbox 533 4847 651 4921; x_wconf 78' lang='lat' dir='ltr'>denique</span> <span class='ocrx_word' id='word_1_701' title='bbox 665 4850 801 4909; x_wconf 90' lang='lat' dir='ltr'>catholica</span> <span class='ocrx_word' id='word_1_702' title='bbox 818 4854 936 4911; x_wconf 80' lang='lat' dir='ltr'>Ecclesia</span> <span class='ocrx_word' id='word_1_703' title='bbox 991 4857 1067 4918; x_wconf 90' lang='lat' dir='ltr'>dicto</span> <span class='ocrx_word' id='word_1_704' title='bbox 1083 4862 1203 4922; x_wconf 88' lang='lat' dir='ltr'>Ostiensi</span> <span class='ocrx_word' id='word_1_705' title='bbox 1226 4864 1363 4939; x_wconf 87' lang='lat' dir='ltr'>episcopo,</span> <span class='ocrx_word' id='word_1_706' title='bbox 1394 4877 1422 4925; x_wconf 88' lang='lat' dir='ltr'>et</span> <span class='ocrx_word' id='word_1_707' title='bbox 1451 4872 1616 4942; x_wconf 85' lang='lat' dir='ltr'>sequacibus</span> <span class='ocrx_word' id='word_1_708' title='bbox 1638 4874 1694 4931; x_wconf 89' lang='lat' dir='ltr'>suis</span> <span class='ocrx_word' id='word_1_709' title='bbox 1722 4882 1773 4944; x_wconf 63' lang='lat' dir='ltr'>qo!</span> 
     </span>
    </p>

    <p class='ocr_par' dir='ltr' id='par_1_14' title="bbox 142 4939 1146 5015">
     <span class='ocr_line' id='line_1_64' title="bbox 142 4939 1146 5015; baseline 0.019 -20"><span class='ocrx_word' id='word_1_710' title='bbox 142 4939 287 4997; x_wconf 77' lang='lat' dir='ltr'>nobisunu</span> <span class='ocrx_word' id='word_1_711' title='bbox 301 4956 360 4997; x_wconf 92' lang='lat' dir='ltr'>non</span> <span class='ocrx_word' id='word_1_712' title='bbox 374 4941 448 4997; x_wconf 90' lang='lat' dir='ltr'>estis.</span> <span class='ocrx_word' id='word_1_713' title='bbox 465 4962 479 4991; x_wconf 76' lang='grc' dir='ltr'><strong>ι</strong></span> <span class='ocrx_word' id='word_1_714' title='bbox 499 4943 613 4999; x_wconf 86' lang='lat' dir='ltr'>iteruin</span> <span class='ocrx_word' id='word_1_715' title='bbox 633 4950 733 5015; x_wconf 89' lang='lat' dir='ltr'>quarto</span> <span class='ocrx_word' id='word_1_716' title='bbox 756 4944 826 5002; x_wconf 90' lang='lat' dir='ltr'>libro</span> <span class='ocrx_word' id='word_1_717' title='bbox 839 4955 937 5007; x_wconf 80' lang='lat' dir='ltr'>contm</span> <span class='ocrx_word' id='word_1_718' title='bbox 992 4963 1146 5014; x_wconf 85' lang='lat' dir='ltr'>merentur.</span> 
     </span>
    </p>

    <p class='ocr_par' dir='ltr' id='par_1_15' title="bbox 140 5033 1770 5133">
     <span class='ocr_line' id='line_1_65' title="bbox 140 5033 1770 5133; baseline 0.02 -44"><span class='ocrx_word' id='word_1_719' title='bbox 140 5033 302 5092; x_wconf 82' lang='lat' dir='ltr'>Donatistae</span> <span class='ocrx_word' id='word_1_720' title='bbox 316 5050 323 5089; x_wconf 92' lang='lat'><strong>:</strong></span> <span class='ocrx_word' id='word_1_721' title='bbox 340 5054 355 5083; x_wconf 79' lang='grc' dir='ltr'>ι</span> <span class='ocrx_word' id='word_1_722' title='bbox 369 5033 445 5091; x_wconf 87' lang='lat' dir='ltr'>Sicut</span> <span class='ocrx_word' id='word_1_723' title='bbox 471 5035 563 5108; x_wconf 88' lang='lat' dir='ltr'>urgeri</span> <span class='ocrx_word' id='word_1_724' title='bbox 578 5034 686 5106; x_wconf 86' lang='lat' dir='ltr'>videor,</span> <span class='ocrx_word' id='word_1_725' title='bbox 698 5053 764 5094; x_wconf 91' lang='lat' dir='ltr'>cum</span> <span class='ocrx_word' id='word_1_726' title='bbox 777 5039 846 5096; x_wconf 92' lang='lat' dir='ltr'>mihi</span> <span class='ocrx_word' id='word_1_727' title='bbox 867 5040 935 5099; x_wconf 90' lang='lat' dir='ltr'>dici·</span> <span class='ocrx_word' id='word_1_728' title='bbox 1026 5048 1103 5107; x_wconf 85' lang='lat' dir='ltr'>Licet</span> <span class='ocrx_word' id='word_1_729' title='bbox 1121 5051 1245 5124; x_wconf 81' lang='lat' dir='ltr'>synodali</span> <span class='ocrx_word' id='word_1_730' title='bbox 1267 5053 1407 5112; x_wconf 89' lang='lat' dir='ltr'>audientia</span> <span class='ocrx_word' id='word_1_731' title='bbox 1421 5072 1470 5115; x_wconf 84' lang='lat' dir='ltr'>vos</span> <span class='ocrx_word' id='word_1_732' title='bbox 1495 5059 1628 5133; x_wconf 89' lang='lat' dir='ltr'>indignos</span> <span class='ocrx_word' id='word_1_733' title='bbox 1641 5058 1770 5123; x_wconf 73' lang='lat' dir='ltr'>lecisssb&#39;t.</span> 
     </span>
    </p>

    <p class='ocr_par' dir='ltr' id='par_1_16' title="bbox 140 5125 1771 5216">
     <span class='ocr_line' id='line_1_66' title="bbox 140 5125 1771 5216; baseline 0.016 -35"><span class='ocrx_word' id='word_1_734' title='bbox 140 5133 185 5182; x_wconf 88' lang='lat' dir='ltr'>tur</span> <span class='ocrx_word' id='word_1_735' title='bbox 200 5143 208 5181; x_wconf 76' lang='lat' dir='ltr'>s</span> <span class='ocrx_word' id='word_1_736' title='bbox 224 5128 298 5201; x_wconf 80' lang='lat' dir='ltr'>Ergo</span> <span class='ocrx_word' id='word_1_737' title='bbox 315 5126 459 5185; x_wconf 83' lang='lat' dir='ltr'>haereticus</span> <span class='ocrx_word' id='word_1_738' title='bbox 471 5125 586 5184; x_wconf 91' lang='lat' dir='ltr'>dimittit</span> <span class='ocrx_word' id='word_1_739' title='bbox 597 5137 719 5201; x_wconf 83' lang='lat' dir='ltr'>peccata,</span> <span class='ocrx_word' id='word_1_740' title='bbox 733 5146 797 5188; x_wconf 87' lang='lat' dir='ltr'>eum</span> <span class='ocrx_word' id='word_1_741' title='bbox 815 5132 899 5205; x_wconf 83' lang='lat' dir='ltr'>juxta</span> <span class='ocrx_word' id='word_1_742' title='bbox 908 5143 936 5193; x_wconf 92' lang='lat' dir='ltr'>te</span> <span class='ocrx_word' id='word_1_743' title='bbox 989 5140 1054 5213; x_wconf 88' lang='lat' dir='ltr'>quia</span> <span class='ocrx_word' id='word_1_744' title='bbox 1064 5142 1099 5199; x_wconf 85' lang='lat' dir='ltr'>ad</span> <span class='ocrx_word' id='word_1_745' title='bbox 1113 5143 1254 5216; x_wconf 81' lang='lat' dir='ltr'>synodum</span> <span class='ocrx_word' id='word_1_746' title='bbox 1269 5156 1372 5205; x_wconf 72' lang='lat' dir='ltr'>sancta</span> <span class='ocrx_word' id='word_1_747' title='bbox 1385 5152 1521 5209; x_wconf 75' lang='lat' dir='ltr'>Romanas</span> <span class='ocrx_word' id='word_1_748' title='bbox 1542 5153 1673 5214; x_wconf 76' lang='lat' dir='ltr'>Ecclesiae</span> <span class='ocrx_word' id='word_1_749' title='bbox 1687 5151 1771 5211; x_wconf 82' lang='lat' dir='ltr'>muisc-</span> 
     </span>
    </p>

    <p class='ocr_par' dir='ltr' id='par_1_17' title="bbox 20 5219 1814 5416">
     <span class='ocr_line' id='line_1_67' title="bbox 140 5219 1814 5313; baseline 0.018 -37"><span class='ocrx_word' id='word_1_750' title='bbox 140 5219 276 5293; x_wconf 77' lang='lat' dir='ltr'>bsptisat3</span> <span class='ocrx_word' id='word_1_751' title='bbox 300 5220 342 5277; x_wconf 90' lang='lat' dir='ltr'>sic</span> <span class='ocrx_word' id='word_1_752' title='bbox 361 5228 391 5276; x_wconf 90' lang='lat' dir='ltr'>ct</span> <span class='ocrx_word' id='word_1_753' title='bbox 407 5235 459 5293; x_wconf 87' lang='lat' dir='ltr'>ago</span> <span class='ocrx_word' id='word_1_754' title='bbox 476 5236 541 5277; x_wconf 87' lang='lat' dir='ltr'>sum</span> <span class='ocrx_word' id='word_1_755' title='bbox 553 5219 617 5280; x_wconf 90' lang='lat' dir='ltr'>dico</span> <span class='ocrx_word' id='word_1_756' title='bbox 633 5240 640 5278; x_wconf 91' lang='lat'><strong>:</strong></span> <span class='ocrx_word' id='word_1_757' title='bbox 658 5226 731 5297; x_wconf 84' lang='lat' dir='ltr'>Ergo</span> <span class='ocrx_word' id='word_1_758' title='bbox 752 5240 851 5284; x_wconf 78' lang='lat' dir='ltr'>avarus</span> <span class='ocrx_word' id='word_1_759' title='bbox 868 5228 936 5286; x_wconf 88' lang='lat' dir='ltr'>reii-</span> <span class='ocrx_word' id='word_1_760' title='bbox 989 5235 1040 5292; x_wconf 86' lang='lat' dir='ltr'>ties</span> <span class='ocrx_word' id='word_1_761' title='bbox 1050 5237 1139 5294; x_wconf 86' lang='lat' dir='ltr'>vocati</span> <span class='ocrx_word' id='word_1_762' title='bbox 1149 5239 1240 5296; x_wconf 82' lang='lat' dir='ltr'>venire</span> <span class='ocrx_word' id='word_1_763' title='bbox 1251 5243 1407 5313; x_wconf 87' lang='lat' dir='ltr'>recusastis,</span> <span class='ocrx_word' id='word_1_764' title='bbox 1422 5253 1450 5302; x_wconf 87' lang='lat' dir='ltr'>ct</span> <span class='ocrx_word' id='word_1_765' title='bbox 1463 5245 1563 5305; x_wconf 87' lang='lat' dir='ltr'>hacdc</span> <span class='ocrx_word' id='word_1_766' title='bbox 1576 5264 1661 5307; x_wconf 88' lang='lat' dir='ltr'>csusa</span> <span class='ocrx_word' id='word_1_767' title='bbox 1673 5258 1767 5307; x_wconf 72' lang='lat' dir='ltr'>esocis</span> <span class='ocrx_word' id='word_1_768' title='bbox 1808 5254 1814 5273; x_wconf 79' lang='lat'><em>⁶</em></span> 
     </span>
     <span class='ocr_line' id='line_1_68' title="bbox 20 5312 1766 5416; baseline 0.019 -48"><span class='ocrx_word' id='word_1_769' title='bbox 20 5376 29 5393; x_wconf 28' lang='grc' dir='ltr'>ἱ</span> <span class='ocrx_word' id='word_1_770' title='bbox 138 5312 227 5385; x_wconf 86' lang='lat' dir='ltr'>gionis</span> <span class='ocrx_word' id='word_1_771' title='bbox 235 5314 382 5372; x_wconf 82' lang='lat' dir='ltr'>simulator</span> <span class='ocrx_word' id='word_1_772' title='bbox 392 5321 502 5386; x_wconf 89' lang='lat' dir='ltr'>peccata</span> <span class='ocrx_word' id='word_1_773' title='bbox 516 5313 648 5372; x_wconf 84' lang='lat' dir='ltr'>dimittitt</span> <span class='ocrx_word' id='word_1_774' title='bbox 656 5317 686 5374; x_wconf 86' lang='lat' dir='ltr'>Si</span> <span class='ocrx_word' id='word_1_775' title='bbox 703 5333 752 5391; x_wconf 88' lang='lat' dir='ltr'>per</span> <span class='ocrx_word' id='word_1_776' title='bbox 765 5319 823 5376; x_wconf 87' lang='lat' dir='ltr'>sim</span> <span class='ocrx_word' id='word_1_777' title='bbox 841 5337 935 5379; x_wconf 88' lang='lat' dir='ltr'>sacra·</span> <span class='ocrx_word' id='word_1_778' title='bbox 987 5328 1118 5387; x_wconf 87' lang='lat' dir='ltr'>manicati</span> <span class='ocrx_word' id='word_1_779' title='bbox 1137 5331 1212 5401; x_wconf 88' lang='lat' dir='ltr'>estis,</span> <span class='ocrx_word' id='word_1_780' title='bbox 1227 5340 1318 5392; x_wconf 69' lang='lat' dir='ltr'>umen</span> <span class='ocrx_word' id='word_1_781' title='bbox 1333 5345 1364 5394; x_wconf 93' lang='lat' dir='ltr'>ut</span> <span class='ocrx_word' id='word_1_782' title='bbox 1377 5354 1505 5397; x_wconf 90' lang='lat' dir='ltr'>murmur</span> <span class='ocrx_word' id='word_1_783' title='bbox 1525 5343 1623 5416; x_wconf 90' lang='lat' dir='ltr'>populi</span> <span class='ocrx_word' id='word_1_784' title='bbox 1644 5339 1766 5401; x_wconf 68' lang='lat' dir='ltr'>emoch·</span> 
     </span>
    </p>

    <p class='ocr_par' dir='ltr' id='par_1_18' title="bbox 137 5406 1766 5511">
     <span class='ocr_line' id='line_1_69' title="bbox 137 5406 1766 5511; baseline 0.023 -50"><span class='ocrx_word' id='word_1_785' title='bbox 137 5406 318 5474; x_wconf 89' lang='lat' dir='ltr'>menti,sicut</span> <span class='ocrx_word' id='word_1_786' title='bbox 338 5407 395 5476; x_wconf 89' lang='lat' dir='ltr'>ills,</span> <span class='ocrx_word' id='word_1_787' title='bbox 408 5407 446 5464; x_wconf 89' lang='lat' dir='ltr'>its</span> <span class='ocrx_word' id='word_1_788' title='bbox 460 5407 544 5471; x_wconf 77' lang='lat' dir='ltr'>atille</span> <span class='ocrx_word' id='word_1_789' title='bbox 560 5410 609 5466; x_wconf 74' lang='lat' dir='ltr'>ssi</span> <span class='ocrx_word' id='word_1_790' title='bbox 635 5426 684 5483; x_wconf 92' lang='lat' dir='ltr'>per</span> <span class='ocrx_word' id='word_1_791' title='bbox 697 5412 932 5485; x_wconf 84' lang='lat' dir='ltr'>meritumsuum,</span> <span class='ocrx_word' id='word_1_792' title='bbox 987 5421 1349 5502; x_wconf 82' lang='lat' dir='ltr'>inlecttvestrtsanteraou,</span> <span class='ocrx_word' id='word_1_793' title='bbox 1368 5434 1519 5507; x_wconf 87' lang='lat' dir='ltr'>apostolica</span> <span class='ocrx_word' id='word_1_794' title='bbox 1533 5437 1766 5511; x_wconf 64' lang='lat' dir='ltr'>auctoss&#39;tatept&#39;¹</span> 
     </span>
    </p>

    <p class='ocr_par' dir='ltr' id='par_1_19' title="bbox 136 5499 1765 5601">
     <span class='ocr_line' id='line_1_70' title="bbox 136 5499 1765 5601; baseline 0.019 -46"><span class='ocrx_word' id='word_1_795' title='bbox 136 5514 188 5557; x_wconf 88' lang='lat' dir='ltr'>nec</span> <span class='ocrx_word' id='word_1_796' title='bbox 200 5499 257 5565; x_wconf 85' lang='lat' dir='ltr'>ille,</span> <span class='ocrx_word' id='word_1_797' title='bbox 278 5516 332 5557; x_wconf 91' lang='lat' dir='ltr'>nec</span> <span class='ocrx_word' id='word_1_798' title='bbox 352 5501 409 5559; x_wconf 86' lang='lat' dir='ltr'>illc.</span> <span class='ocrx_word' id='word_1_799' title='bbox 429 5500 505 5559; x_wconf 91' lang='lat' dir='ltr'>illud</span> <span class='ocrx_word' id='word_1_800' title='bbox 517 5501 601 5574; x_wconf 89' lang='lat' dir='ltr'>igitur</span> <span class='ocrx_word' id='word_1_801' title='bbox 624 5514 838 5578; x_wconf 70' lang='lat' dir='ltr'>sacramentnm,</span> <span class='ocrx_word' id='word_1_802' title='bbox 864 5518 891 5568; x_wconf 95' lang='lat' dir='ltr'>et</span> <span class='ocrx_word' id='word_1_803' title='bbox 904 5511 932 5568; x_wconf 92' lang='lat' dir='ltr'>in</span> <span class='ocrx_word' id='word_1_804' title='bbox 986 5515 1102 5588; x_wconf 90' lang='lat' dir='ltr'>cipimus</span> <span class='ocrx_word' id='word_1_805' title='bbox 1113 5526 1144 5575; x_wconf 94' lang='lat' dir='ltr'>ut</span> <span class='ocrx_word' id='word_1_806' title='bbox 1155 5519 1192 5577; x_wconf 92' lang='lat' dir='ltr'>ad</span> <span class='ocrx_word' id='word_1_807' title='bbox 1207 5523 1345 5595; x_wconf 85' lang='lat' dir='ltr'>synodum</span> <span class='ocrx_word' id='word_1_808' title='bbox 1356 5543 1440 5601; x_wconf 88' lang='lat' dir='ltr'>quam</span> <span class='ocrx_word' id='word_1_809' title='bbox 1455 5529 1484 5587; x_wconf 92' lang='lat' dir='ltr'>in</span> <span class='ocrx_word' id='word_1_810' title='bbox 1498 5532 1615 5589; x_wconf 88' lang='lat' dir='ltr'>ecclesia</span> <span class='ocrx_word' id='word_1_811' title='bbox 1628 5518 1765 5590; x_wconf 74' lang='lat' dir='ltr'>bestiiobt&#39;</span> 
     </span>
    </p>

    <p class='ocr_par' dir='ltr' id='par_1_20' title="bbox 135 5592 1758 5697">
     <span class='ocr_line' id='line_1_71' title="bbox 135 5592 1758 5697; baseline 0.023 -48"><span class='ocrx_word' id='word_1_812' title='bbox 135 5592 510 5665; x_wconf 80' lang='lat' dir='ltr'>malisbomtnious‚cbrtsti</span> <span class='ocrx_word' id='word_1_813' title='bbox 524 5610 584 5653; x_wconf 87' lang='lat' dir='ltr'>esse</span> <span class='ocrx_word' id='word_1_814' title='bbox 598 5600 785 5672; x_wconf 73' lang='lat' dir='ltr'>cognoscitur.</span> <span class='ocrx_word' id='word_1_815' title='bbox 798 5624 812 5653; x_wconf 77' lang='grc' dir='ltr'>ι</span> <span class='ocrx_word' id='word_1_816' title='bbox 826 5604 932 5663; x_wconf 91' lang='lat' dir='ltr'>ltemiu</span> <span class='ocrx_word' id='word_1_817' title='bbox 985 5609 1046 5665; x_wconf 86' lang='lat' dir='ltr'>Deo</span> <span class='ocrx_word' id='word_1_818' title='bbox 1059 5609 1204 5670; x_wconf 83' lang='lat' dir='ltr'>ausiliante</span> <span class='ocrx_word' id='word_1_819' title='bbox 1224 5616 1396 5677; x_wconf 86' lang='lat' dir='ltr'>celebramus</span> <span class='ocrx_word' id='word_1_820' title='bbox 1414 5623 1506 5680; x_wconf 76' lang='lat' dir='ltr'>secum</span> <span class='ocrx_word' id='word_1_821' title='bbox 1519 5625 1634 5697; x_wconf 82' lang='lat' dir='ltr'>penitm</span> <span class='ocrx_word' id='word_1_822' title='bbox 1654 5616 1758 5683; x_wconf 70' lang='lat' dir='ltr'>resistit</span> 
     </span>
    </p>
   </div>
   <div class='ocr_carea' id='block_1_11' title="bbox 134 5686 1760 5887">
    <p class='ocr_par' dir='ltr' id='par_1_21' title="bbox 134 5686 1760 5887">
     <span class='ocr_line' id='line_1_72' title="bbox 134 5686 1760 5792; baseline 0.018 -48"><span class='ocrx_word' id='word_1_823' title='bbox 134 5686 231 5759; x_wconf 87' lang='lat' dir='ltr'>quinto</span> <span class='ocrx_word' id='word_1_824' title='bbox 240 5686 312 5745; x_wconf 92' lang='lat' dir='ltr'>libro</span> <span class='ocrx_word' id='word_1_825' title='bbox 324 5695 420 5747; x_wconf 85' lang='lat' dir='ltr'>contra</span> <span class='ocrx_word' id='word_1_826' title='bbox 430 5688 592 5747; x_wconf 84' lang='lat' dir='ltr'>Donatistae</span> <span class='ocrx_word' id='word_1_827' title='bbox 612 5709 620 5745; x_wconf 75' lang='grc' dir='ltr'><strong><em>ε</em></strong></span> <span class='ocrx_word' id='word_1_828' title='bbox 637 5714 651 5741; x_wconf 80' lang='grc' dir='ltr'>ι</span> <span class='ocrx_word' id='word_1_829' title='bbox 672 5694 820 5763; x_wconf 84' lang='lat' dir='ltr'>Quomodo</span> <span class='ocrx_word' id='word_1_830' title='bbox 830 5713 932 5770; x_wconf 89' lang='lat' dir='ltr'>aquam</span> <span class='ocrx_word' id='word_1_831' title='bbox 985 5710 1014 5757; x_wconf 91' lang='lat' dir='ltr'>ut</span> <span class='ocrx_word' id='word_1_832' title='bbox 1027 5700 1062 5759; x_wconf 93' lang='lat' dir='ltr'>dc</span> <span class='ocrx_word' id='word_1_833' title='bbox 1080 5719 1114 5761; x_wconf 87' lang='lat' dir='ltr'>ec</span> <span class='ocrx_word' id='word_1_834' title='bbox 1128 5721 1184 5779; x_wconf 92' lang='lat' dir='ltr'>qno</span> <span class='ocrx_word' id='word_1_835' title='bbox 1198 5718 1322 5770; x_wconf 86' lang='lat' dir='ltr'>sanctam</span> <span class='ocrx_word' id='word_1_836' title='bbox 1336 5715 1486 5775; x_wconf 80' lang='lat' dir='ltr'>Ecclesiam</span> <span class='ocrx_word' id='word_1_837' title='bbox 1503 5718 1697 5792; x_wconf 74' lang='lat' dir='ltr'>pmmrbuds,</span> <span class='ocrx_word' id='word_1_838' title='bbox 1709 5712 1760 5773; x_wconf 53' lang='grc' dir='ltr'><strong>ἢ</strong></span> 
     </span>
     <span class='ocr_line' id='line_1_73' title="bbox 134 5780 1757 5887; baseline 0.02 -50"><span class='ocrx_word' id='word_1_839' title='bbox 134 5780 289 5885; x_wconf 65' lang='lat' dir='ltr'>mmet</span> <span class='ocrx_word' id='word_1_840' title='bbox 306 5781 460 5842; x_wconf 75' lang='lat' dir='ltr'>meotilioat</span> <span class='ocrx_word' id='word_1_841' title='bbox 477 5780 634 5842; x_wconf 84' lang='lat' dir='ltr'>homicidai</span> <span class='ocrx_word' id='word_1_842' title='bbox 650 5786 794 5857; x_wconf 87' lang='lat' dir='ltr'>quomodo</span> <span class='ocrx_word' id='word_1_843' title='bbox 814 5788 931 5851; x_wconf 84' lang='lat' dir='ltr'>benedi·</span> <span class='ocrx_word' id='word_1_844' title='bbox 983 5793 1072 5870; x_wconf 83' lang='lat' dir='ltr'>decet,</span> <span class='ocrx_word' id='word_1_845' title='bbox 1092 5799 1230 5862; x_wconf 84' lang='lat' dir='ltr'>rationem</span> <span class='ocrx_word' id='word_1_846' title='bbox 1251 5804 1383 5866; x_wconf 88' lang='lat' dir='ltr'>reddatis.</span> <span class='ocrx_word' id='word_1_847' title='bbox 1407 5813 1511 5871; x_wconf 85' lang='lat' dir='ltr'>Verum</span> <span class='ocrx_word' id='word_1_848' title='bbox 1540 5812 1593 5887; x_wconf 86' lang='lat' dir='ltr'>ipsi</span> <span class='ocrx_word' id='word_1_849' title='bbox 1612 5828 1666 5873; x_wconf 87' lang='lat' dir='ltr'>nse</span> <span class='ocrx_word' id='word_1_850' title='bbox 1692 5813 1757 5869; x_wconf 74' lang='lat' dir='ltr'><em>w</em></span> 
     </span>
    </p>
   </div>
   <div class='ocr_carea' id='block_1_12' title="bbox 0 0 1940 6164">
    <p class='ocr_par' dir='ltr' id='par_1_22' title="bbox 0 0 1940 6164">
     <span class='ocr_line' id='line_1_74' title="bbox 0 0 1940 6164; baseline 0 8"><span class='ocrx_word' id='word_1_851' title='bbox 0 0 1940 6164; x_wconf 95' lang='lat' dir='ltr'> </span> 
     </span>
    </p>
   </div>
  </div>
 </body>
</html>
