3870 6164
134 298 184 353 aar
449 258 451 263 ’
638 288 686 345 au
703 287 819 345 uuest
837 286 865 345 S.
884 284 1046 349 eueuoeu
1064 284 1284 343 aereuususs.
1740 287 1790 342 aar

137 418 184 476 siti
204 416 295 475 nostri
322 423 450 484 estnec
475 412 579 481 mtatis3
607 412 676 484 quin
697 411 790 484 potius
816 427 848 469 ea
874 425 937 484 quae
949 416 977 479 Α
990 411 1049 467 imo
1062 407 1216 467 secundum
1231 409 1304 478 illos,
1325 411 1443 469 oliorum
1460 416 1578 470 Patrttm
1589 411 1707 483 eopiosa
1720 409 1791 465 mul-

136 508 297 585 bujusmodi
316 514 382 567 sunt
401 506 475 567 suti
508 505 649 565 decentius
679 505 785 563 laaoivae
809 505 941 576 relinqui·
995 504 1097 575 titudo,
1121 503 1168 576 qui
1188 510 1261 561 notas
1281 506 1442 563 sanctitatis
1462 514 1492 565 et
1514 503 1691 565 auctoritatis
1718 511 1790 567 mnf.

135 620 209 674 mus,
228 603 273 661 bis
300 600 413 675 quidem
432 599 481 674 qui
506 599 544 658 ad
574 599 627 656 boc
654 600 818 657 exercitatos
849 613 946 659 sensus
996 612 1115 670 quorum
1137 596 1262 655 doctrina
1276 597 1361 672 fulget
1378 599 1509 668 lirdesia,
1525 609 1554 657 et
1573 599 1625 672 qui
1644 612 1713 656 cunt
1738 599 1790 655 uo

137 698 253 767 babent,
267 695 427 771 numium
445 693 620 767 Apostolum,
632 694 871 751 addiscrctiouem
883 691 946 749 boni
997 692 1075 749 mino
1094 701 1211 764 regnaut
1233 692 1264 749 in
1280 692 1367 761 coelis,
1389 702 1417 751 ct
1438 695 1567 751 interris
1591 690 1791 751 mimouliseo-

140 797 166 847 et
182 791 252 848 moli
265 790 359 857 (Hebe.
382 788 420 861 v),
445 786 539 845 aedut
559 786 668 860 ingenii
685 787 729 844 sui
753 786 905 843 subtilitate
918 801 946 853 et
997 794 1123 851 ruseant;
1142 800 1262 859 quonum
1285 787 1472 845 sanctionibus
1492 803 1550 845 non
1574 785 1735 859 ignorantia
1754 784 1791 843 rel

138 886 240 959 lingua
264 882 435 943 volubilitate
448 880 478 940 id
497 879 571 954 quod
579 881 688 954 iustum
712 888 763 949 est,
778 880 857 953 quasi
871 887 945 937 recte
997 879 1171 952 negligentia,
1193 878 1243 937 sed
1267 878 1362 937 stradio
1396 880 1535 948 reluctari,
1566 880 1637 953 quid
1657 877 1736 937 aliud
1756 886 1792 935 est

140 985 311 1051 pervertant.
328 975 420 1034 Nostri
435 983 528 1032 autem
551 989 601 1031 neo
615 973 700 1032 oflicii
714 983 766 1044 est,
794 988 845 1030 nec
859 971 946 1033 studii
997 991 1082 1049 qiam
1106 976 1250 1047 Spiritum,
1272 976 1317 1048 qui
1337 990 1385 1047 per
1407 990 1455 1033 eos
1473 975 1584 1033 locums
1601 980 1654 1043 ιιι,
1669 970 1791 1045 blaspbe

141 1088 202 1129 esse
222 1071 315 1140 debet,
329 1078 361 1127 ut
374 1068 503 1127 dicamus
527 1068 632 1125 bonum
652 1068 768 1136 malum,
784 1077 812 1126 et
828 1068 945 1135 malum,
999 1074 1091 1128 marei
1115 1070 1178 1127 lstis
1191 1069 1250 1127 sinc
1276 1069 1372 1138 dubio,
1394 1077 1491 1127 etuon
1511 1068 1594 1127 nobis
1614 1056 1793 1125 advertantur

141 1162 368 1235 bonum3eedut
381 1162 493 1221 Domini
506 1162 593 1219 nostri
609 1162 796 1231 aemulatores,
808 1168 945 1234 quantum
998 1163 1158 1237 quicunque
1189 1165 1224 1221 ab
1257 1162 1504 1221 caconrmunicatis
1537 1169 1603 1218 ante
1634 1160 1792 1219 οιιιοιιιοιιιι

143 1262 201 1333 ipse
227 1258 404 1325 conoetserit,
434 1255 597 1314 studeamus
618 1255 765 1328 reprobare
788 1255 905 1323 maltmr,
919 1262 947 1311 ct
999 1255 1230 1316 examinationem
1249 1271 1305 1314 non
1319 1256 1470 1323 abstinent,
1485 1262 1514 1311 et
1528 1250 1792 1313 nonabstiueudun

141 1351 517 1426 eligerebonum(tso.v11).
724 1406 728 1415 ,
1000 1350 1112 1408 docent.
1134 1350 1212 1408 Talia
1231 1350 1306 1407 euim
1324 1349 1472 1423 predictos
1496 1351 1594 1406 Patres
1619 1346 1793 1406 eoncordiet

180 1443 474 1517 flacitaquepuritate
489 1441 804 1515 eontenti‚co,quodin
818 1442 946 1513 praesenti
1000 1443 1109 1502 assidua
1129 1443 1315 1517 prohibitione
1333 1452 1439 1501 vetasse
1459 1459 1515 1502 nou
1537 1442 1632 1501 solum
1661 1440 1691 1498 bi
1712 1441 1791 1499 sciunt

144 1537 410 1610 versaturnegotio,
424 1536 477 1593 hoc
492 1536 583 1593 solum
597 1544 726 1593 muamus
739 1534 814 1608 quod
827 1534 947 1592 Ecclesia
1000 1538 1048 1611 qui
1069 1553 1103 1595 cr
1127 1538 1235 1610 scriptis
1259 1537 1369 1595 illorum
1387 1545 1565 1610 aeceperunt,
1591 1550 1693 1592 rerum
1718 1534 1790 1592 etiam

147 1629 284 1687 catbolica
320 1644 430 1703 semper
463 1628 561 1698 tenuit,
584 1627 659 1702 quod
679 1629 713 1686 ab
744 1628 822 1685 initio
850 1635 950 1699 ooeptae
1001 1631 1083 1689 rudes
1095 1640 1124 1688 et
1139 1631 1281 1701 illitterati,
1293 1631 1351 1705 qui,
1366 1630 1430 1688 etsi
1451 1631 1540 1704 legem
1549 1629 1788 1705 ignorantum

148 1722 365 1781 Christianitatis
379 1737 467 1795 usque
488 1721 524 1779 ad
543 1730 719 1779 monstruosa
739 1721 798 1779 baec
812 1730 949 1795 tempora,
1002 1741 1033 1784 oa
1046 1740 1108 1798 qum
1122 1725 1191 1799 legis
1213 1733 1279 1781 sunt
1293 1729 1380 1794 (Rom.
1406 1728 1442 1795 11)
1458 1739 1490 1782 er
1511 1724 1668 1781 inveterata
1688 1730 1717 1779 et
1733 1738 1787 1779 nna

146 1815 246 1873 stabile
265 1823 294 1873 et
313 1815 510 1873 inconvulsum
528 1814 658 1889 perstitit,
687 1815 792 1872 scilieet
815 1814 891 1887 quod
902 1830 948 1872 er·
964 1795 1087 1893 Bquam
1100 1826 1207 1876 mutata
1219 1818 1419 1877 consuetudine
1433 1818 1603 1877 didicerumt.
1618 1819 1690 1873 llaec
1703 1816 1785 1889 imque

146 1909 429 1967 communicatisnon
443 1916 486 1965 est
498 1908 776 1967 communicandum.
791 1911 859 1967 Haec
873 1924 948 1965 uam-
1004 1929 1065 1986 quae
1090 1911 1277 1986 legislatorum
1291 1912 1388 1969 talium
1409 1910 1595 1969 unanimitate
1616 1918 1732 1979 mamm,
1747 1924 1783 1965 ιιι

147 2021 201 2081 que
221 2004 427 2064 dissensionum
455 2020 537 2062 causa
558 2013 601 2061 est
625 2014 653 2063 et
670 2003 849 2073 seditionum,
873 2003 948 2075 qrrod
1002 2006 1197 2078 antiquissimo
1221 2007 1276 2064 brac
1303 2022 1390 2080 usque
1423 2004 1542 2062 stabilita
1573 2013 1651 2072 aunt,
1681 2002 1782 2077 quaudo·

148 2098 188 2155 illi
202 2098 237 2155 ab
256 2099 500 2155 excommunicatis
513 2114 569 2155 non
584 2097 734 2167 abstinent,
751 2106 779 2154 et
792 2113 849 2154 uon
862 2098 947 2153 absti-
1004 2101 1117 2173 quidem
1131 2100 1233 2171 apertis
1248 2101 1432 2173 oppositisque
1447 2098 1663 2172 impulsionibus
1679 2095 1780 2170 questui

149 2189 273 2248 neudum
284 2190 394 2249 doocnt.
410 2190 469 2249 Nos
483 2206 549 2248 vero
568 2199 598 2248 at
612 2190 793 2259 abstinemus,
813 2199 843 2247 et
864 2189 948 2248 absti-
1004 2201 1153 2268 nequeunt,
1167 2194 1248 2266 quasi
1269 2193 1407 2251 exlatere
1429 2191 1651 2249 machinationes
1672 2196 1780 2263 paranni

151 2283 275 2345 neudum
305 2284 514 2357 persuademus,
549 2284 686 2357 prsecipue
709 2284 744 2341 ab
777 2283 831 2341 illis
857 2285 905 2358 qui
933 2302 949 2341 a
1005 2288 1039 2344 ad
1061 2285 1237 2360 decipiendas
1268 2287 1379 2345 illorum
1407 2286 1552 2358 opiniones
1570 2287 1665 2355 fferre,
1688 2284 1779 2351 amnui

151 2379 287 2453 precipue
316 2387 346 2436 et
369 2379 459 2451 prima
482 2378 545 2435 sede
570 2378 853 2435 excommunicantem.
881 2380 950 2449 Quae
1004 2383 1051 2455 qui
1066 2381 1181 2439 nunoris
1192 2380 1380 2454 intelligentiae
1390 2379 1581 2438 estimantur.

153 2472 300 2529 diversitas
329 2471 470 2530 contraria
492 2472 654 2529 docentium
684 2471 861 2529 sacerdotum
888 2487 950 2529 vere

153 2564 283 2623 factacst
305 2565 387 2623 ruina
410 2566 514 2639 populi,
537 2581 601 2623 vere
623 2566 776 2624 multorum
800 2566 877 2623 redis
891 2582 950 2623 irta-

154 2659 255 2716 lorum.
271 2662 311 2716 Er
326 2674 380 2732 qua
394 2666 435 2717 tot
450 2659 523 2716 male
535 2659 648 2717 fecundi
660 2659 729 2716 rami
744 2659 912 2732 pullulantes
922 2659 949 2715 iu

153 2752 281 2809 universa
308 2752 431 2809 Ecclesia
464 2752 554 2810 varios
583 2752 690 2811 fructus
717 2753 952 2824 protulerimus

152 2844 276 2919 quotidie
298 2844 451 2918 profertmt.
476 2847 601 2916 Quorum
628 2844 768 2904 fructuum
794 2846 952 2905 amaritudo

153 2934 397 2997 ainanssimanou
411 2948 468 2997 tam
481 2941 568 2997 ramis
581 2955 667 3014 quaem
681 2939 766 2997 radici
786 2938 951 2997 ascribenda
1124 2996 1129 3008 ,
1232 2995 1239 3007 ,
1324 2995 1329 3007 ,
1548 2995 1555 3008 ,
1606 2996 1612 3007 ,
1709 2994 1714 3005 ,

153 3040 196 3091 m
229 3032 302 3105 Quid
343 3033 370 3091 q
384 3034 459 3091 onim
480 3031 574 3091 mdia
645 3034 713 3091 um
727 3033 843 3091 (Mirm
913 3033 953 3090 id·
1008 3004 1157 3053 contrariae
1170 2996 1391 3069 partrsclerrcos,
1404 2993 1499 3052 desua
1516 3004 1632 3052 scientia
1650 2994 1781 3071 gloriantes.

154 3074 222 3201 quid
241 3048 451 3185 inhaqffmm
474 3126 539 3185 turb
540 3050 645 3185 111θὲἒέ
665 3051 684 3184 2
696 3126 814 3185 subditis
828 3048 952 3200 p'exgm
1009 3080 1036 3144 id
1065 3088 1148 3145 studii
1162 3088 1262 3145 babere
1291 3097 1322 3145 ut
1347 3088 1381 3145 de
1402 3088 1488 3145 sacris
1518 3088 1640 3163 undique
1668 3082 1783 3144 oodinbut

154 3221 254 3294 agitur,
268 3219 345 3295 jum
358 3220 386 3277 qn
405 3221 496 3293 0395„
519 3236 642 3293 mmm
655 3219 813 3279 domum
834 3222 953 3290 [omnus
970 3182 1071 3288 ciffos·
1098 3182 1246 3288 sententias
1270 3181 1400 3256 colligant
1431 3197 1499 3256 quas
1533 3181 1621 3289 sancti
1647 3176 1782 3285 Patrar'al

156 3315 243 3373 derare
263 3315 359 3371 vocula
379 3313 489 3379 mpqp,
510 3314 653 3385 ,013qu
679 3316 723 3371 „a
744 3314 863 3382 simius]-
886 3317 958 3371 Vm
1010 3275 1194 3333 cohibendam
1228 3276 1337 3332 allorum
1367 3275 1542 3333 sacerdotum
1567 3280 1783 3349 intemperantem

156 3423 229 3464 nunc
243 3407 375 3480 impletur
388 3406 462 3480 quod
482 3408 617 3481 scriptum
635 3416 676 3465 est
693 3427 700 3465 :
715 3410 833 3478 Egresso
850 3412 888 3464 ost
901 3409 956 3463 irai·
1012 3368 1201 3439 mndiderunt’
1216 3369 1262 3441 qui
1277 3369 1305 3426 in
1320 3364 1784 3442 pmferendimoenffispmdffl

157 3501 671 3574 quitmasmmbmjudffibfflui
687 3503 856 3558 videbamur
870 3517 958 3571 mum
1013 3471 1077 3570 sunt
1095 3461 1240 3568 indiscrete
1257 3462 1375 3569 ligando
1396 3462 1444 3519 vel'
1459 3462 1606 3521 solvendo.
1623 3457 1784 3521 versute

1013 3566 1084 3614 utin
1099 3556 1240 3627 omnibus,
1258 3556 1406 3613 laudabiles
1428 3565 1511 3629 atque
1537 3550 1784 3629 amplectendaerllo

1118 3650 1241 3719 ntentiae,
1258 3650 1304 3722 qui
1318 3650 1445 3708 omnium
1459 3649 1498 3707 sic
1508 3665 1606 3707 curam
1625 3648 1785 3723 gerebantur

1041 2530 1077 2585 Et
1096 2526 1158 2600 quia
1180 2528 1252 2599 apud
1266 2526 1336 2584 tales
1355 2528 1442 2583 etiam
1459 2542 1515 2582 non
1540 2524 1637 2582 leviter
1653 2524 1741 2599 egitur,
1758 2530 1780 2576 ιιι

1008 2622 1034 2677 ιιι
1049 2621 1118 2678 adeo
1139 2622 1194 2677 triti
1210 2622 1317 2694 lateque
1339 2620 1455 2694 patentis
1472 2619 1578 2677 itineris
1601 2618 1679 2677 dudo
1694 2615 1782 2675 exorbi-

1006 2722 1076 2783 tent,
1088 2714 1167 2789 Juxta
1187 2714 1240 2771 iter
1257 2713 1417 2771 scandalum
1432 2713 1546 2786 ponitur
1569 2714 1651 2781 (Psoi.
1665 2714 1781 2777 exuti),

1007 2806 1074 2863 dum
1092 2807 1219 2880 quaedam
1240 2806 1306 2864 vitia
1328 2806 1432 2862 veritati
1447 2803 1482 2862 ad
1501 2804 1709 2863 subversionem
1726 2800 1781 2859 veri·

1008 2901 1073 2956 tntis
1092 2899 1146 2957 illis
1168 2909 1371 2973 proponuntur.
1392 2898 1559 2957 Audivimus
1579 2898 1654 2955 enim
1673 2894 1782 2972 quosdam

154 3595 286 3667 wilm
298 3596 380 3665 (uon.
395 3598 474 3663 ¹1¹1)·
497 3596 534 3651 lli
548 3611 668 3668 namque
689 3597 737 3668 qui
751 3595 871 3653 veritatis
885 3609 958 3668 prac-

159 3701 245 3743 cones
266 3686 408 3756 dicuntur,
430 3686 531 3760 quibus
545 3687 648 3746 credita
659 3696 726 3745 sunt
738 3689 845 3762 eloquia
861 3689 913 3745 Dei
924 3687 960 3745 ad
1013 3666 1074 3707 '⁰¹¹¹
1089 3666 1117 3707 ⁵⁰

159 3778 404 3853 evangelizandum
427 3780 527 3854 populo
551 3781 614 3849 Dei,
639 3783 662 3839 εἰ
684 3782 713 3839 id
727 3783 817 3855 ipsum
837 3783 961 3840 diem
1014 3752 1041 3801 et
1057 3744 1184 3816 praelatos
1201 3760 1216 3801 a
1235 3744 1449 3817 precipitatione
1468 3751 1686 3816 compescerent,
1698 3748 1724 3800 et
1738 3738 1785 3798 trd-

159 3886 266 3943 mae,
281 3881 310 3930 gg
334 3886 390 3929 110„
423 3881 515 3931 mg
538 3872 686 3932 „qimam
712 3875 740 3931 in
754 3875 812 3945 eis;
837 3877 861 3933 si
882 3891 961 3935 mom
1010 3839 1149 3912 jectorum
1162 3837 1326 3896 innocentia
1340 3837 1528 3896 defensionem
1542 3839 1724 3897 neeessariam
1742 3846 1787 3909 pto·

159 3965 363 4039 ‘Pfflulilwmm
378 3965 553 4039 providerem
575 3975 714 4039 quatenus
730 3970 871 4027 contentio
891 3969 962 4028 inter
1015 3932 1145 3989 ‘'idm“

159 4075 208 4119 eos
230 4067 279 4116 aut
301 4074 360 4118 non
387 4059 517 4125 oriretur,
541 4068 590 4118 aut
608 4069 680 4131 orta,
702 4061 811 4119 collatis
831 4078 864 4120 er
884 4078 963 4122 more
1051 4075 1154 4130 verum
1177 4072 1217 4130 illi
1245 4074 1305 4145 qui,
1335 4072 1371 4131 ad
1402 4072 1455 4129 boo
1481 4071 1557 4144 quod
1590 4066 1790 4144 persmdmdrn

159 4153 339 4213 fraternitatis
358 4153 530 4219 mactadbus,
542 4154 591 4213 ted
598 4164 706 4225 tremet
721 4156 907 4217 dubiumnon
920 4166 964 4215 cet
1017 4176 1205 4239 susceperunt,
1228 4167 1279 4223 ista
1300 4166 1488 4233 introducunt,
1508 4165 1596 4231 bono,
1619 4170 1650 4223 at
1662 4178 1716 4223 non
1734 4160 1793 4219 betta

160 4248 227 4322 quin
253 4247 367 4305 illorum
394 4247 423 4305 iu
445 4248 596 4307 maerdono
615 4251 688 4306 veris
716 4250 851 4309 unitatem
873 4252 965 4310 unitas
1018 4268 1143 4318 uruntur.
1158 4262 1230 4317 Nam
1247 4260 1322 4333 quod
1342 4262 1431 4317 saneti
1444 4258 1572 4316 doctores
1585 4258 1794 4317 adcommuuttl

161 4341 249 4399 etiam
274 4340 368 4415 popuii
389 4350 568 4415 sequeretur,
593 4348 622 4401 et
645 4342 735 4401 adbuc
762 4345 792 4401 in
815 4361 867 4403 suo
891 4354 963 4404 statu
1020 4352 1173 4425 profectum
1188 4362 1246 4411 tam
1260 4370 1356 4411 eorum
1371 4355 1419 4428 qui
1440 4360 1562 4426 prtesunt
1581 4351 1725 4426 quamqui
1744 4348 1795 4408 elil·

110 4440 119 4455 ·
161 4450 325 4509 permanens
336 4435 484 4509 antiquam
492 4452 588 4511 pacem
604 4438 740 4495 obtineret
754 4439 888 4505 Ecclesia,
904 4456 965 4513 quae
1021 4448 1112 4520 irrceut
1131 4448 1344 4514 constituerunt,
1377 4448 1431 4505 boc
1461 4447 1503 4503 isti
1536 4436 1634 4519 procul
1668 4439 1798 4504 dubioai

161 4546 250 4600 nuno,
268 4529 443 4589 inimicorum
462 4545 575 4589 suorum
598 4530 715 4603 pedibus
734 4534 866 4604 exposita,
884 4535 966 4592 ineu·
979 4570 1006 4634 D
1021 4548 1211 4613 contemptum
1230 4541 1392 4614 episcopalis
1413 4540 1569 4609 ministerii,
1585 4548 1615 4599 et
1631 4538 1667 4599 ad
1685 4538 1800 4596 metina·

163 4623 219 4681 dita
241 4622 406 4682 contritione
432 4624 597 4695 conteritur,
616 4635 644 4682 ct
668 4626 878 4698 incomparabili
904 4636 962 4686 tam
1020 4634 1085 4692 dam
1107 4634 1180 4692 inter
1196 4643 1320 4707 pastores
1338 4643 1365 4691 et
1384 4649 1449 4692 oves
1469 4632 1638 4692 discordiam
1660 4636 1798 4691 msunrut

162 4732 311 4789 corporum
324 4732 408 4789 quarn
423 4718 581 4777 auimatum
594 4728 684 4793 strage
695 4728 863 4780 cruentatur.
879 4722 964 4796 Cujus
1016 4728 1098 4803 Quod
1116 4729 1144 4785 in
1163 4727 1217 4786 laoc
1230 4726 1354 4801 profecto
1376 4735 1459 4800 patet,
1476 4726 1539 4799 quia
1553 4726 1618 4785 illas
1640 4720 1800 4785 solummodo

162 4811 274 4883 sanguis
296 4825 354 4867 non
379 4811 531 4885 incongrue
550 4812 585 4869 de
599 4813 725 4871 manibus
746 4814 859 4873 illorum
873 4817 964 4889 requi·
1017 4822 1164 4881 sententias
1182 4837 1250 4895 quas
1272 4836 1331 4879 suae
1354 4821 1523 4893 persuasioni
1542 4819 1710 4879 commodas
1729 4813 1802 4877 arti

148 4904 235 4961 -ritur
257 4904 317 4978 qui,
347 4919 411 4963 eam
436 4905 464 4961 in
486 4906 531 4963 sui
551 4908 745 4978 procuratione
773 4909 963 4982 suscipientes,
1019 4924 1098 4974 mam
1125 4915 1295 4974 auditoribus
1331 4916 1389 4973 suis
1424 4914 1574 4981 inculcem,
1613 4914 1677 4973 aliis
1707 4922 1803 4988 prem

163 5005 260 5055 contm
279 5013 343 5057 eam
369 4997 580 5072 dogmatizando
593 5002 747 5075 taamgredi
772 5001 901 5062 fecerunt
916 5020 964 5077 po
1017 5009 1125 5067 silentio
1145 5009 1291 5082 oppressis,
1313 5024 1381 5082 quas
1404 5007 1583 5066 nibilominus
1604 5004 1803 5065 Patraecatbo·

164 5092 262 5166 pulum
274 5093 339 5151 Ilei.
1018 5103 1063 5160 lici
1076 5103 1111 5160 de
1124 5103 1221 5161 eadem
1235 5118 1265 5159 rc
1280 5110 1442 5170 statuerunt,
1461 5117 1578 5174 quaeque
1596 5101 1634 5159 ad
1652 5100 1728 5159 banc
1741 5100 1802 5158 litem

200 5188 259 5245 llos
272 5186 358 5260 igitur
370 5190 456 5261 etqui
470 5197 572 5247 nocuae
582 5192 667 5263 partis
678 5200 752 5260 sunt,
767 5192 870 5265 quibus
880 5192 963 5250 ctiam
1017 5195 1203 5254 dirimendam
1216 5196 1252 5251 ita
1272 5196 1430 5252 necessarie
1442 5203 1506 5252 sunt
1518 5202 1550 5252 ut
1568 5194 1647 5251 nullo
1661 5194 1747 5253 modo
1758 5191 1804 5249 siut

164 5280 295 5339 moesiae
320 5280 461 5354 disciplina
478 5283 626 5342 commissa
644 5292 696 5353 est,
719 5285 771 5357 ipsi
785 5286 915 5345 Ecclesia
934 5286 963 5343 in
1017 5288 1069 5347 illis
1086 5289 1160 5363 juste
1181 5285 1293 5345 diffiniri
1315 5289 1410 5347 valeat.
1432 5289 1500 5358 Quas
1521 5303 1587 5347 vcro
1609 5288 1664 5347 illae
1689 5296 1754 5355 ant,
1768 5298 1805 5340 ne

166 5373 220 5431 boo
233 5374 426 5446 satisfacimus,
439 5378 506 5449 quia
519 5377 585 5434 nibil
606 5378 754 5437 docuimus
769 5379 810 5435 rel
832 5378 964 5439 dommus
1016 5398 1154 5455 qusquam
1170 5399 1187 5439 a
1204 5383 1285 5440 nobis
1305 5381 1425 5440 docendi
1444 5391 1519 5439 sunt.
1543 5381 1599 5454 ipsi
1622 5382 1703 5441 anim
1722 5378 1805 5439 melite

166 5476 268 5547 praeter
291 5468 320 5526 id
344 5469 420 5545 quod
433 5469 589 5529 didicimus.
611 5473 641 5529 si
656 5473 820 5546 inquirimur
839 5472 924 5544 unda,
946 5490 962 5531 a
1016 5476 1096 5533 nobis
1119 5476 1209 5533 sciunt
1227 5477 1331 5533 multos
1353 5475 1482 5533 Ecclesiae
1500 5474 1632 5535 doctores
1644 5470 1806 5535 multipendit

166 5560 267 5634 quibua
286 5561 475 5634 didicerimus,
507 5573 581 5622 certe
612 5567 716 5623 multos
733 5575 762 5625 ct
786 5582 963 5641 nequaquam
1016 5570 1120 5639 [nitrltis
1140 5569 1240 5641 modis]
1253 5628 1261 5639 ,
1274 5579 1302 5627 et
1326 5570 1414 5627 verbis
1447 5569 1501 5627 boc
1533 5569 1701 5641 instituisse,
1728 5562 1806 5637 ιιι

165 5654 275 5715 obscuri
289 5656 411 5714 nomin's
431 5657 566 5717 doctrine
585 5670 688 5717 noauae
700 5662 894 5735 astipulatores
914 5662 963 5720 ba·
1016 5663 1126 5736 quando
1152 5663 1186 5722 de
1220 5665 1354 5722 sententia
1378 5664 1677 5724 excommunicationis
1714 5670 1807 5723 contr

165 5751 274 5809 bemus.
289 5750 417 5824 apostoli
437 5767 489 5810 nos
507 5753 669 5825 docuerunt,
684 5754 874 5827 apostolorum
898 5771 962 5815 suc·
1017 5758 1099 5815 dictio
1113 5758 1281 5830 oboriretur,
1294 5760 1436 5818 canonicis
1452 5759 1671 5819 discussionibus
1680 5760 1809 5830 retritum·e

164 5860 301 5917 remorsa,
324 5845 483 5920 apostolica
505 5846 578 5907 sedis
599 5848 757 5921 pontiiocse
775 5857 874 5919 preter
889 5849 961 5922 illos,
1016 5851 1101 5926 partis
1117 5851 1234 5927 diligens
1254 5852 1420 5913 examinatio
1442 5852 1582 5925 dorstet
1604 5854 1807 5913 aia-aaaonmu·
