3884 6158
127 246 176 303 'ibi
594 244 766 304 EPlSTOLAE
783 247 894 305 ΕΧΤΗΑ
914 246 1110 306 nnttsrantt
1127 250 1314 309 VAGANTES.
1724 270 1775 325 m

126 367 302 428 mvouaams
320 376 463 443 poterunt,
478 376 582 444 quanto
597 386 650 430 noa
663 386 760 429 comm
771 372 858 447 quieti
869 387 926 429 uo-
939 376 1098 445 Amantes,
1113 375 1187 434 sicut
1198 377 1424 451 supradiximus,
1439 396 1609 458 marcusque
1620 401 1693 447 uuus
1701 388 1776 463 iuste

124 472 193 535 stra,
207 464 264 522 imo
275 463 349 521 beati
362 466 436 522 Petri
460 466 650 538 apostolorum
668 466 809 540 principis,
826 474 921 525 aucto·
976 466 1069 536 babet,
1083 470 1169 527 autin
1183 478 1365 544 postremum,
1379 474 1504 534 Domino
1517 480 1777 553 anunente,babera

123 558 207 617 ritate
228 573 277 632 per
295 558 387 616 omnia
407 559 549 632 providere
565 559 719 619 studemus.
740 560 844 636 Siquis
858 577 922 620 sero
976 560 1130 636 configerit,
1145 562 1174 620 in
1191 562 1359 638 quibuslibet
1384 566 1466 627 rebus
1484 570 1636 632 mobilibus
1662 576 1705 635 rel
1717 578 1775 637 im·

123 650 255 709 adrermu
274 648 436 724 predictum
454 651 653 710 monasterium
669 653 775 726 justam
798 662 923 729 reputat
976 654 1135 725 mobilibus,
1154 658 1228 715 saiva
1242 656 1357 733 quidem
1374 661 1507 720 canoniea
1521 664 1692 740 subjectione
1710 686 1775 745 pro·

122 744 225 803 babere
242 746 394 818 querelam,
417 753 446 802 ct
479 745 554 819 apud
577 745 698 803 coenobii
723 746 850 805 abbatem
880 748 922 807 vel
976 750 1030 822 prii
1043 748 1174 822 episcopi.
1188 751 1255 808 llaec
1268 752 1351 826 igitur
1361 757 1455 813 omnia
1473 772 1537 829 quae
1547 757 1629 834 bulas
1641 766 1773 839 precepti

122 838 277 899 monachos
288 839 365 896 litem
386 854 464 896 suam
477 839 601 898 decidere
614 856 647 899 ao
659 841 779 900 diibuire
792 842 922 913 noluerit,
975 840 1133 915 decretique
1144 845 1234 900 nostri
1242 845 1483 921 pagiuacoutiuet,
1491 851 1522 908 iu
1534 862 1701 927 perpetuum
1710 872 1770 916 m.

122 934 255 993 uolumus
275 942 358 1007 atque
380 932 468 991 edicto
493 942 624 1008 perpetuo
647 936 794 993 statuimus
816 944 848 993 ut
860 944 923 994 ante
976 934 1067 993 randa
1085 934 1271 996 decernimus.
1288 939 1317 996 Si
1331 942 1471 1011 quievero
1491 958 1599 1019 regum,
1619 948 1769 1022 turpem.

119 1044 176 1087 nos
194 1027 237 1085 tel
250 1027 354 1101 legatos
366 1030 478 1085 nostros
491 1029 665 1101 qucrimonia
679 1028 830 1102 deleratur,
853 1046 921 1105 qua·
976 1044 1050 1100 rum,
1072 1029 1258 1101 sacerdotum,
1279 1030 1454 1105 clericorum,
1473 1035 1599 1111 judicum
1613 1057 1646 1098 ac
1658 1044 1772 1103 matta-

119 1130 205 1179 teuua
219 1120 348 1195 equitate
367 1119 459 1193 ludicii
483 1121 543 1178 sina
563 1136 745 1194 personarum
768 1123 922 1197 acceptione
975 1123 1049 1181 rium
1070 1138 1265 1197 personarum,
1291 1125 1365 1184 banc
1379 1129 1584 1190 constitutionis
1601 1142 1705 1195 nostrae
1724 1154 1772 1213 pa·

117 1230 172 1273 otta
204 1213 354 1287 unicuique
368 1213 482 1287 justitia,
508 1217 567 1272 Deo
591 1224 714 1286 auctore,
744 1224 876 1276 servetur.
895 1217 939 1275 Sl·
975 1217 1070 1290 ginam
1083 1234 1244 1291 agnoscens,
1257 1227 1423 1279 mnnaeam
1440 1226 1669 1285 temerarioausu
1681 1231 1774 1289 vaire

117 1309 186 1384 quis
204 1316 297 1366 antem
311 1314 406 1365 contra
419 1309 490 1365 banc
501 1309 589 1366 nostri
607 1308 708 1367 decreti
726 1311 922 1369 auctoritatem
974 1310 1131 1380 tentaverit,
1144 1310 1301 1369 admonitus
1312 1314 1409 1384 munel,
1422 1322 1451 1372 et
1462 1316 1576 1385 iterum,
1587 1334 1675 1391 nsque
1688 1324 1772 1381 tertio

115 1404 160 1460 ira
183 1402 341 1472 tentaverit,
364 1401 432 1459 sciat
445 1418 474 1459 se
493 1402 565 1460 beati
579 1404 651 1460 Petri
669 1404 786 1476 apostoli
805 1405 921 1478 gratiam
975 1420 1024 1476 per
1039 1406 1234 1463 couvenientes
1248 1405 1384 1477 inducias,
1400 1409 1424 1464 si
1445 1424 1502 1465 nou
1521 1411 1671 1482 resipuerit
1690 1422 1773 1489 atque

115 1494 303 1564 amissurum,
317 1503 345 1553 et
360 1496 519 1569 apostolice
540 1494 738 1570 indignationis
759 1499 863 1556 uitione
879 1498 922 1556 ie-
974 1497 1113 1570 predicta
1133 1498 1261 1556 mesiae
1279 1514 1338 1557 nou
1358 1500 1532 1572 satiueoerit,
1555 1506 1701 1575 potaauu
1719 1506 1773 1567 bo·

113 1588 259 1649 tiendum
284 1588 453 1648 obedientes
471 1604 547 1660 vero,
570 1598 599 1647 et
617 1590 699 1664 buius
722 1592 828 1666 pagiuae
847 1609 919 1666 prae·
973 1590 1104 1665 norisque
1118 1592 1160 1649 sui
1171 1591 1304 1666 dignitate
1318 1602 1423 1663 careat,
1436 1610 1573 1670 reumque
1585 1612 1616 1654 ae
1628 1598 1773 1675 divincit·

112 1692 200 1758 cepta
239 1689 387 1752 mantes,
419 1683 534 1757 dignam
561 1700 577 1741 a
616 1686 676 1741 Deo
713 1685 920 1745 retributionem
974 1682 1047 1743 dicio
1061 1685 1178 1744 existere
1190 1683 1228 1743 de
1240 1695 1397 1759 perpetrata
1406 1688 1552 1761 iniquitate
1566 1701 1724 1764 cognoram.
1736 1696 1774 1751 itt

111 1778 265 1851 accipiant,
300 1783 329 1836 et
355 1777 534 1850 apostolicam
571 1776 790 1837 benedictionem
824 1796 915 1839 conse
934 1744 1029 1836 Buisi
1043 1794 1075 1836 ea
1089 1794 1152 1853 quae
1165 1778 1201 1836 ab
1218 1779 1266 1836 iilo
1287 1788 1355 1837 snut
1367 1780 1438 1838 male
1451 1780 1542 1839 abiate
1553 1783 1714 1857 restituerit,
1728 1788 1771 1846 rel

113 1880 254 1945 quanm.
975 1872 1058 1947 digna
1070 1871 1229 1946 poertiteutia
1242 1872 1334 1930 illicite
1348 1881 1409 1930 acta
1420 1872 1571 1946 debererit,
1586 1893 1602 1934 a
1617 1879 1772 1939 mussi-

447 1966 594 2022 Lxxvll.
975 1981 1145 2039 mocorpore
1157 1966 1771 2043 aasauguinonomiut,1tedemptorisnostri

112 2071 249 2143 gnum-2·
256 2069 423 2143 pflgpggqoqa
435 2070 473 2125 ag
480 2071 737 2135 mmmmm„
745 2073 774 2130 s,
782 2072 921 2131 Magri,
974 2062 1038 2117 Jesn
1052 2060 1167 2127 Christi,
1180 2060 1283 2117 alienus
1294 2059 1352 2129 liat,
1366 2069 1450 2134 etque
1463 2062 1495 2117 in
1508 2070 1634 2121 extremo
1646 2066 1772 2124 examino

407 2142 437 2196 t'n
454 2142 629 2198 Pastiniano·
973 2151 1105 2211 districtae
1118 2152 1772 2226 ultionisubjaoeat.otmctisautemeidemloco

393 2237 486 2300 (Auno
505 2240 647 2303 tomi.)
970 2246 1046 2319 justa
1063 2244 1237 2305 servantibus
1249 2246 1285 2303 sit
1301 2262 1356 2319 pax
1368 2247 1482 2304 Domini
1502 2249 1590 2305 nostri
1608 2251 1674 2307 Jesu
1691 2250 1771 2309 Clari·

169 2330 279 2399 [Lanu
290 2328 398 2384 beliac
408 2328 509 2384 erudit.
522 2335 591 2386 tom.
602 2331 703 2400 iil-lv,
718 2346 779 2404 pag.
794 2335 867 2401 lid]
885 2336 891 2346 “
973 2341 1020 2410 sti,
1033 2348 1171 2414 quatenus
1181 2340 1228 2398 bic
1241 2338 1363 2398 lructum
1375 2341 1456 2399 boum
1469 2342 1586 2401 actionis
1601 2344 1770 2417 percipiant,

151 2434 333 2491 Garooasns
345 2432 498 2504 episcopus,
512 2447 608 2489 servus
621 2448 763 2491 serrorum
778 2435 839 2504 Dei,
850 2432 918 2492 dile-
972 2442 1001 2491 et
1014 2433 1087 2506 apud
1108 2434 1267 2492 districtum
1285 2434 1413 2493 iudicem
1437 2436 1552 2508 premia
1566 2444 1676 2495 aeternae
1696 2438 1770 2512 pacla

121 2536 163 2584 eto
174 2526 209 2584 ln
222 2523 331 2584 maso
343 2524 400 2582 dlio
411 2528 529 2594 Latro,
544 2525 636 2584 abbati
656 2528 816 2585 monasterii
827 2528 919 2585 Sancti
973 2528 1125 2584 inveniant.

121 2618 264 2679 lliebaalbs
277 2619 432 2693 archangeli
446 2619 475 2675 in
489 2619 659 2691 Passiuiano,
673 2621 787 2692 suisque
807 2636 919 2679 sueces-
1292 2600 1454 2657 Lfflffl

122 2714 231 2773 toribus
257 2712 360 2770 ibidem
386 2712 547 2785 regulariter
581 2712 775 2786 promovendis
801 2714 830 2771 in
856 2730 918 2788 per·
972 2694 1434 2821 fflelfflfvfll'mfflvffiffl
1449 2710 1487 2765 ΡΤ
1487 2710 1503 2750 ⁰
1517 2696 1626 2753 ‘mm
1639 2700 1668 2756 S·
1690 2699 1773 2756 Mi

123 2816 249 2882 potuum.

151 2903 299 2975 Suprema!
307 2900 489 2957 miserationis
499 2899 681 2973 respectu,ad
693 2900 747 2957 hoc
756 2900 917 2959 universalis
1280 2947 1286 2956 .
1396 2947 1402 2957 .

122 2994 250 3055 eoas
271 3008 367 3050 cunm
395 2994 563 3065 suscepimus
579 3002 608 3050 e
627 2992 769 3065 ...aaa
792 2994 916 3051 muen-
972 2945 1769 3093 [Mssiiffliidiibiidffiiiiiiiiadifflffi

123 3088 205 3147 minis
222 3084 434 3145 sollicitudinem
453 3086 583 3159 gerimus,
599 3094 630 3142 nt
639 3087 724 3158 justis
746 3088 952 3201 precantiumc
1005 3092 1039 3157 T,
1049 3104 1077 3145 u.
1091 3091 1164 3157 t·².]

123 3182 189 3240 totis
211 3188 316 3237 anania
342 3179 505 3253 benignitate
531 3178 682 3250 faveamus,
713 3188 752 3248 et,
775 3179 917 3238 libramine
944 3172 954 3199 ¹
1005 3182 1124 3238 Domim
1137 3187 1245 3247 sancto,
1259 3178 1473 3250 robostissimo,
1488 3195 1647 3255 magnoque
1667 3182 1767 3256 prede

121 3274 266 3351 equitatis,
283 3273 413 3331 omnibus
426 3273 458 3329 lu
471 3266 633 3330 necessitate
651 3273 756 3347 positis,
771 3282 914 3348 qtnntum,
970 3275 1069 3344 catori,
1081 3274 1214 3347 idagisuo
1225 3273 1349 3347 gentium
1363 3274 1392 3330 iu
1409 3272 1465 3332 dds
1477 3282 1506 3332 et
1518 3274 1646 3348 venne,
1665 3279 1766 3341 Panto

120 3370 179 3428 lieo
191 3366 326 3437 donante,
340 3380 499 3439 possumus,
514 3367 657 3423 subvenire
668 3365 826 3425 debeamus.
838 3371 915 3425 Prae-
969 3368 1105 3441 apostolo,
1118 3368 1297 3425 Gasaonrns
1308 3366 1436 3441 indignus
1450 3382 1554 3426 senus.

120 3462 198 3537 eipue
217 3469 313 3519 tamen
349 3458 384 3517 de
400 3458 593 3517 venerabilium
615 3460 740 3517 iocorum
771 3459 916 3518 stabilitate
1005 3461 1226 3533 Quoueaeuuque
1243 3459 1307 3528 tibi,
1326 3458 1354 3516 S.
1374 3459 1471 3527 Paule,
1493 3461 1628 3533 apostola,
1643 3464 1700 3520 Vas
1714 3462 1771 3522 sle·

121 3570 169 3629 pro
181 3554 277 3613 debito
290 3551 396 3611 bonore
418 3567 535 3610 summae
553 3560 582 3609 et
603 3552 758 3626 apostolicae
771 3552 853 3622 sedis,
868 3570 916 3610 cu·
969 3554 1077 3623 ononis
1094 3551 1200 3626 aliquid
1212 3551 1280 3609 dare
1293 3550 1428 3622 ridemur,
1449 3568 1505 3610 non
1523 3562 1619 3613 nostra
1640 3556 1770 3615 concedi·

117 3648 162 3721 ltra
174 3646 301 3705 membra
314 3654 391 3713 sunt,
405 3655 540 3719 quantum
553 3644 689 3703 arditius
702 3645 840 3718 adjutorio
855 3661 917 3718 pos·
970 3663 1042 3713 mus,
1062 3645 1110 3703 sed
1131 3652 1180 3702 tua
1204 3644 1297 3718 potius
1324 3642 1466 3702 reddimus
1489 3644 1532 3703 sel
1557 3646 1767 3708 confirmamus

121 3739 234 3799 tibilitas
247 3738 328 3798 datur
342 3739 434 3808 nobis,
444 3738 616 3812 pensandum
627 3746 655 3796 et
665 3737 846 3795 laborandum
857 3754 916 3797 asse
972 3728 1044 3797 uam'
1054 3737 1121 3813 quid
1131 3752 1253 3812 unqunn
1264 3736 1324 3794 sine
1341 3744 1370 3794 te
1381 3746 1509 3796 nostrum
1521 3745 1580 3797 esti
1593 3742 1769 3815 Quapropter

120 3832 326 3909 perpendimus.
341 3831 469 3901 Proinde,
480 3832 557 3907 juxta
567 3832 728 3904 petitionem
739 3840 828 3900 tuam,
844 3848 915 3905 prae·
970 3849 1020 3908 ego
1040 3831 1201 3906 Gregorius,
1221 3831 1366 3903 episeopus
1385 3844 1482 3889 servus
1501 3830 1561 3905 elus
1576 3833 1769 3909 omniumque

120 3928 194 3986 dicto
203 3927 371 3986 momsteuo
384 3926 425 3983 vel
434 3926 555 3984 ecciesiae
568 3926 687 3995 utae,cui
697 3940 813 3997 praeesse
824 3924 916 3999 digno
969 3942 1113 3985 serrorum
1128 3925 1188 3994 Dei,
1202 3941 1218 3981 a
1230 3922 1354 3982 remedio
1367 3924 1469 3983 animer
1478 3940 1551 3983 meet
1561 3924 1642 3996 cedo,
1650 3928 1769 3989 traduat

120 4020 222 4090 aeus,
248 4019 411 4094 bultnmodi
435 4019 574 4094 privilegia
597 4019 724 4092 praesenti
747 4018 916 4075 auctoritatis
970 4018 1165 4078 inuiolabiliter
1182 4018 1285 4092 largior
1302 4032 1399 4075 omnes
1413 4016 1579 4089 oblationes,
1598 4034 1778 4097 quacunque.

119 4122 223 4173 nostre
246 4112 367 4184 decrmo,
391 4128 526 4170 consensu
550 4120 579 4169 et
592 4120 690 4184 rogatu
713 4110 805 4169 fratris
828 4111 916 4169 nostri
970 4112 1125 4171 abdelibus
1136 4111 1298 4169 Christianis
1311 4126 1394 4184 super
1405 4110 1491 4170 altare
1502 4118 1582 4170 tuum
1594 4112 1695 4173 oblatae
1707 4112 1767 4173 lue·

120 4205 261 4267 Gniilelmi
272 4206 399 4265 Pesulani
407 4206 538 4278 episcopi,
550 4204 736 4277 indulgemus,
743 4204 917 4262 concedimus
970 4208 1035 4277 rint,
1052 4206 1104 4263 sub
1127 4219 1182 4277 quo
1205 4212 1412 4262 samosanctm
1433 4220 1533 4279 corpus
1550 4213 1631 4264 inum
1648 4206 1769 4265 traditan

120 4310 203 4378 atque
222 4299 378 4368 ilrruamus,
392 4307 543 4357 statuentes
561 4299 668 4356 nullutn
690 4300 843 4371 regemari
862 4298 915 4355 im·
970 4296 1227 4366 esserecouditum;
1241 4311 1360 4353 necnon
1373 4304 1402 4354 et
1427 4298 1579 4357 oblationes
1590 4298 1769 4359 contauionla

118 4402 288 4469 paratorum,
303 4392 457 4451 sudditum
473 4394 591 4463 nullum,
610 4406 774 4465 quacunque
785 4390 917 4464 dignitate
971 4402 998 4451 et
1007 4392 1133 4450 omnium
1146 4389 1275 4447 altarium
1285 4396 1343 4447 tum
1353 4389 1486 4459 eoelasiae,
1501 4400 1531 4449 et
1539 4390 1769 4452 substentationes

120 4487 499 4563 ptmdimus,velquemquam
510 4486 596 4543 aliurn
606 4484 707 4542 audere
717 4484 799 4542 dehis
809 4487 914 4558 quaecl·
932 4498 959 4562 1)
971 4486 1088 4545 lratrum
1095 4482 1198 4542 ibidem
1208 4482 1384 4540 servientium
1394 4484 1454 4539 Deo
1465 4484 1493 4539 iu
1502 4490 1678 4556 perpetuum,
1687 4486 1769 4543 sicuti

120 4577 915 4653 demrenerabiiilocoaquibnslibctbominibusdsprinci·
970 4598 987 4639 a
1008 4578 1111 4638 sanctis
1121 4575 1338 4636 antecessoribtm
1361 4574 1472 4647 noenia
1487 4575 1538 4632 tibi
1561 4574 1769 4650 laudantibus,

120 4676 241 4751 piojme
258 4673 428 4749 lamdonata
444 4673 573 4743 sunt,rel
589 4672 770 4741 infuturum,
789 4672 917 4729 Deomi-
970 4689 1134 4732 eoncessum
1154 4686 1216 4730 ease
1233 4670 1419 4744 dignoscitur3
1435 4676 1519 4742 atque
1538 4676 1629 4727 totum
1647 4670 1769 4732 uadum

120 4778 239 4838 mie,
257 4766 355 4827 collata
369 4767 482 4837 luerint,
501 4766 554 4824 sub
571 4765 717 4839 cujuslibet
731 4780 821 4823 cauam
836 4780 915 4823 occa·
971 4769 1018 4840 qui
1038 4774 1153 4823 vocatur
1171 4764 1287 4836 Lapigio
1300 4763 1329 4820 in
1352 4764 1502 4837 integrum,
1517 4778 1582 4821 cnm
1602 4764 1717 4823 eecluia
1738 4766 1768 4825 S.

120 4864 240 4923 nonius
253 4863 344 4936 speeie
364 4862 491 4919 minuere
511 4862 553 4919 uel
575 4858 693 4930 auterre,
711 4859 769 4916 sive
789 4860 847 4916 suis
863 4856 917 4917 usi·
972 4858 1092 4928 Proculi,
1117 4858 1173 4913 sire
1206 4854 1308 4928 quibus
1331 4854 1393 4912 aliis
1419 4864 1596 4929 nuncupatur
1618 4856 1770 4929 vocabulis,

121 4956 173 5015 bus
198 4955 348 5030 applicare,
372 4955 415 5012 rel
438 4954 515 5029 quasi
534 4954 585 5027 piis
606 4952 642 5011 de
674 4953 763 5010 causis
786 4968 836 5027 pro
860 4968 918 5011 utta
970 4952 1086 5017 cultum,
1100 4950 1140 5007 rel
1152 4948 1301 5017 incraltum,
1314 4954 1343 5005 et
1356 4948 1561 5007 cumomnibns
1573 4946 1770 5023 adsupraacrl·

122 5050 246 5109 andrie
256 5050 431 5107 excusatione
444 5048 604 5106 conoedcre.
619 5047 673 5105 Sed
690 5055 789 5105 cuncta
801 5063 863 5120 quae
882 5046 919 5104 iti
972 5054 1049 5120 ptum
1070 5041 1192 5104 Geldum
1213 5040 1373 5116 gmmitu
1394 5042 1462 5099 otiu
1480 5042 1619 5116 integrum
1631 5044 1770 5116 minen·

123 5142 216 5202 oblata
231 5151 299 5201 suut
315 5142 359 5200 rel
373 5141 468 5199 ollarri
481 5140 638 5215 configerlt,
651 5148 736 5198 tama
751 5149 779 5197 te
792 5154 877 5214 quarn
884 5140 919 5197 ab
971 5141 1062 5211 tibus,
1073 5146 1102 5197 at
1115 5137 1292 5196 medietatem
1305 5134 1410 5194 cartalli
1422 5134 1526 5204 ludia,
1539 5150 1603 5193 cum
1616 5152 1697 5195 rocca
1709 5152 1770 5207 aaa,

123 5234 161 5294 eia
178 5236 269 5311 quiin
287 5244 338 5293 tuo
359 5232 452 5292 ollioio
465 5235 582 5307 locoque
599 5234 791 5303 successerint,
810 5233 919 5306 perenni
971 5238 1098 5293 etium
1119 5231 1237 5306 Maiore,
1263 5245 1329 5288 cum
1352 5228 1481 5288 omnibus
1505 5229 1564 5286 attis
1584 5230 1772 5302 pertinsutlisg

123 5336 247 5404 tempora
269 5329 374 5387 libbata
387 5336 416 5385 et
428 5326 690 5401 siue-inquietudine
705 5328 834 5384 volumus
852 5342 917 5399 pos·
972 5336 1000 5385 et
1018 5327 1162 5385 eeclesiam
1174 5327 1204 5383 S.
1220 5324 1315 5382 itariae
1328 5324 1356 5381 in
1376 5322 1517 5393 onuslla,
1538 5336 1601 5380 cam
1614 5323 1673 5382 uria
1685 5325 1773 5399 perti·

124 5420 214 5493 sideri,
232 5436 331 5481 eorum
351 5420 465 5495 quidem
476 5418 573 5478 usibus
585 5435 768 5495 proquorum
781 5428 918 5478 sustenta·
970 5420 1086 5491 nunu,
1112 5427 1142 5476 et
1165 5433 1287 5477 massam
1305 5416 1450 5487 fulanam,
1479 5430 1543 5472 orm
1561 5416 1694 5476 omuibus
1717 5418 1774 5478 onia

124 5514 197 5574 tione
216 5515 474 5589 gubernationeque
487 5528 614 5572 concessa
628 5522 704 5585 sunt,
717 5513 807 5572 modia
825 5514 917 5572 omni-
972 5513 1161 5589 pertinentiia;
1179 5519 1208 5570 et
1224 5510 1403 5570 medietatm
1424 5508 1478 5567 laci
1491 5510 1651 5582 capsulam
1675 5520 1704 5570 et
1726 5528 1774 5572 α-

123 5604 343 5683 busprolutura.
357 5608 533 5667 ttomtuatim
545 5607 631 5665 etiam
644 5606 818 5666 comedimus
831 5607 919 5666 eidem
971 5616 1060 5666 strttm
1078 5606 1240 5674 Velletrum,
1269 5620 1334 5663 urm
1356 5604 1486 5662 omuibus
1509 5603 1568 5661 suis
1588 5606 1774 5679 pertinum

124 5702 302 5762 mimoni
322 5702 494 5761 mouasurio
505 5701 628 5760 dselmaa
645 5716 760 5760 suarum
773 5701 921 5774 possesdo
972 5702 1047 5759 sicut
1059 5716 1075 5757 a
1086 5700 1191 5758 sanem
1211 5696 1566 5773 pontibcibnsooneessum
1579 5704 1636 5764 est,
1649 5696 1771 5755 etiull·

124 5811 193 5855 uum
204 5796 235 5855 iu
257 5812 339 5856 ussum
358 5812 512 5871 wupennn
529 5803 559 5855 et
578 5793 797 5865 advenientium
820 5794 920 5852 conlir·
972 5792 1047 5854 bano
1059 5794 1158 5853 cellam
1172 5796 1199 5851 S.
1216 5792 1320 5850 liieolai
1333 5800 1363 5850 et
1373 5788 1476 5847 cellam
1490 5790 1519 5845 S.
1536 5790 1632 5847 ilario
1645 5802 1708 5861 qna
1720 5804 1774 5849 ro·

1130 2853 1222 2923 (Anno
1233 2851 1335 2913 Christi
1348 2806 1430 2921 1⁰7⁴,
1444 2855 1540 2911 Martii
1553 2859 1610 2922 13.)
