3870 6164
136 300 187 356 su
246 254 249 259 ’
637 288 683 348 xo
700 290 815 349 ornus
834 290 864 349 s.
881 288 1042 348 oasconu
1059 286 1278 346 rrrunoxcss.
1565 334 1568 339 .
1734 288 1782 351 ur

135 423 263 480 novimus
277 421 359 493 (iiii).
375 419 404 477 Si
418 418 466 491 qni
479 423 571 474 autern
591 414 800 488 conspirationis
818 417 929 490 culpam
943 424 970 485 Α
984 417 1132 484 interimat,
1153 429 1240 469 nonne
1258 413 1474 468 saducaeorum
1490 413 1619 482 offcium
1641 412 1701 467 mi?
1718 412 1784 468 itant

136 514 329 589 parvifaciunt,
339 509 797 571 Chalcedonensisoonoiliistatuta
807 509 930 583 relegant
984 510 1051 581 (cop.
1074 514 1117 573 tt)
1134 527 1141 563 ι
1160 511 1211 564 list
1229 509 1328 562 etenim
1341 520 1534 576 nonnunquam
1550 510 1648 561 contin
1667 506 1783 575 officinm

136 612 207 679 loon.
230 614 281 675 tit),
295 606 357 676 uiri,
369 607 440 662 inter
447 606 585 678 juratores
598 611 628 660 et
637 604 839 677 conspiratores
853 603 928 662 nullo
980 606 1147 674 promissum
1161 602 1269 666 soluere,
1280 604 1445 656 muamcma
1452 599 1601 668 cnutodire,
1611 602 1646 654 ul
1658 598 1782 663 nanda,

134 701 290 763 discrimine
302 700 407 768 habito,
422 700 528 773 utrique
542 700 601 770 pari
623 678 737 755 censura
759 698 927 771 plectuntur.
983 697 1154 767 puijurauit,
1165 700 1191 751 et
1203 710 1292 750 nocem
1302 696 1414 751 ioannis
1424 695 1565 765 parauit,
1579 695 1782 764 nemomissnn

169 794 399 870 Quandoquidem
416 793 499 866 igitur
514 793 587 849 hano
607 791 821 865 promissionem
838 807 928 861 suam,
982 795 1104 861 nequeat.

134 890 320 963 cujuscunque
336 887 462 944 vocabuli
482 886 527 954 sit,
550 894 624 943 tanta
639 887 745 943 cautela
760 885 929 953 custodiunt,
1018 887 1087 940 item
1096 892 1159 956 post
1170 884 1276 954 aliqua:
1288 882 1782 953 Unusquisquesimpiicemscmnonen

134 999 198 1041 cnm
216 998 283 1055 pace
303 982 413 1038 illorum
434 980 596 1052 inquirimus
616 995 671 1051 qno
686 978 792 1049 ordine,
814 995 869 1052 qua
883 994 928 1035 ra·
981 979 1298 1050 proferatuecstutrem
1309 975 1782 1046 cinamsoiptioneoerboruminds

134 1078 210 1134 tione
219 1092 323 1132 novum
336 1075 402 1132 illud
418 1082 513 1131 votum
527 1073 673 1146 antiquiori
686 1072 840 1144 praeferant,
856 1072 930 1145 quod
985 1077 1040 1136 cal,
1050 1073 1120 1126 nibil
1130 1073 1273 1142 promittat
1286 1070 1465 1125 inlumsnm.
1481 1072 1556 1126 Ausi
1562 1071 1738 1140 promiserit,
1749 1074 1781 1124 to

134 1172 162 1227 in
177 1170 222 1227 die
234 1169 414 1227 ordinationis
427 1182 484 1224 suae
503 1176 645 1236 voverunt,
661 1182 726 1223 oum
740 1166 776 1222 ad
790 1182 930 1223 summum
985 1166 1125 1221 durabilius
1138 1167 1407 1236 estpromissumnon
1416 1165 1612 1234 smere,quam
1621 1163 1779 1233 [nmquod

136 1263 322 1322 sacerdotium
337 1261 517 1335 promovendi
531 1261 566 1318 de
576 1261 629 1318 fide
639 1269 668 1316 et
680 1260 835 1317 obedientia
847 1262 930 1318 inter·
985 1265 1063 1330 turpe
1081 1263 1130 1314 est.
1145 1261 1231 1329 Scope,
1245 1259 1345 1331 inquit,
1365 1260 1488 1329 plerique
1496 1273 1524 1313 se
1534 1259 1729 1327 constrinpunt
1735 1258 1778 1327 js·

135 1367 309 1431 rogarentur.
331 1357 476 1415 Credimus
496 1357 570 1412 enim
584 1355 727 1412 momoriae
750 1355 861 1411 iliorum
876 1371 931 1412 non
984 1353 1140 1421 ririurandi
1152 1358 1327 1415 ermamento,
1343 1357 1368 1407 ei
1386 1367 1447 1406 cum
1460 1354 1515 1421 ipsi
1529 1352 1708 1421 mpuouerint
1722 1366 1777 1422 pro·

136 1453 267 1510 excidisse
289 1451 364 1523 quod
385 1451 415 1507 in
435 1465 515 1506 sacro
537 1450 584 1505 illo
602 1448 795 1520 episcoporum
815 1456 844 1504 et
866 1449 932 1505 oleri
986 1447 1148 1502 initiandum
1165 1462 1217 1501 uon
1233 1447 1329 1513 subse,
1343 1447 1508 1501 odoramenti
1519 1450 1612 1500 tomen
1622 1441 1775 1515 mntemplo·

135 1555 271 1605 conventu
281 1543 628 1616 (ros),adpromereodam
638 1543 842 1615 promotionem
851 1558 932 1599 suam
987 1544 1057 1595 dorne
1076 1542 1185 1608 saniant
1207 1541 1279 1610 quod
1291 1539 1505 1610 spoponderunt.
1531 1540 1567 1594 lit
1590 1537 1675 1610 panio
1694 1545 1773 1610 post:

136 1641 214 1697 beato
231 1641 314 1694 Petro
327 1637 437 1709 suisque
457 1637 565 1693 viendis
586 1646 614 1693 et
627 1636 834 1692 suecessoribus
849 1636 932 1692 fidem
987 1636 1081 1689 Melius
1094 1638 1231 1689 estootum
1245 1649 1299 1688 nort
1309 1634 1420 1701 soluere,
1432 1632 1505 1702 quod
1516 1633 1605 1687 nitriis
1618 1634 1668 1687 oui
1678 1634 1774 1702 prom-

135 1742 162 1790 et
189 1732 389 1805 subjectionem
411 1746 441 1787 se
464 1736 621 1786 servaturos
651 1729 856 1801 promiscnxnt‚·
884 1732 930 1802 qui
947 1782 970 1845 B
987 1728 1134 1782 tilruuoiit
1160 1728 1273 1782 oasoioi.
1297 1730 1355 1785 lion
1375 1742 1481 1797 semper
1503 1729 1644 1797 promisso
1664 1725 1772 1783 soloesd

135 1836 228 1884 tamen
242 1840 330 1898 nuper
342 1824 377 1880 ad
396 1824 524 1897 injuriam
536 1822 661 1897 ejusdem
677 1822 805 1896 principis
818 1832 931 1896 aposto-
986 1827 1049 1877 surii
1062 1823 1160 1876 ornum.
1181 1824 1302 1891 limique
1321 1824 1377 1891 ipse
1395 1822 1539 1889 Dominus,
1559 1823 1632 1876 sicut
1648 1821 1770 1891 Scriptura

135 1922 226 1977 lonxm
248 1918 401 1976 successori
422 1918 481 1989 ejus
500 1918 667 1990 promissam
686 1915 768 1972 fidem
789 1924 817 1972 et
838 1917 933 1990 subje—
988 1916 1101 1979 iudicat,
1116 1917 1274 1986 frequentor
1286 1930 1365 1970 suem
1376 1920 1464 1972 mutat
1476 1917 1651 1969 senteutiam.

135 2015 256 2070 ctionem
270 2012 379 2084 publica
397 2010 565 2082 professione
579 2009 792 2081 abnegaverunt.
809 2009 882 2066 liiud
899 2026 932 2066 ex
1023 2012 1139 2066 Sanctus
1149 2008 1273 2065 isidorus
1288 2008 1318 2063 in
1329 2008 1399 2065 libro
1415 2008 1624 2064 Sententiarum
1642 2025 1648 2062 :
1663 2010 1719 2067 lion
1731 2012 1766 2073 esi,

136 2106 312 2177 antiquorum
332 2111 489 2159 sanctorum
520 2106 633 2158 Petrum
657 2102 818 2159 anctoritate
841 2103 932 2159 edocti
989 2104 1086 2176 inquit,
1111 2104 1273 2159 seminudum
1296 2110 1493 2159 suuammmm
1508 2105 1582 2174 quod
1601 2105 1674 2159 maie
1697 2107 1722 2158 ei
1735 2105 1767 2157 in

137 2197 277 2265 fecerunt3
293 2197 322 2253 in
343 2197 397 2253 isto
411 2204 505 2253 autem
520 2197 608 2253 solam
623 2197 770 2254 mtxndanta
793 2197 934 2268 potestatis
987 2203 1064 2251 muto
1077 2200 1259 2268 promittitur,
1278 2196 1402 2253 uelutisi
1421 2199 1559 2268 qsarspiam
1572 2197 1707 2253 multem
1723 2212 1767 2252 ura

136 2290 306 2347 voluntatem
317 2290 438 2349 exuenti
454 2298 529 2346 sunt.
545 2289 693 2359 Quomodo
704 2305 770 2363 ergo
785 2290 838 2347 hoc
850 2291 934 2364 pluris
988 2307 1018 2346 ec
1031 2292 1209 2361 permovendi
1226 2291 1306 2361 tidem
1323 2292 1500 2362 pollicentium
1526 2291 1697 2346 tolerabilius
1713 2292 1766 2346 eun

135 2382 248 2452 faciunt,
270 2383 345 2456 quod
360 2382 388 2438 in
412 2382 540 2439 cubiculo
554 2382 611 2438 sive
634 2383 662 2438 in
685 2384 747 2439 aula
767 2383 841 2457 regis
864 2384 934 2440 inter
988 2390 1027 2440 est
1044 2400 1096 2439 raon
1114 2386 1226 2456 impiere
1240 2388 1448 2447 ranunculum,
1473 2400 1560 2454 quiam
1583 2385 1767 2455 pennauneu

136 2476 269 2549 palatinos
279 2475 651 2548 strepitnsoonspirarerunt,
663 2491 749 2548 qnam
761 2475 841 2546 iilud,
859 2476 933 2548 quod
988 2481 1079 2549 stupri
1090 2481 1205 2548 papilio.
1222 2478 1354 2534 Similiter
1366 2478 1393 2533 in
1410 2478 1479 2534 libro
1493 2477 1709 2550 soliloquiorum
1724 2478 1767 2532 :lu

135 2585 228 2627 coram
252 2583 330 2626 sacro
352 2568 430 2625 altari
450 2570 608 2641 sanatisque
630 2578 792 2627 sacratorum
808 2570 934 2643 reliquiis
988 2573 1213 2642 mabspromissis
1225 2572 1445 2641 rescindendam,
1461 2575 1579 2642 inturpi
1591 2568 1766 2627 commutaris

135 2663 187 2721 snb
196 2663 354 2720 testimonio
368 2662 468 2719 Christi
484 2670 514 2719 et
529 2663 658 2720 Ecclesia
670 2663 784 2735 professi
798 2667 880 2719 suxit?
988 2670 1099 2721 eretum.
1120 2667 1196 2734 Qriod
1223 2669 1328 2721 incaute
1350 2668 1457 2728 incuti,
1487 2681 1520 2720 ue
1533 2668 1640 2733 socium
1659 2666 1768 2735 Muta

166 2762 204 2814 At
220 2756 346 2824 fortasse,
365 2756 400 2813 ad
417 2772 496 2814 suam
516 2755 704 2813 defensionem
725 2766 849 2814 nostram
869 2773 933 2814 vero
987 2766 1026 2816 est
1034 2762 1182 2830 promissio
1196 2776 1257 2831 qua
1269 2760 1364 2816 scelere
1377 2760 1551 2830 adimpletur.
1567 2759 1622 2816 Sed
1634 2760 1769 2815 etfenera

135 2851 386 2924 exprobrationem,
418 2850 490 2931 illius
509 2850 660 2922 juramenti
684 2850 758 2924 quod
787 2851 933 2909 nobiscum
988 2853 1052 2910 bilis
1067 2854 1141 2911 Beda
1158 2854 1185 2910 in
1200 2854 1399 2926 Fxpianatione
1418 2853 1584 2926 evangeliea,
1605 2868 1671 2927 quae
1684 2851 1769 2926 publirt

134 2960 283 3002 commune
298 2944 601 3002 habentneeessitstem
614 2945 795 3018 pretendunt,
810 2945 935 3002 dicentes
988 2947 1136 3019 quotannis
1155 2948 1185 3003 in
1201 2947 1322 3004 Feelesia
1346 2947 1540 3020 pronuntiatur
1554 2947 1585 3003 in
1607 2946 1769 3005 decollatione

45 3028 51 3037 ⁸
134 3054 164 3097 se
180 3038 303 3111 juratam
317 3038 477 3096 fidelitatem
499 3037 650 3111 infringere
664 3040 765 3096 veritos
784 3040 836 3096 nisi
852 3040 936 3113 regias
987 3041 1075 3097 saneti
1088 3041 1202 3097 ioannis
1210 3040 1341 3113 Baptista
1354 3061 1360 3097 :
1376 3043 1495 3109 Sisorte,
1508 3040 1609 3114 inquit,
1622 3041 1768 3112 aliquidaut

134 3132 266 3190 voluntati
286 3148 394 3189 rnorem
413 3140 549 3204 gererent.
570 3133 613 3189 Ad
633 3133 708 3205 quod
728 3134 931 3205 respondendo,
952 3138 1093 3222 clausule
1101 3135 1211 3204 jurasse
1227 3137 1379 3203 mirllqerit,
1397 3136 1471 3205 quod
1485 3135 1660 3190 obseruatum
1671 3136 1767 3207 merca

133 3226 169 3284 de
181 3228 237 3284 iilis
250 3225 426 3283 inhonestum
439 3226 541 3299 aliquid
552 3227 644 3300 eloqui
656 3243 712 3284 non
727 3228 930 3299 presumimus.
986 3232 1081 3298 uerum
1094 3231 1123 3283 in
1134 3231 1246 3295 emtum,
1260 3231 1370 3284 consilio
1381 3230 1451 3284 iilud
1465 3229 1615 3284 salubriore
1625 3226 1766 3284 mutandam

135 3324 177 3377 De
190 3321 272 3377 uobis
282 3330 386 3390 autern,
400 3328 539 3393 quotquot
548 3321 664 3394 principi
672 3320 754 3378 fldem
764 3323 931 3394 juravimus,
985 3325 1146 3378 nmerimus.
1159 3324 1196 3378 Et
1205 3322 1286 3394 panio
1296 3331 1359 3395 post
1369 3344 1375 3379 :
1387 3326 1446 3381 Non
1456 3322 1544 3379 solum
1553 3325 1584 3378 in
1594 3318 1766 3393 juruadaarl

135 3414 932 3487 hoerereetirrelragabiliterattestamurquod,si,nostro
985 3418 1015 3471 iu
1034 3419 1109 3472 omui
1129 3416 1201 3487 quod
1224 3420 1331 3488 aqimus
1354 3419 1409 3473 boec
1423 3422 1462 3473 est
1488 3417 1637 3472 moderatio
1659 3414 1766 3472 edutiu

137 3509 252 3567 consilio
265 3511 406 3567 animatus
416 3518 566 3581 nostraque
579 3524 631 3581 ope
647 3509 744 3578 fretus,
761 3509 830 3567 illud
839 3525 931 3583 agres-
985 3511 1158 3571 obseruanda.
1174 3512 1240 3566 uisi
1252 3510 1415 3578 talemsorte
1424 3513 1455 3566 in
1469 3511 1579 3581 iopnrm
1591 3508 1766 3567 ommium

135 3619 182 3661 sus
196 3613 268 3662 esset
286 3603 360 3660 unde
381 3612 491 3660 tantum
508 3604 609 3660 unimae
634 3604 798 3674 perieulum,
822 3612 931 3661 tanturn
986 3605 1092 3659 audis
1112 3605 1273 3672 incidimus,
1292 3621 1327 3660 eu
1338 3620 1393 3674 quo
1407 3606 1464 3660 sine
1480 3606 1600 3673 contaqio
1611 3614 1767 3673 suspersam

135 3697 210 3768 regni
225 3706 253 3753 at
261 3697 327 3768 regii
338 3696 452 3752 honoris
463 3695 600 3753 delectum
613 3696 762 3765 incidisset,
775 3698 833 3753 sine
848 3698 931 3756 dubio
984 3700 1304 3769 possimm‚illumpotius
1311 3684 1768 3769 modendiadttumpuamumqu

136 3798 164 3845 et
175 3789 338 3845 moramenti
352 3789 497 3847 violatores
508 3798 536 3845 et
549 3788 612 3846 lidei
627 3791 821 3860 existeremus,
833 3802 861 3848 et
875 3808 932 3850 non
985 3795 1127 3848 minimum
1133 3792 1252 3863 periculi
1257 3807 1304 3847 uos
1314 3807 1482 3863 perpessuros
1494 3806 1550 3847 esse
1559 3795 1690 3848 cauimus
1700 3791 1766 3858 (reb.

136 3890 247 3939 tanturn
275 3882 467 3939 ecclesiastieae
490 3883 623 3954 regionis,
653 3883 701 3940 sed
725 3893 753 3940 at
774 3885 932 3958 reipublice
1022 3885 1175 3942 btirandnm
1199 3885 1281 3957 igitur
1305 3900 1362 3941 non
1388 3892 1431 3941 est
1443 3886 1566 3941 seniores
1579 3885 1766 3958 scripturaram

137 3976 237 4050 publici
256 3976 349 4034 lxostes
364 3976 595 4050 adjudicaremur.
611 3978 744 4048 Quamuis
755 3979 831 4034 enim
841 3980 933 4036 senior
987 3979 1098 4053 peritos,
1117 3995 1183 4036 oum
1198 3978 1232 4035 de
1249 3979 1417 4051 juramentis
1435 3978 1551 4035 verbum
1566 3977 1702 4045 facerent,
1713 3972 1768 4032 ninii

136 4071 279 4144 dignitate,
295 4078 378 4128 aetate
393 4077 484 4127 umen
508 4070 614 4142 invenis
634 4069 685 4127 fuit
705 4072 750 4128 oui
765 4072 825 4129 baec
848 4072 935 4130 fidelis
988 4073 1023 4130 de
1042 4072 1171 4145 praedicta
1187 4072 1298 4146 jurandi
1315 4073 1442 4129 cautione
1460 4072 1593 4145 attigisse,
1610 4071 1662 4130 sed
1674 4072 1765 4129 bun

137 4163 248 4238 sponsio
270 4162 341 4221 facta
359 4172 409 4220 est.
432 4166 607 4236 Quapropter
621 4165 649 4222 id
662 4165 751 4238 potius
774 4165 836 4224 fidei
860 4177 934 4237 arat,
988 4165 1528 4239 lumurodoodprobandumsusoepisse,
1536 4164 1636 4240 dequo
1645 4177 1768 4239 nuntium

136 4263 271 4329 quatenus
293 4255 497 4330 provectiorum
519 4265 586 4315 aetas
603 4257 734 4330 iuvenilis
756 4259 840 4316 animi
865 4261 935 4318 irra-
989 4260 1103 4333 quaestio
1124 4269 1199 4317 nrota
1216 4260 1276 4315 fuit.
1300 4260 1398 4316 Nullus
1413 4260 1488 4316 enim
1502 4268 1596 4333 negat,
1620 4260 1669 4318 sed
1689 4270 1770 4317 om

136 4349 280 4407 tionabiles
307 4351 445 4408 motiones
470 4351 558 4424 magis
580 4352 718 4425 mitigaret
742 4370 828 4425 quam
852 4356 933 4411 noxia
986 4370 1065 4425 aeque
1078 4354 1201 4411 fatentur
1215 4354 1365 4427 perjurium
1380 4355 1485 4411 maium
1499 4368 1569 4411 esse.
1584 4357 1663 4429 Ergo
1683 4354 1705 4412 si
1724 4364 1771 4410 rnr-

137 4447 319 4505 assentatione
337 4448 473 4505 incitaret.
494 4452 566 4517 Hoc,
582 4448 702 4521 inquam,
727 4449 790 4506 tidei
815 4459 888 4508 essm
906 4461 934 4508 et
989 4448 1046 4504 ium
1071 4457 1123 4514 est,
1148 4449 1205 4504 imo
1227 4448 1290 4520 quia
1305 4447 1410 4504 malum
1434 4455 1486 4517 est,
1510 4447 1772 4523 mveantprudenttt

136 4542 236 4613 offleii3
258 4543 316 4610 aad,
341 4544 392 4600 sub
412 4542 475 4599 fidei
498 4543 598 4616 specie,
626 4542 748 4599 noeitma
770 4545 1025 4619 persolvere,1)ne
1045 4542 1187 4616 siojurent
1204 4550 1338 4614 quatenus
1359 4542 1482 4614 pejerare
1495 4543 1707 4615 compellantur,
1729 4540 1772 4597 boe

136 4644 231 4692 eontra
249 4636 333 4693 fidem
348 4646 378 4693 et
397 4635 523 4694 officinm
540 4645 592 4705 ost,
606 4636 676 4693 sicut
688 4645 800 4693 sanctus
814 4639 931 4696 Ambro·
987 4651 1037 4712 pro
1058 4644 1133 4692 certo
1147 4636 1263 4692 scientes
1285 4635 1348 4707 quia
1360 4650 1390 4690 se
1408 4636 1481 4707 ipsos
1497 4635 1570 4691 male
1584 4644 1614 4692 et
1628 4633 1771 4706 incautejn·

136 4729 195 4786 sius
206 4736 322 4786 testatur
332 4730 360 4785 in
376 4730 447 4786 libro
465 4745 505 4787 xxx
518 4733 560 4786 De
572 4729 671 4786 officiis
684 4735 752 4802 (cap.
770 4735 823 4802 tt),
837 4732 885 4790 ubi
898 4733 933 4790 de
987 4731 1073 4789 raudo
1085 4731 1226 4788 destruere
1235 4737 1369 4803 possunt;
1382 4730 1469 4802 legem
1478 4739 1573 4786 autem
1588 4730 1700 4788 Domini
1710 4726 1770 4786 uto

136 4821 288 4879 Herodiaui
301 4824 468 4879 sacramenti
481 4823 600 4881 nefanda
611 4823 810 4895 adimpletione
821 4834 930 4883 tractat.
988 4842 1050 4900 gem
1064 4827 1181 4882 Parrum
1193 4823 1479 4896 nostrorumjurando
1489 4822 1644 4893 destruere,
1657 4828 1769 4895 Deoptr

137 4916 214 4984 Qsiod
234 4918 405 4971 ammaim
423 4922 472 4981 est,
496 4917 595 4989 inquit,
627 4919 692 4988 ndei
712 4928 791 4983 esse,'
804 4925 933 4977 amaritia
987 4920 1067 4992 pitio,
1081 4926 1274 4991 nonpossunt.
1291 4920 1362 4973 Ecce
1379 4916 1407 4974 in
1423 4916 1575 4989 prelibatis
1588 4917 1767 4975 catholicorum

135 5010 201 5078 (trit.
216 5010 287 5066 item
305 5008 332 5064 in
353 5008 450 5065 eodem
467 5010 538 5065 libro
559 5012 626 5082 (cap.
657 5016 712 5079 to),
730 5010 764 5068 de
789 5013 933 5072 exhibendi
988 5015 1100 5071 Petrum
1110 5012 1253 5069 sententiis
1266 5010 1565 5068 satisdemonstratum
1578 5009 1699 5084 estquod
1708 5008 1766 5082 juce

136 5102 221 5159 officii
245 5102 412 5161 discretione
437 5124 444 5160 :
470 5107 597 5175 omnum
620 5115 671 5174 est,
696 5107 744 5175 ait,
776 5109 933 5181 depositum
989 5115 1080 5163 menta
1090 5106 1330 5180 injusteprornissa
1340 5114 1365 5162 et
1375 5106 1403 5160 in
1411 5104 1503 5178 majus
1512 5104 1667 5177 pericnlum
1675 5112 1764 5174 serg&

137 5203 277 5254 semreat
289 5199 411 5254 reddere.
435 5200 488 5255 Sed
499 5202 636 5255 interdum
648 5205 820 5258 commmatio
830 5205 862 5272 pt
884 5209 933 5259 aut
987 5201 1025 5255 tia
1038 5200 1164 5273 [mamre]
1178 5200 1314 5272 cogimur,
1325 5199 1391 5273 quia
1405 5198 1472 5255 nihil
1486 5199 1615 5272 iniquutn
1622 5196 1760 5273 juravimus

137 5297 259 5364 tempore
277 5298 326 5347 aut
343 5296 508 5358 amessitutc,
527 5300 623 5350 utnon
636 5298 672 5352 sit
691 5298 810 5366 officium
823 5298 933 5353 reddere
1022 5294 1075 5354 Sed
1100 5294 1201 5350 dicitur
1216 5292 1296 5349 nobis
1321 5313 1327 5348 :
1356 5292 1445 5351 Fideli
1458 5291 1576 5366 principi
1600 5280 1760 5367 juramenti

136 5385 209 5456 quod
225 5390 371 5457 aceperis,
384 5389 458 5443 uelut
476 5390 584 5459 siquis,
608 5395 701 5445 roratru
718 5393 841 5464 patriam
857 5408 933 5464 opem
987 5391 1008 5447 si
1034 5388 1127 5445 fideles
1147 5404 1206 5445 esse
1226 5389 1316 5459 vultis,
1338 5388 1421 5446 fidem
1445 5387 1562 5446 domino
1587 5380 1760 5463 apostolicali

135 5479 226 5552 forem
236 5479 374 5551 barbaris,
385 5485 529 5552 pernitiam
540 5492 649 5555 aperim
661 5486 883 5557 boslureposeot,
892 5489 934 5543 uei
988 5482 1172 5540 obedientiam
1189 5483 1334 5555 abnegate,
1354 5491 1381 5539 et
1396 5482 1610 5557 abnegationem
1624 5479 1760 5554 uramur

93 5657 96 5663 1
135 5576 284 5630 inanienti
296 5575 427 5644 qlndium
438 5576 590 5647 depositum
602 5594 656 5635 uon
670 5596 761 5651 nepes,
774 5596 827 5650 quo
838 5584 933 5653 ipsese
989 5586 1083 5634 mento
1100 5577 1141 5633 vel
1157 5577 1259 5650 scripto
1273 5578 1394 5646 firmate,
1407 5586 1435 5634 et
1451 5577 1486 5634 ab
1504 5570 1761 5635 excommunicant

39 5748 41 5753 -
171 5718 246 5781 (151)
263 5715 354 5770 Locus
365 5712 529 5784 mendosus3
542 5730 636 5773 sensus
649 5726 692 5773 est
704 5737 711 5769 ι
724 5721 793 5785 Quos
803 5734 850 5775 suo
860 5722 933 5788 socio
1024 5718 1096 5787 (158)
1112 5719 1142 5771 in
1160 5716 1340 5772 conciliabulo
1356 5716 1521 5784 brixinensi,
1544 5732 1623 5775 anno
1638 5722 1711 5775 10811.

135 5785 291 5912 2311ωηῖῗά
303 5802 386 5856 quam
403 5790 610 5857 eorupirationis
624 5790 732 5859 eulpam
748 5793 833 5861 parui
847 5794 935 5859 smero
988 5788 1209 5918 rassligiedblgstat
1221 5789 1279 5844 baec
1293 5787 1405 5845 homilia
1419 5796 1487 5845 tom
1501 5787 1765 5863 vituperantur
