3884 6158
85 300 133 358 iil
584 306 843 365 uuotssltostse't.
864 336 900 348 -
916 308 1004 365 tcta
1024 312 1052 365 S.
1074 312 1244 367 subuertit.
1689 323 1739 378 itt

81 430 182 503 squali
207 439 332 500 auctore,
346 432 428 504 paulo
440 440 504 505 post
516 433 603 505 ipsius
621 434 747 508 Gregorii
761 442 881 492 mortem
894 439 921 503 Α
935 434 1018 491 domo
1039 436 1240 494 Brunswicensi
1258 436 1450 508 oriundorum,
1465 439 1513 497 ubi
1538 441 1567 499 iu
1581 441 1641 501 Vita
1659 445 1738 501 Hen-

81 524 181 581 littsris
200 524 361 583 mandatam
375 543 409 583 es
422 527 553 585 Gretsero
574 536 603 585 et
616 528 752 587 Bollaudo
766 529 882 586 mutuati

81 634 186 676 sumus.
197 619 285 676 Porro
295 620 571 696 Paulusvitaehujus
582 621 749 691 succensuit
763 623 883 697 primum

80 711 292 786 itatisponensis
311 714 440 772 Ecclesiae
465 716 623 785 eanonicus,
646 717 692 789 qui
719 733 784 774 cum
803 733 840 775 ex
852 734 883 775 ea

80 806 152 864 urbe
163 807 197 864 ab
206 796 384 876 tienrtcotv,
396 809 471 881 quod
486 810 546 882 ejus
560 810 680 882 partibus
692 826 748 867 non
762 810 881 881 faveret,

81 900 183 959 tuimet
193 902 306 975 ejectus,
322 903 351 958 in
365 903 521 960 coenobium
544 904 687 974 bernried,
705 921 881 963 1111111111-

79 1002 231 1066 structum,
246 1012 308 1055 sese
323 998 439 1070 recepit,
457 998 515 1067 ubi,
530 1008 658 1071 suscepto
681 1000 880 1057 canonicorum

77 1089 246 1163 regelarium
264 1091 402 1162 instituto,
422 1091 527 1165 aliquot
541 1093 619 1150 annis
635 1093 720 1166 degit.
743 1094 810 1151 inde
830 1097 882 1151 Ro

77 1198 154 1241 mam
179 1184 324 1257 proiectus
343 1186 515 1258 pontificibus
538 1186 677 1244 iamiliaris
700 1187 761 1244 fuit.
778 1192 881 1246 Preter

76 1278 204 1351 Gregorii
220 1279 314 1336 Vitam
327 1280 378 1336 alia
388 1280 456 1338 item
466 1282 599 1354 opuscula
609 1282 784 1355 conscripsit,
793 1298 808 1340 e
818 1283 879 1356 qui-

74 1371 126 1429 bus
135 1372 256 1446 ipsemet
266 1373 354 1431 beatis
364 1375 492 1432 ttertucae
501 1374 670 1432 Vitnminira
684 1376 788 1446 laudat,
797 1392 880 1449 quam

75 1465 229 1523 abeodem
243 1469 373 1526 Gretsero
387 1468 492 1526 editam
507 1469 676 1526 Bollaudiani
689 1469 734 1526 die
750 1476 784 1528 ts
799 1471 879 1543 apri·

73 1559 105 1617 lis
117 1560 278 1620 ediderunt

107 1662 136 1714 ².
151 1656 337 1715 Recentiores
356 1659 482 1716 nonnulli
502 1660 667 1734 Gregorium
681 1676 714 1717 ex
734 1659 877 1734 praenobili

74 1748 352 1810 hidohmndinorum
362 1752 466 1810 familia
480 1763 574 1812 ortum
588 1755 674 1811 luisse
691 1756 826 1825 scribunt,
840 1754 877 1811 ad

938 528 986 585 rici
994 532 1019 584 lt
1033 530 1217 601 imperatoris,
1230 541 1415 603 cognomento
1429 533 1517 607 Nigri,
1532 545 1625 593 narrat
1638 537 1737 597 Hilde-

938 622 1084 693 brandum‚
1099 624 1145 696 qui
1158 632 1223 681 tunc
1238 626 1344 683 Bennoi
1356 626 1405 683 lilii
1421 627 1481 701 ejus
1492 628 1657 705 pedagogus
1667 642 1736 699 erat,

938 717 1024 773 visum
1042 716 1125 775 luisse
1143 718 1171 774 iu
1188 720 1296 789 [soranis
1309 720 1359 792 ipsi
1373 721 1529 793 imperatori
1548 738 1612 780 cum
1632 740 1683 782 suo
1698 725 1737 799 ip·

936 811 995 867 sius
1008 811 1066 868 filio
1077 811 1114 868 ad
1133 827 1256 870 mensam
1274 813 1405 883 assidere,
1418 831 1522 873 cornua
1535 815 1685 875 habentem
1699 819 1735 877 ad

936 906 1038 962 coelum
1055 921 1141 977 usque
1164 905 1302 976 sublimia,
1312 908 1412 980 quibus
1433 909 1564 967 eumdem
1586 912 1736 969 ilenricum

936 998 1025 1056 lilium
1040 1000 1068 1055 iu
1082 1000 1173 1057 lutum
1186 1000 1341 1072 dejiciebat,
1355 1017 1438 1074 quam
1449 1003 1586 1061 visionem
1600 1022 1665 1063 cum
1678 1012 1735 1065 Au·

935 1101 1014 1166 gusta
1025 1093 1060 1151 de
1074 1095 1196 1152 ilenrico
1204 1094 1260 1152 lilio
1269 1110 1317 1167 per
1328 1095 1545 1156 Hildebrandum
1556 1114 1589 1156 ex
1600 1099 1734 1173 imperiali

934 1188 998 1245 sede
1025 1188 1195 1246 exturbando
1228 1189 1404 1263 interpretata
1442 1190 1550 1250 luisset.
1585 1193 1734 1266 imperator

934 1280 1064 1340 eumdem
1082 1283 1301 1341 Hildebrandum
1322 1285 1349 1340 in
1368 1283 1475 1342 vincula
1491 1285 1640 1360 conjecisse
1658 1286 1732 1344 ieme
1824 1308 1828 1321 ·

934 1378 1103 1434 euocandum
1127 1386 1267 1447 narratur,
1292 1394 1375 1451 quem
1389 1388 1482 1451 postea
1508 1387 1613 1450 tamen,
1638 1379 1732 1438 uxoris

933 1471 1139 1541 intercessione,
1168 1471 1286 1529 liberum
1307 1473 1384 1530 abire
1411 1472 1547 1545 permisit,
1572 1481 1733 1533 nemmem

933 1566 1049 1622 sommis
1059 1565 1143 1623 iidem
1156 1565 1325 1635 adhibendo,
1340 1566 1492 1624 innocuum
1501 1567 1593 1640 perire
1611 1567 1731 1639 juberet,

931 1660 981 1716 scd
994 1661 1054 1717 haec
1065 1660 1167 1717 ineerta
1179 1668 1254 1729 sunt,
1268 1659 1338 1717 sicut
1350 1668 1378 1717 11
1393 1660 1446 1717 alia
1460 1659 1548 1718 multa
1566 1662 1732 1721 assecutio·

931 1754 1007 1811 ribus
1020 1755 1147 1824 coniicta,
1163 1769 1226 1827 quae
1239 1753 1354 1826 proinde
1363 1753 1587 1813 omitteretisum
1596 1764 1648 1813 est.

72 1844 148 1918 quod
163 1844 342 1919 probandum
369 1846 413 1904 vix
439 1847 513 1906 aliud
527 1848 677 1922 quidquam
690 1848 813 1923 prolerre
831 1866 876 1906 ra·
894 1831 918 1894 Β
968 1855 994 1903 t.
1010 1850 1122 1905 Certum
1143 1855 1185 1906 est
1205 1849 1321 1905 omnino
1334 1848 1500 1922 Gregorium
1512 1849 1547 1906 ab
1563 1850 1620 1923 ipsa
1638 1850 1729 1923 pneri-

72 1938 137 2007 lem,
153 1948 260 2012 praeter
281 1940 427 1999 nominum
440 1942 658 2001 similitudinem.
675 1942 878 2002 Hildebrandus

71 2034 177 2106 quippe
190 2034 343 2092 vocabatur
357 2036 516 2110 priusquam
543 2038 702 2095 eveheretur
728 2037 763 2096 ad
791 2039 877 2111 ponti·

70 2127 198 2196 deatum,
212 2136 246 2185 ut
259 2128 389 2187 omnihus
402 2141 500 2189 notum
510 2139 560 2189 est.
575 2132 627 2189 Sed
637 2148 722 2204 quam
732 2133 768 2190 sit
779 2132 877 2189 frivola

70 2220 215 2294 ejusmodi
234 2223 315 2289 ratio,
330 2240 414 2281 nemo
431 2226 583 2284 1111111111.
600 2227 735 2284 Batonius
745 2242 760 2283 e
771 2235 877 2283 coutra-

68 2316 108 2372 n'o
121 2316 297 2391 Gregorium
306 2318 404 2376 immiti
417 2319 488 2386 loco,
501 2320 687 2393 patrcseilicet
699 2320 775 2378 labro
788 2321 874 2393 ligna·

68 2408 236 2477 rio,natum
249 2410 337 2469 luisse
363 2413 411 2483 ait,
433 2413 507 2486 quod
521 2415 657 2486 Gregorio
683 2416 784 2486 probro
806 2415 875 2472 verti

68 2519 123 2561 11111
140 2520 243 2579 posse,
270 2508 335 2563 iesu
358 2506 459 2564 Christi
483 2509 598 2565 Domini
623 2510 710 2566 nostri
735 2510 873 2583 exemplo,

69 2597 181 2655 11111111.
194 2599 251 2670 Qui
264 2616 330 2657 cum
342 2600 466 2659 Verbum
478 2603 568 2661 Patris
580 2611 608 2660 et
621 2620 703 2661 verus
720 2604 770 2661 Dei
789 2603 874 2661 Filius

70 2702 150 2759 11111,
161 2708 197 2749 ex
213 2708 335 2768 paupere
349 2696 462 2769 Virgine
481 2697 567 2768 nasci,
581 2706 609 2754 et
627 2696 735 2754 labrum
757 2706 875 2770 patrem,

70 2786 276 2859 reputabatur,
290 2787 393 2846 habere
417 2791 711 2865 nonestdedignatus.
733 2790 873 2864 Papebro·

930 1943 969 1999 tia
984 1942 1143 2000 monastice
1160 1942 1324 2015 professioni
1341 1957 1445 1999 nomen
1461 1941 1580 2013 dedisse,
1592 1959 1677 2017 quam
1688 1961 1730 2003 re-

933 2036 1008 2108 liquo
1027 2037 1091 2094 vitre
1114 2046 1238 2109 tempore
1266 2044 1293 2093 et
1312 2035 1419 2105 dilexit,
1447 2038 1557 2110 atejus
1581 2037 1730 2108 exercitiis,

931 2141 1066 2203 quantum
1088 2129 1241 2203 patiebatur
1253 2146 1348 2189 rerum
1360 2129 1542 2204 gerendarum
1569 2132 1729 2200 necessitas,

931 2224 1063 2283 incubuit.
1078 2228 1150 2282 Eum
1162 2241 1176 2281 a
1187 2242 1271 2296 puero
1280 2226 1439 2281 awnocbum
1458 2224 1543 2282 luisse
1550 2224 1661 2283 disertis
1672 2242 1730 2283 ver·

931 2319 974 2375 bis
995 2319 1079 2376 tradit
1091 2319 1238 2377 ordericus
1255 2319 1361 2388 Vitatis,
1384 2327 1481 2378 auctor
1494 2319 1605 2377 illorum
1619 2327 1729 2394 tempe·

931 2429 993 2470 rum
1008 2414 1241 2481 accuratissimus,
1257 2413 1327 2470 libro
1343 2429 1376 2471 tv
1390 2413 1518 2471 Historiae
1529 2412 1727 2473 ecclesiasticae.

931 2507 1008 2564 idem
1018 2509 1114 2581 repetit
1132 2509 1203 2565 libro
1218 2522 1275 2576 vu,
1291 2508 1337 2565 ubi
1350 2506 1481 2582 luseejus
1492 2507 1636 2566 historiam
1661 2525 1728 2583 pro·

930 2601 1065 2675 sequitur.
1080 2602 1227 2671 {Eumdem
1240 2605 1407 2673 professione
1428 2604 1588 2659 monacham
1609 2603 1729 2676 appellat

930 2696 1160 2769 Chronographus
1171 2704 1265 2753 noster
1277 2697 1425 2753 saxonicus
1437 2712 1490 2754 ms.
1501 2696 1726 2763 Adoleseetthm,

928 2791 1015 2864 inquit
1026 2793 1109 2863 ilugo
1126 2789 1334 2847 Flaviniaeensis
1356 2790 1384 2846 in
1398 2790 1535 2848 Chronico
1549 2790 1727 2863 virdunensi,

69 2879 146 2939 ehitss
159 2896 232 2939 sero
253 2881 318 2941 licet
339 2884 455 2955 primam
478 2885 632 2958 opinionem
651 2885 769 2959 rejiciat,
794 2884 873 2941 alteri
929 2890 1066 2955 ‹teotmptc
1082 2886 1236 2939 srcoctitotis
1261 2886 1405 2954 proposito,
1438 2887 1511 2940 11111
1542 2886 1726 2943 111111ιά1111-

68 2982 162 3033 tameu
176 2992 237 3032 non
252 2977 403 3035 assentitur
416 2979 444 3035 in
455 2980 602 3053 praemissis
621 2979 655 3037 ad
666 2980 756 3037 Vitam
769 2981 872 3053 Grego·
928 2985 1077 3050 receptores,
1088 2995 1141 3034 1111
1148 2980 1321 3047 1111111111
1335 2979 1507 3048 perfectionis
1517 2979 1624 3035 iudiciis
1634 2981 1728 3050 pereto

68 3068 100 3124 rii
112 3070 180 3139 Vll,
197 3069 291 3127 diets
311 3072 375 3128 liaii
395 3072 582 3143 Bollnudiani,
603 3073 651 3131 uhi
671 3074 871 3147 Gregoriumo
925 3076 1003 3129 serait.
1018 3073 1070 3129 iiis
1088 3072 1194 3129 accedit
1216 3071 1353 3129 Domnizo
1368 3071 1396 3127 iu
1419 3072 1479 3129 Vits
1503 3071 1652 3142 Matlrildis,
1681 3073 1726 3131 ubi

68 3162 151 3220 mbili
172 3161 283 3221 familia
297 3164 432 3237 prodiisse
445 3167 553 3239 probari
564 3184 643 3240 posse
657 3168 754 3225 exinde
769 3177 872 3238 censet,
888 3208 911 3274 C
926 3166 1053 3241 Gregorii
1079 3174 1199 3223 mortem
1212 3164 1363 3223 monachos
1378 3181 1434 3238 prae
1448 3165 1564 3235 11111111,
1577 3164 1652 3238 quod
1669 3166 1727 3240 ipse

70 3257 143 3329 quod
155 3257 188 3314 in
202 3258 280 3315 Actis
294 3260 456 3332 pontificum
480 3262 683 3336 manuscriptis,
710 3278 772 3336 quae
791 3277 874 3336 penes
926 3259 1080 3318 monachus
1101 3259 1207 3323 fuisset,
1227 3258 1369 3317 deflevisse
1397 3259 1533 3318 observat.
1562 3262 1599 3318 Et
1611 3259 1726 3334 quidem

68 3366 96 3408 se
106 3352 247 3410 macerari
269 3351 347 3423 dicit,
374 3354 481 3428 legatur
510 3357 635 3429 Gregorii
650 3362 771 3429 rrepotem
787 3356 872 3414 fuisse
927 3356 1022 3413 Petrus
1034 3354 1160 3412 Damiani
1172 3352 1201 3409 in
1222 3352 1357 3424 opusculo
1373 3359 1417 3419 32,
1435 3353 1510 3425 quod
1526 3351 1618 3410 adhue
1630 3370 1726 3412 mona·

68 3447 209 3501 livesticum
223 3450 385 3518 1111111111
404 3450 606 3520 Septen-soliis,
624 3452 775 3507 1111111111·
787 3468 872 3525 quam
925 3449 994 3507 chus
1008 3448 1060 3521 ipsi
1078 3443 1267 3503 Hildebrando
1280 3445 1457 3517 nuncupavit,
1475 3450 1726 3520 eumaempsrfro·

66 3538 154 3597 instar
177 3539 252 3597 arcis
274 3542 412 3599 munitam
437 3542 540 3600 frustra
552 3544 689 3601 machinis
705 3544 809 3602 bellicis
820 3561 871 3601 11-
926 3548 995 3599 trem
1008 3539 1224 3613 suumappellat,
1238 3548 1299 3597 tum
1316 3539 1344 3595 in
1361 3538 1532 3612 praefatione,
1553 3549 1615 3599 tum
1628 3540 1657 3597 in
1678 3548 1723 3599 to-

67 3648 194 3708 pngnare
220 3644 338 3693 conatus
362 3635 414 3693 iuit
443 3638 577 3695 hienricus
601 3639 761 3711 imperator.
790 3639 872 3712 Qtrod
924 3637 978 3693 tius
987 3636 1081 3709 operis
1093 3632 1396 3691 decursu.0mittimus
1408 3632 1611 3691 Theodorieum
1629 3649 1723 3706 supra,

66 3728 185 3800 quidem
196 3726 332 3798 cilicium,
344 3730 433 3803 inquit
446 3731 500 3801 ille,
516 3733 871 3805 plebeiohominieommis-

66 3821 504 3882 summinimeiuissetiiamdem
519 3828 687 3884 senteutiam
705 3844 784 3885 suam
803 3844 871 3885 con·

65 3914 161 3972 iirmat
173 3916 253 3973 Pauli
267 3917 353 3990 ipsius
370 3920 543 3989 auctoritate,
558 3922 605 3993 qui
620 3921 647 3977 in
658 3922 783 3995 Gregorii
798 3923 868 3991 Vita,

66 4008 198 4067 observat
215 4010 347 4069 eumdem
370 4014 528 4085 pontilicem
544 4014 674 4072 habuisse
704 4018 870 4072 avunculum

67 4102 200 4161 abbatem
214 4107 375 4163 monasterii
387 4116 489 4166 sauctae
499 4108 595 4167 lilariae
612 4109 641 4166 in
657 4109 804 4167 Aventino.
818 4111 869 4167 Ve-

924 3746 1003 3787 num.
1018 3736 1045 3801 a,
1069 3727 1218 3797 laudatum,
1235 3725 1420 3784 Trithcmium
1442 3735 1471 3786 11
1499 3727 1568 3785 alios
1587 3727 1723 3801 ejusmodi

926 3833 1060 3881 auctores.
1075 3823 1182 3879 Locum
1207 3836 1272 3878 rere
1298 3819 1324 3876 in
1342 3836 1397 3893 quo
1418 3820 1601 3878 monasticam
1615 3821 1722 3894 pmies-

925 3920 1033 3976 sionem
1044 3917 1127 3984 vovit,
1142 3915 1275 3973 indicasse
1289 3913 1398 3972 videtur
1409 3915 1465 3987 ipse
1478 3915 1588 3983 Paulus,
1598 3931 1677 3972 num.
1692 3921 1720 3986 9,

925 4012 972 4069 ubi
993 4011 1087 4069 scribit
1110 4008 1329 4066 Hildehrandum
1354 4007 1506 4081 apueritia
1520 4010 1653 4067 avunculo
1671 4024 1722 4067 sue

923 4106 1016 4163 abbati
1030 4112 1131 4161 sanetae
1151 4103 1246 4161 lliariae
1268 4101 1297 4160 in
1321 4110 1415 4160 monte
1429 4103 1567 4160 Aventino
1576 4117 1721 4160 commen·

923 4200 1019 4258 datum
1037 4199 1131 4267 fuisse,
1150 4198 1185 4255 ad
1211 4198 1315 4254 litteras
1329 4196 1410 4253 simul
1434 4205 1462 4253 et
1475 4196 1720 4270 morumdiscipli-

65 4214 130 4255 rum
148 4215 217 4257 eum
230 4199 585 4274 inantiquismonumentis
597 4202 664 4260 nibil
687 4205 757 4261 certi
775 4203 868 4262 addi·

66 4292 210 4351 rimendas
236 4294 372 4368 ejusmodi
404 4299 610 4368 controversias,
638 4297 795 4356 aumorlbus
818 4300 868 4355 mi·
922 4311 987 4351 nam
1006 4292 1193 4361 addiscendas,
1209 4289 1285 4363 quod
1310 4289 1386 4347 brevi
1412 4290 1447 4346 ab
1465 4306 1498 4348 eo
1515 4289 1619 4348 iactum
1634 4290 1720 4349 luisse

64 4387 142 4445 nime
166 4387 222 4445 sihi
258 4390 503 4461 consentientibus,
528 4392 690 4462 inveniatur,
712 4393 815 4451 irustm
835 4393 868 4450 iis
922 4394 1134 4447 commemorat.

62 4480 298 4556 iusiusagitandis
323 4500 417 4542 vacare
433 4501 490 4543 non
515 4486 588 4544 licet.
607 4487 744 4545 Eumdem
760 4488 869 4545 1111111-
958 4488 986 4538 5.
998 4481 1135 4539 Eumdem
1150 4480 1178 4537 in
1193 4476 1342 4554 percelebri
1360 4477 1529 4536 monasterio
1548 4474 1719 4536 cluniacensi

63 4576 104 4633 eia
117 4585 218 4633 natum
239 4576 340 4635 diserte
363 4580 462 4637 asserit
487 4581 597 4649 Paulus,
613 4580 686 4653 quod
707 4581 751 4638 alii
775 4582 865 4652 Senis,
880 4594 905 4656 1)
919 4576 1101 4634 monasticam
1117 4575 1202 4632 vitam
1216 4574 1303 4647 egisse
1323 4573 1447 4630 sentiunt
1461 4571 1584 4645 plerique
1603 4572 1719 4646 scripto·

62 4670 107 4725 alii
128 4670 206 4743 apud
218 4671 339 4729 Soanam
350 4672 497 4748 contigisse
511 4675 614 4731 volunt.
630 4675 683 4732 ilis
706 4674 865 4733 adversatur
920 4688 974 4740 res,
994 4671 1171 4743 potissimum
1189 4668 1366 4735 recentiores,
1382 4667 1427 4739 qui
1438 4681 1504 4723 eum
1519 4671 1654 4724 1111111111
1667 4667 1718 4724 ibi·

62 4763 146 4837 ilugo
168 4764 383 4824 flaviniacensis
404 4767 434 4824 in
460 4768 597 4826 chronico
624 4768 798 4837 Virduncnsi,
818 4770 863 4827 ribi
919 4767 982 4824 dem
995 4765 1094 4838 prioris
1110 4761 1202 4819 olhcio
1222 4760 1304 4818 luisse
1318 4759 1461 4817 donatum.
1479 4760 1511 4819 ld
1522 4760 1623 4818 diserte
1632 4761 1718 4819 tradit

65 4858 232 4931 Gregorium
258 4864 460 4918 1111111111111
484 4864 865 4935 11111111111111111111111·
919 4862 985 4919 Otto
1012 4854 1360 4931 Frisingeosisepiscopus,
1380 4855 1496 4928 scriptor
1516 4854 1591 4913 haud
1606 4854 1716 4928 ignobi-

66 4954 160 5021 rsouis,
176 4951 289 5009 disertis
302 4954 389 5012 verbis
404 4955 561 5014 affirmavit.
917 4955 960 5025 lis,
977 4953 1023 5029 qui
1037 4952 1120 5010 reiert
1133 4954 1254 5008 Leonem
1269 4952 1312 5007 lx
1332 4950 1365 5007 ab
1379 4950 1545 5022 imperatore
1556 4948 1717 5022 pontilieem

99 5052 126 5102 1.
141 5046 258 5121 Aliquot
278 5046 369 5105 lutura
393 5049 453 5123 eius
470 5050 624 5107 sanctitatis
649 5053 782 5126 praesagia
799 5068 863 5125 pro·
918 5049 1090 5122 designatum
1112 5046 1142 5103 iu
1161 5044 1267 5103 ltaliam
1288 5051 1480 5117 properantem
1502 5043 1717 5102 cluniacumdi-

65 5135 117 5195 lert
134 5140 236 5198 Paulus
249 5160 256 5197 :
271 5151 300 5199 at
317 5141 379 5199 silet
390 5144 465 5215 quod
482 5146 505 5201 ei
519 5145 613 5203 adhuc
627 5144 764 5202 infantulo
780 5145 866 5202 conti·
918 5144 1041 5212 vertisse,
1066 5140 1113 5199 ubi
1141 5150 1206 5200 tunc
1232 5138 1437 5197 flttuebrandus
1449 5136 1523 5211 prior
1546 5146 1616 5208 erat,
1640 5137 1718 5210 cujus

64 5232 226 5305 5111111111
247 5234 275 5292 iu
297 5234 379 5305 labri,
405 5252 489 5310 quem
503 5239 615 5312 quidam
638 5240 743 5305 volunt,
756 5247 785 5295 ut
801 5255 866 5297 111111
917 5238 1032 5295 consilio
1043 5234 1185 5303 eumdem,
1200 5233 1333 5291 abdicatis
1343 5231 1544 5304 poutiliealibus
1556 5231 1716 5305 insignibus,

64 5322 238 5397 dicebamus,
249 5329 337 5402 ipsius
354 5339 465 5404 patrem
488 5330 583 5404 fuisse,
613 5332 739 5402 officina,
765 5332 812 5390 ubi
832 5350 864 5391 111
917 5332 969 5391 sub
987 5330 1123 5404 peregrini
1145 5327 1241 5386 babitu
1257 5330 1378 5387 Romam
1392 5326 1544 5400 perrexisse
1562 5325 1611 5395 ait,
1626 5324 1717 5383 comi·

65 5420 212 5492 segmentis
231 5422 472 5497 rejectaueiseum
495 5426 584 5484 adhue
611 5428 732 5485 nesciret
750 5427 864 5498 litteras,
917 5434 994 5483 111111
1012 5439 1076 5481 eum
1097 5422 1193 5480 eodem
1217 5420 1415 5492 llildehrando,
1442 5421 1488 5493 qui
1510 5422 1655 5477 Romanos
1682 5417 1718 5477 ad

64 5518 158 5570 1111111
172 5514 294 5574 ludendo
308 5534 354 5576 eas
371 5520 409 5577 ita
433 5522 621 5592 composuisse
640 5530 823 5592 memoratur,
834 5529 865 5579 ut
917 5519 1074 5592 eligendum
1089 5517 1180 5590 ipsum
1191 5515 1300 5591 jamab
1322 5515 1486 5588 imperatore
1501 5513 1620 5572 electum
1634 5513 1716 5571 indu·

63 5600 495 5686 Daridieumilludexprimercnt
505 5615 648 5674 oraculum
660 5618 864 5674 :Doninobitur
917 5622 1000 5672 ceret.
1016 5615 1097 5671 Certe
1121 5611 1290 5684 Gregorium
1316 5626 1381 5683 erga
1402 5606 1595 5666 Cluniacenses
1616 5607 1717 5678 optime

65 5704 167 5759 errari
173 5720 261 5776 11111
283 5706 419 5764 1111111.
433 5708 518 5767 atiud
544 5708 713 5783 ejusiuturae
732 5710 863 5783 potentiae
916 5706 1050 5766 aiiectum
1076 5706 1162 5764 iuisse
1179 5719 1265 5761 nemo
1286 5703 1313 5760 in
1334 5701 1453 5760 dubium
1470 5716 1599 5758 11111111
1613 5706 1714 5773 potest.

65 5794 145 5866 niori
165 5796 264 5873 adjicit
282 5801 446 5877 masagam
464 5802 657 5861 Theodericus
679 5803 863 5878 Eugelhusius
915 5804 976 5877 lpse
990 5800 1082 5873 etiami
1093 5807 1189 5857 1111111
1211 5800 1328 5870 lingone
1348 5792 1519 5851 familiariter
1535 5792 1724 5865 utebaturrut

64 5890 217 5951 unonierts
227 5892 478 5956 hildesheimensis
493 5898 524 5956 iu
535 5892 604 5957 Vitis
618 5898 817 5971 imperatorum
829 5913 862 5955 ex
916 5894 1029 5972 exejus
1053 5890 1294 5975 Viupaeeesm
1317 5888 1412 5951 uuor
1431 5884 1618 5960 timuisses
1632 5882 1750 5959 nohum
