3884 6158
159 204 253 297 ees
374 202 378 207 ’
448 276 451 281 -
658 243 800 301 unm
820 234 992 301 sernum.
1011 271 1047 287 -
1067 242 1171 301 erese.
1191 245 1277 303 xuu
1761 256 1812 311 sec
1880 277 1888 301 a

159 365 575 440 etrererentisdignistsntam
583 368 896 427 contumeliamcontrs
910 383 957 424 se·
970 373 999 436 A
1012 377 1114 441 quanto
1138 368 1174 426 ad
1204 368 1366 429 sublimiore
1397 370 1556 444 proficeres,
1586 382 1663 431 tanto
1686 383 1714 431 te
1739 377 1813 448 apud

156 459 375 520 lutemrestram
386 462 499 520 ulterius
515 478 573 522 non
591 462 766 537 praesumatis
780 461 894 532 inierre,
907 480 958 520 vo·
1014 463 1100 519 Deum
1114 472 1142 520 et
1161 473 1285 522 sanctam
1310 464 1461 522 Ecclesiam
1486 467 1568 535 (sicut
1588 476 1618 526 et
1636 485 1727 540 nunc,
1752 474 1812 527 Deo

157 555 249 612 lentes
262 556 302 612 eis
319 557 443 614 occultas
458 557 543 615 dirim
563 557 662 632 judicii
681 574 778 616 censes
801 558 956 630 imponere.
1012 555 1122 629 gratias,
1137 573 1182 613 res
1202 562 1265 623 est)
1279 574 1313 615 ex
1329 558 1402 615 bono
1423 559 1567 618 meliorem
1585 561 1737 621 exhiberes.
1753 566 1811 620 ita-

156 651 294 707 Prteterea
308 649 527 709 inmulieresob
540 653 791 711 eumdemcausam
806 653 890 709 simili
903 653 957 708 im·
1011 665 1065 720 que
1083 666 1155 706 nunc
1178 659 1308 723 tanquam
1330 652 1508 711 dilectissimo
1532 654 1600 722 lilio,
1624 664 1653 712 et
1675 655 1749 713 iideli
1778 658 1808 715 S.

155 745 288 801 manicam
307 745 416 803 barbari
436 747 505 803 ritus
524 747 668 804 damnatas
688 747 839 821 quidquam
857 747 957 820 impia·
1011 741 1084 797 Petri
1110 751 1139 799 et
1156 752 1267 813 nostro,
1285 745 1355 802 sicut
1375 746 1404 802 in
1423 745 1552 804 familiari
1576 748 1713 821 colloquio
1737 748 1809 807 lnce·

153 838 220 895 tntis
232 836 349 896 faciendi
360 840 437 897 robis
448 840 490 898 ias
503 856 563 898 esse
576 842 660 899 nolite
674 850 780 915 putere,
799 842 848 900 sed
866 845 958 916 potius
1010 852 1080 907 rem,
1095 839 1240 896 eonsilium
1259 849 1396 912 nostrum,
1412 841 1519 915 etquid
1533 852 1559 900 te
1579 844 1755 923 postmodum
1768 844 1809 904 is-

153 928 255 990 discite
272 931 370 991 dirinae
387 934 502 992 ultionis
522 936 683 993 sententiam
700 935 783 1009 digne
799 938 956 1009 paenitendo
1010 945 1073 988 tere
1089 932 1195 1003 deceat,
1214 935 1306 1006 paucis
1328 935 1433 1008 operio.
1457 935 1575 1010 Quando
1596 938 1671 994 enim
1688 940 1809 1013 compla-

152 1034 279 1084 evenere
292 1043 376 1100 quam
390 1027 417 1084 ia
433 1029 493 1086 allas
513 1029 637 1087 insontes
655 1028 754 1088 temera
768 1029 887 1088 feraliter
900 1047 957 1090 aa.
1009 1025 1067 1081 cuit
1080 1026 1103 1082 ei
1118 1026 1165 1098 qui
1184 1027 1284 1084 exaltet
1305 1027 1435 1097 humiles,
1446 1037 1479 1085 nt
1489 1037 1583 1087 sancte
1603 1041 1694 1089 mater
1713 1041 1808 1091 nostre

153 1119 252 1177 dendo
267 1121 337 1178 irem
350 1122 457 1178 Domini
467 1123 652 1196 multomagis
663 1140 823 1196 provocare.
838 1125 864 1182 Si
878 1126 956 1182 enim
1009 1118 1132 1176 Ecclesia
1149 1120 1184 1178 ed
1203 1120 1327 1193 regimen
1342 1121 1584 1194 apostolicaesedis
1604 1124 1721 1183 inritum
1741 1126 1807 1185 catis

152 1213 180 1269 in
197 1213 242 1270 his
261 1215 370 1287 iiam‘tiis
383 1215 556 1286 donaveritis,
571 1218 666 1289 procul
688 1217 772 1275 dubio
786 1226 875 1275 vestre
894 1218 955 1275 leli·
1008 1227 1041 1269 ac
1061 1213 1233 1283 renitentem,
1247 1216 1305 1271 Deo
1320 1224 1398 1283 teste,
1420 1232 1465 1273 me
1479 1230 1597 1289 reperet,
1611 1219 1743 1279 continuo
1754 1237 1805 1278 ne·

151 1306 221 1363 cites
238 1307 268 1363 in
290 1309 473 1367 calamitatem
493 1319 624 1382 venetur,
644 1320 673 1368 ct
692 1311 881 1384 quibusvictis
901 1313 955 1370 hu·
1008 1305 1091 1363 fendo
1106 1308 1188 1375 male,
1202 1324 1290 1380 quma
1311 1310 1439 1381 pessimis
1452 1310 1508 1367 suis
1522 1311 1635 1383 petitur,
1650 1311 1732 1369 cilicii
1747 1315 1805 1371 mei

150 1416 259 1473 cosque
284 1402 355 1459 soliti
388 1403 479 1461 fuistis
510 1405 656 1472 dominari,
691 1421 788 1462 eorum
820 1407 954 1465 nimirum
1007 1401 1073 1472 (quo
1088 1401 1154 1457 mihi
1174 1401 1291 1458 clamare
1311 1411 1339 1459 et
1359 1419 1505 1476 nunquam
1518 1420 1625 1461 cessare
1646 1405 1804 1478 iniunctum

151 1495 247 1566 [saaca
260 1496 388 1564 nimiam,
401 1499 616 1571 umanum
631 1498 703 1555 farra
716 1500 837 1571 superati
851 1516 901 1558 naa
911 1517 953 1559 aa.
1007 1493 1056 1565 est)
1072 1496 1232 1551 necessitate
1246 1496 1415 1568 compulsus,
1429 1512 1524 1555 amore
1540 1514 1650 1571 quoque
1659 1515 1691 1556 ao
1703 1499 1803 1556 timore

150 1588 248 1646 sistere
262 1590 383 1647 veientes
396 1592 542 1665 cogemini.
557 1592 586 1648 Si
599 1608 664 1649 vero
679 1593 769 1661 nobis,
785 1594 842 1650 imo
855 1596 887 1650 B.
903 1598 955 1651 Pe·
1006 1587 1161 1655 wilielme
1183 1588 1355 1646 dissimum
1375 1605 1432 1649 1¹⁰n
1451 1592 1540 1663 Ρθῑΰῑὶ
1560 1607 1654 1649 ὃῐῑῑθῑθ
1675 1591 1800 1665 quideme

149 1690 207 1752 no,
230 1682 258 1739 in
279 1683 322 1739 his
342 1685 500 1743 obedientes
523 1685 729 1754 meritissimi
749 1687 784 1744 de
808 1688 952 1746 clementia
1006 1681 1070 1753 quit
1091 1682 1118 1737 S·
1142 1685 1237 1738 Petrus
1258 1699 1274 1738 a
1299 1698 1384 1755 puero
1401 1700 1444 1741 me
1465 1684 1494 1741 in
1515 1684 1601 1742 domo
1621 1701 1670 1743 sua
1685 1684 1803 1743 dulciter

148 1776 243 1834 divina
258 1778 433 1847 confidimus,
447 1787 476 1836 et
488 1788 661 1851 peccatorum
674 1789 828 1837 vestrorum
842 1783 950 1840 veniam
965 1776 990 1842 B
1005 1775 1149 1841 numerals
1164 1783 1192 1831 et
1209 1776 1272 1847 ‘illia
1293 1775 1414 1833 chilim
1436 1778 1548 1835 Domini
1567 1778 1617 1835 ὓθῑ
1638 1780 1736 1846 nostri,
1756 1796 1802 1837 me

148 1879 177 1928 ct
202 1871 382 1943 apostolicam
409 1872 626 1930 benedictionem
659 1874 782 1946 poterim
803 1878 946 1949 consequi,
1005 1868 1083 1939 quasi
1105 1868 1210 1941 aliquid
1230 1870 1379 1939 aestimans,
1393 1871 1460 1927 tanti
1485 1873 1602 1942 postoris
1622 1871 1751 1929 vicarium
1765 1872 1802 1930 ad

184 1966 261 2020 nats
274 1966 386 2035 nome,
402 1964 507 2023 decimo
528 1967 611 2023 sertio
632 1966 773 2025 Kalendas
793 1968 892 2039 Maias,
906 1970 950 2027 in·
1004 1961 1152 2034 regendam
1175 1971 1298 2020 sanctam
1325 1973 1443 2021 matrem
1465 1973 1590 2022 nostram
1610 1965 1743 2039 elegeram
1764 1966 1801 2022 ti·

145 2056 272 2115 dictione
287 2059 377 2115 tertia.
1003 2071 1081 2111 more
1103 2063 1207 2124 nutem,
1222 2059 1286 2128 quia
1312 2058 1469 2114 terribiliter
1492 2058 1583 2115 divina
1610 2060 1653 2115 lex
1677 2061 1799 2127 intonat,

406 2174 583 2231 Eppspopp
606 2175 700 2231 3(pr
1002 2147 1097 2205 dicens
1112 2168 1119 2204 ε
1136 2151 1297 2209 Maledictus
1319 2149 1402 2207 homo
1425 2154 1475 2223 qui
1493 2151 1580 2224 percit
1593 2151 1684 2225 gladio
1705 2168 1757 2209 suo
1780 2169 1798 2209 o

1001 2245 1134 2312 sanquine
1142 2246 1209 2310 (Jer.
1228 2248 1351 2312 xnvru),
1364 2242 1453 2314 idest,
1464 2244 1510 2317 qui
1521 2245 1678 2302 doctrinam
1691 2245 1799 2303 subtra-

194 2286 240 2331 tn
250 2287 424 2334 tnntnnnnt
436 2291 693 2336 cnnousunusnnt
708 2292 897 2337 nrtsconnlt.

445 2384 536 2447 (Anno
561 2383 655 2449 toto.)

322 2478 443 2609 officiam
467 2483 592 2553 eleccio
617 2487 761 2555 apostolico
774 2487 948 2544 interdictum

1002 2333 1046 2391 hit
1063 2338 1098 2392 eh
1115 2336 1253 2393 occisione
1265 2337 1382 2393 carnalis
1396 2338 1470 2395 vitae.
1491 2341 1574 2395 Nunc
1588 2339 1682 2412 igitur,
1697 2338 1801 2397 charis-

1001 2427 1069 2485 sime
1087 2428 1158 2485 etin
1179 2428 1289 2487 Christo
1308 2446 1417 2503 semper
1428 2431 1616 2504 amplectende
1627 2432 1677 2499 dli,
1691 2448 1756 2491 cum
1771 2441 1799 2491 et

178 2552 232 2607 red
252 2555 285 2607 tt.
305 2554 330 2610 A
353 2555 441 2610 belem
459 2557 559 2610 doolem
572 2557 693 2612 absolsit.
710 2559 877 2614 Roinoldum
901 2562 946 2614 in·
1000 2530 1118 2579 matrem
1138 2531 1214 2580 tuam
1232 2524 1349 2580 nimium
1372 2524 1496 2582 tribum
1523 2525 1689 2599 ⁰⁰n⁸pi⁰i³⁸’
1709 2534 1736 2583 οῗ
1756 2526 1797 2584 in'

176 2638 302 2679 mmm
315 2630 341 2679 η
352 2627 491 2695 mamm
512 2628 634 2697 (emnia,
649 2631 678 2683 a„
690 2629 767 2699 ,ajam
789 2629 877 2685 pomam
891 2634 947 2688 100.
1000 2615 1133 2672 evitabilis
1152 2632 1205 2672 nos
1225 2617 1401 2675 succurrendi
1420 2619 1567 2676 necessitas
1588 2627 1696 2693 urgeat,
1711 2622 1796 2678 telem

178 2695 233 2750 iern
243 2696 405 2766 prodictam
416 2700 658 2754 restituimoudet.
998 2717 1026 2766 tc
1036 2709 1107 2780 volo,
1126 2718 1153 2766 et
1165 2711 1285 2767 multum
1299 2727 1351 2783 pro
1369 2710 1473 2768 honore
1485 2720 1534 2769 tuo
1548 2721 1575 2770 et
1589 2713 1675 2771 salute
1690 2713 1719 2770 in
1733 2730 1796 2771 vera

179 2796 528 2872 Gnseosmsepiscopus,
542 2817 635 2858 servus
653 2818 795 2859 servorum
808 2804 870 2871 Dei,
885 2805 945 2861 An·
998 2811 1026 2860 et
1049 2818 1105 2859 non
1122 2802 1185 2859 ficta
1199 2802 1329 2860 charitate
1349 2820 1460 2873 moneo,
1475 2813 1508 2861 ut
1527 2822 1639 2864 omnem
1662 2806 1793 2864 obedien-

142 2905 250 2949 ssnno
271 2893 471 2950 Cenomanensi
485 2894 625 2967 episcopo,
639 2896 756 2953 salutem
770 2905 799 2953 ct
812 2899 943 2968 apostoli·
997 2896 1066 2953 tiam
1094 2897 1226 2968 praeheos,
1251 2905 1279 2954 et
1299 2897 1379 2964 siout,
1401 2908 1567 2969 cooperante
1586 2903 1656 2965 Deo,
1682 2916 1794 2972 gemma

140 2999 205 3042 mm
217 2985 450 3043 benedictionem.
611 3041 613 3045 ,
997 2990 1155 3062 principum
1169 3006 1227 3047 esse
1240 2991 1382 3059 meruisti,
1398 2991 1434 3047 ita
1449 2993 1542 3065 regulo
1553 2992 1669 3066 justitio
1684 3001 1713 3050 et
1723 2994 1794 3050 obe-

177 3078 487 3152 Episcopeleoilicium,
502 3082 577 3154 qttod
599 3084 649 3139 tibi
667 3084 772 3158 legatus
788 3092 884 3141 noster
901 3086 944 3140 in-
997 3083 1108 3141 dientiae
1128 3082 1218 3141 iorma
1239 3085 1345 3141 cunctis
1364 3093 1446 3143 terrae
1461 3085 1628 3158 principibus
1647 3101 1706 3143 esse
1730 3103 1794 3145 me-

140 3171 292 3229 tsrdixerst
314 3173 418 3244 iustitia
451 3175 580 3243 dictonte,
612 3177 763 3234 reddimus.
801 3178 941 3236 Abbstem
957 3186 982 3251 c
996 3179 1095 3248 rearis,
1108 3187 1150 3235 tot
1165 3179 1259 3251 procul
1273 3178 1358 3236 dubio
1371 3180 1399 3237 in
1419 3179 1512 3237 futura
1526 3180 1614 3253 gloria
1637 3181 1792 3253 principum

141 3266 250 3322 Joelem
267 3265 445 3325 absolvimus.
460 3269 626 3326 Rainaldum
641 3271 806 3333 invasorem.
818 3273 880 3344 quia
896 3289 944 3343 per
996 3272 1125 3344 princeps
1139 3271 1248 3329 iuturus
1261 3280 1330 3346 quot
1346 3289 1432 3345 usque
1451 3273 1479 3329 in
1499 3273 1581 3330 linem
1594 3273 1686 3331 saecuh
1697 3290 1790 3332 exem-

140 3358 321 3416 ambitionem
342 3361 497 3434 perjurarit,
521 3362 697 3435 deponimus,
721 3374 754 3422 ut
770 3381 822 3423 nec
844 3367 871 3422 in
894 3366 941 3423 illo
996 3366 1042 3439 pio
1071 3374 1127 3422 tuae
1158 3365 1324 3422 ohedientiae
1349 3366 1486 3438 principes
1506 3366 1692 3436 salvabuntur,
1719 3377 1746 3426 et
1766 3369 1791 3425 si

140 3452 216 3525 qnod
234 3453 348 3525 cupivit,
362 3470 413 3511 nec
432 3455 460 3511 in
473 3455 529 3512 alio
543 3458 711 3514 monasterio
725 3458 839 3516 ulterius
856 3459 941 3517 abbas
995 3458 1109 3531 quidem
1129 3457 1242 3514 illorum
1256 3458 1352 3515 salvari
1369 3458 1517 3527 noluerint,
1531 3459 1584 3515 tibi
1598 3467 1693 3517 temen
1712 3462 1792 3518 retri-

142 3547 248 3603 esistat.
270 3547 447 3620 Quapropter
469 3551 597 3607 volumus
620 3560 651 3607 ut
665 3551 723 3623 jam
745 3551 850 3609 dietum
872 3554 939 3609 Rai-
995 3551 1073 3609 butio
1089 3551 1245 3608 nullatenus
1264 3552 1412 3608 minuetur.
1437 3552 1499 3607 Non
1517 3552 1726 3623 solumautem,
1741 3554 1791 3612 sed

141 3639 255 3697 nsldnm
269 3640 366 3698 cedere
379 3641 470 3709 iscius,
485 3652 514 3700 et
533 3644 640 3701 Joelem
655 3645 683 3701 in
706 3645 767 3703 loco
788 3661 839 3702 suo
853 3645 940 3704 abba·
994 3646 1070 3702 etin
1094 3645 1146 3701 hoc
1169 3645 1274 3702 mundo
1296 3644 1392 3701 tibist
1413 3643 1567 3703 haeredibus
1590 3647 1788 3716 tuisviotorio,
1869 3680 1879 3693 ν

142 3737 196 3791 ten
209 3735 351 3792 restituas.
993 3737 1092 3805 honor,
1108 3738 1240 3810 potentia,
1253 3737 1411 3795 sublimitas
1423 3738 1543 3810 amplius
1555 3740 1665 3796 coelitus
1685 3740 1790 3798 tribue·

173 3830 248 3885 Date
272 3830 384 3901 Rome,
404 3837 499 3887 cctam
519 3831 658 3889 Kalendas
671 3832 769 3902 Moies,
791 3832 939 3891 indictione
992 3841 1047 3889 tur.
1072 3832 1236 3903 Exemplum
1257 3829 1307 3888 tibi
1326 3831 1443 3903 teipsum
1461 3848 1593 3906 propone.
1616 3833 1693 3890 Siout
1714 3835 1788 3891 enim

144 3922 229 3980 tertie.
992 3926 1074 3982 velles
1088 3924 1169 3981 abeo
1187 3939 1269 3997 quem
1288 3940 1321 3981 ex
1339 3926 1440 3983 misere
1461 3933 1489 3994 et
1511 3927 1686 3998 pauperrimo
1709 3942 1787 3986 servo

389 4019 568 4076 EPISTOLA
580 4019 689 4076 xxiii.
992 4019 1218 4090 potentissimum
1231 4034 1324 4092 regem
1336 4017 1454 4088 fecisses,
1470 4035 1526 4076 non
1544 4020 1685 4078 immerito
1698 4022 1788 4080 hono·

244 4133 288 4177 sn
302 4134 499 4178 smuruuuuu
519 4136 627 4178 uranu
642 4135 827 4179 aaauoauaa.
991 4112 1057 4181 rari,
1079 4112 1118 4169 sic
1131 4122 1160 4169 et
1177 4121 1219 4182 tu,
1246 4128 1331 4185 quem
1353 4129 1387 4169 ex
1409 4128 1488 4171 servo
1510 4114 1613 4186 peccati
1634 4115 1736 4172 misero
1760 4123 1788 4172 et

438 4225 531 4290 (mmo
544 4227 634 4288 1080.)
990 4207 1156 4278 pauperculo
1170 4206 1216 4273 (ite
1236 4207 1336 4279 quippe
1354 4222 1453 4263 omnes
1469 4207 1616 4275 nascimur)
1631 4209 1785 4281 potentissi-

146 4318 222 4377 ιω,
233 4324 264 4377 5„
278 4337 338 4377 mm
363 4338 480 4379 amorem
493 4327 605 4380 mmm,
620 4324 657 4379 ad
676 4325 793 4380 debitam
811 4326 934 4383 obem,
991 4314 1068 4356 mum
1082 4315 1175 4373 regem
1197 4303 1273 4356 Deus
1290 4300 1375 4373 gratis
1395 4299 1470 4369 iecit,
1485 4300 1680 4358 honoratorem
1693 4310 1785 4371 tuum,

207 4396 278 4448 bom
291 4394 351 4449 sedi
364 4395 715 4466 apostolieae-prestoodem
726 4398 860 4453 hortetur.
990 4400 1173 4466 protectorem
1194 4401 1277 4465 atque
1294 4392 1449 4465 adiutorem
1468 4402 1547 4449 tuum
1568 4395 1785 4466 omnipotentem

170 4493 351 4551 (tumemus
361 4495 514 4569 episcopm,
526 4511 621 4552 amam
631 4512 775 4553 samaram
787 4496 847 4564 pat,
861 4499 934 4556 θυι.
990 4489 1085 4543 iesum
1107 4485 1244 4543 honorare
1260 4501 1371 4559 semper
1395 4485 1518 4543 studiose
1543 4484 1650 4543 festina.
1672 4489 1730 4543 Nec
1749 4487 1784 4544 ab

146 4594 248 4643 imnum
259 4587 317 4658 regi
332 4589 504 4661 Anglorum,
519 4589 636 4645 salutem
650 4599 678 4645 et
692 4590 872 4661 apostolicam
886 4591 933 4647 ba.
948 4572 1040 4638 Dhoo
1054 4580 1187 4652 impediat
1205 4589 1232 4636 te
1247 4580 1429 4652 pessimorum
1443 4580 1600 4652 principum
1614 4580 1705 4637 turbo.
1726 4582 1784 4677 ile-

145 4678 340 4736 nedictionem.
987 4674 1074 4747 quitis
1087 4674 1160 4730 enim
1175 4674 1324 4730 multorum
1339 4681 1390 4741 est,
1406 4672 1493 4729 virtus
1509 4681 1601 4729 autem
1621 4688 1783 4745 poucomm.

170 4774 279 4830 Ilotnm
321 4788 382 4831 esse
413 4775 463 4832 tihi
493 4775 587 4843 credo,
624 4775 850 4831 excellentissime
884 4774 933 4844 dli,
988 4765 1325 4838 Gloriosinsestprobsto
1337 4767 1430 4834 militi,
1450 4766 1543 4823 multis
1562 4765 1737 4839 fugientibus,
1753 4769 1783 4826 in

143 4867 299 4939 mesenam
333 4864 370 4923 ad
408 4868 564 4940 pontificale
597 4869 708 4925 culmen
741 4866 929 4937 ascenderem,
988 4860 1082 4934 praelio
1095 4869 1179 4916 stare.
1200 4859 1352 4916 Pretiosior
1372 4859 1417 4915 illa
1430 4867 1473 4916 est
1493 4875 1602 4933 gemme
1616 4875 1677 4933 quse
1695 4862 1784 4918 radus

142 4966 239 5026 tuente
251 4973 366 5031 semper
375 4967 403 5016 te
420 4960 536 5017 sincerae
550 4960 704 5018 dilectionis
718 4960 818 5017 niiectu
832 4961 934 5030 emovi,
988 4953 1136 5009 invenitur·
1151 4955 1213 5008 lmo
1233 4958 1338 5027 quanio
1356 4953 1442 5025 magis
1456 4961 1581 5026 potentes
1593 4952 1679 5026 hujus
1691 4954 1783 5011 meoli

141 5053 246 5120 dealem
259 5050 344 5108 eliam
363 5068 411 5109 me
423 5055 479 5110 tuis
497 5054 621 5126 negotiis,
641 5062 669 5110 et
689 5069 772 5126 quam
793 5053 934 5110 eidcacem
988 5046 1114 5119 superbie
1127 5059 1177 5102 sua
1192 5051 1222 5103 et
1239 5043 1332 5119 impiis
1344 5045 1451 5102 actibus
1468 5047 1597 5104 excaecati
1609 5056 1743 5105 oomuunt
1755 5047 1784 5103 in

141 5145 266 5213 ohibui3
291 5144 405 5217 insuper
426 5153 457 5202 ut
474 5144 510 5202 ad
528 5147 617 5219 regale
639 5145 780 5220 fastigium
800 5161 935 5203 cresceres
988 5140 1167 5214 protundum,
1180 5146 1258 5197 tento
1282 5138 1421 5211 megisto,
1442 5141 1488 5213 qui
1503 5156 1561 5213 prae
1580 5141 1635 5197 illis
1660 5141 1783 5196 multum

140 5246 238 5309 mento
259 5232 353 5294 'studio
379 5237 509 5295 laborovi.
531 5241 589 5309 Qua
612 5256 661 5311 pro
683 5255 714 5296 re
733 5255 749 5295 a
771 5238 934 5311 quibusdam
988 5237 1047 5291 Deo
1065 5233 1355 5299 charusinrentuses,
1372 5232 1415 5306 pie
1428 5231 1599 5290 humiliando
1612 5233 1691 5292 decet
1704 5233 1782 5307 erigi,

139 5325 268 5390 lambos
289 5346 421 5404 magnam
441 5346 510 5404 pene
524 5331 664 5389 infamiam
680 5332 790 5404 pertuli,
805 5331 933 5389 submur·
988 5335 1017 5384 et
1037 5327 1192 5385 obediendo
1206 5325 1358 5394 sublimari,
1374 5333 1405 5383 ut
1417 5326 1456 5382 sit
1473 5326 1543 5384 siem
1562 5328 1695 5400 scriptum
1715 5336 1782 5385 est:

140 5424 311 5483 nutantibus
332 5423 409 5498 qood
429 5423 464 5481 sd
486 5431 562 5480 tanta
583 5425 731 5482 homicidio
753 5423 935 5498 perpetranda
989 5422 1094 5492 impius
1106 5420 1190 5492 impie
1201 5428 1264 5492 agat
1277 5421 1377 5488 adbuc,
1389 5425 1415 5476 et
1428 5423 1477 5492 poi
1488 5424 1519 5477 tn
1528 5423 1656 5479 sordibus
1671 5427 1710 5478 est
1723 5437 1783 5478 sor-

139 5520 214 5575 noto
227 5516 324 5573 favore
335 5532 427 5574 meum
441 5532 554 5589 operam
563 5518 768 5591 impendissem.
782 5522 858 5574 Deus
871 5533 936 5575 vero
989 5515 1080 5569 desset
1104 5515 1204 5582 adhoc,
1229 5523 1258 5571 et
1276 5516 1373 5587 justes
1390 5514 1557 5586 justificetur
1576 5515 1666 5571 adbuc
1687 5516 1781 5585 (spec.

139 5605 244 5668 husee
257 5610 425 5668 conscientia
441 5612 521 5669 testis
539 5620 598 5667 eret
612 5628 695 5684 quaro
707 5620 783 5669 recto
798 5610 827 5669 id
841 5611 935 5667 animo
989 5607 1094 5677 xxru).
1109 5606 1189 5663 Plura
1203 5606 1250 5663 tihi
1263 5607 1354 5664 adhuc
1369 5606 1542 5665 exhortando
1557 5607 1717 5670 scriberem,
1732 5606 1781 5662 sed

139 5700 397 5776 iacerem,spernns
421 5719 470 5776 per
489 5705 606 5779 gratiam
621 5705 683 5772 Dei,
704 5713 801 5761 mnon
814 5704 937 5760 inaniter
989 5699 1055 5773 quia
1079 5699 1149 5756 tales
1168 5700 1268 5758 misisti
1289 5701 1336 5773 qui
1348 5716 1394 5757 me
1414 5701 1482 5759 sotis
1501 5699 1538 5758 de
1557 5709 1605 5757 trra
1623 5697 1781 5774 prudentio,

140 5794 329 5855 conlidensds
341 5792 486 5857 mmnbus
504 5798 585 5856 bonis
603 5812 665 5871 quae
686 5798 716 5855 in
728 5805 756 5855 te
768 5805 858 5866 mant,
871 5796 933 5868 quio
990 5792 1146 5862 honesmte,
1155 5794 1276 5867 justitie,
1297 5795 1457 5851 simulenm
1475 5791 1643 5852 dilonostre
1655 5787 1782 5850 Boeoto
1874 5854 1879 5863 ,
