3870 6164
158 224 209 278 939
480 250 482 255 -
660 219 705 272 ΑΙ)
725 218 838 274 OPERA
857 217 885 273 S.
906 217 1066 273 Gaudenti
1084 215 1304 273 laeaniticus.
1755 217 1800 272 alit

156 346 251 413 selme,
264 359 349 417 quam
370 351 443 423 aptet,
464 355 548 413 quam
561 340 669 396 utiliter
676 341 775 396 serviri
795 343 948 411 multoties,
963 345 990 408 Α
1005 356 1095 408 mum,
1106 350 1136 398 ut
1146 340 1197 397 sibi
1213 348 1241 397 et
1254 338 1436 397 miseraeiiliae
1448 338 1799 408 terreisubsidiummcx,

157 438 299 495 servitium
313 453 406 493 meum
419 445 447 491 te
460 435 530 490 benc
538 442 780 490 remuneraturum
800 434 951 507 promisisti
1005 436 1123 506 piissimi
1142 434 1267 507 praesuiis
1281 435 1406 490 invocato
1431 433 1556 502 nominc,
1572 432 1672 490 rabida
1686 432 1732 490 iila
1749 432 1800 490 lert

157 531 225 587 mihi
239 545 369 602 persaepe.
383 532 453 585 Ecce
465 543 604 584 aerumnas
616 542 691 582 meas
705 528 821 599 respice,
831 536 869 597 et,
886 528 949 600 quia
1005 529 1039 584 ab
1072 544 1118 585 ore
1152 527 1264 600 proJ'ecit
1298 526 1429 599 pueliam,
1457 542 1513 583 uon
1548 526 1658 584 audens
1695 534 1797 599 tangere

157 625 239 689 vales,
253 622 406 680 subsidium
427 620 508 678 aiter.
523 624 556 676 Et
570 621 702 692 quoniam
715 636 891 693 nequaquam
901 620 953 677 de·
1006 631 1062 678 eta
1087 623 1166 694 longe
1180 620 1346 692 prospiciens
1361 636 1433 676 earn.
1448 622 1541 678 Mater
1555 636 1624 677 vero
1634 621 1727 688 anxia,
1738 636 1798 676 con-

156 724 251 790 ceptus
271 732 311 784 es,
335 713 532 788 promissiones
552 722 702 771 tuasuunc
716 713 845 786 adimple.
873 716 952 771 Nun·
1006 714 1057 770 lisa
1084 723 1180 787 tamen
1211 713 1246 770 de
1272 713 1439 770 sanctissimi
1470 712 1642 770 confessoris
1674 712 1797 778 eubodio,

155 825 239 882 quarn
264 809 471 866 convenientius
484 807 557 863 milri
576 823 661 880 quam
683 823 758 863 nune
773 807 885 879 potuisti
912 822 954 863 re
1005 807 1145 865 festinavit
1159 807 1195 864 ad
1218 806 1404 879 adjuvandam
1419 805 1512 863 filiam.
1529 808 1627 878 Quam
1641 823 1708 864 cum
1725 806 1800 864 dedu·

156 902 275 975 pendere
290 902 346 959 mei
365 901 468 959 servitii
495 915 615 969 munus3
641 900 741 956 saitem
767 900 888 958 eeclesiae
909 915 954 956 me
1006 908 1091 969 ceret,
1115 900 1194 972 iupus
1213 900 1381 971 sequebatur
1403 907 1560 971 utramque.
1594 901 1693 956 Sancti
1717 900 1798 973 itaque

156 998 281 1065 restitue,
293 1010 377 1068 quam
392 996 495 1052 intrare
506 1009 551 1050 me
565 992 721 1066 prohibent.
737 993 780 1050 Ad
793 1009 876 1066 quem
891 993 955 1065 piis·
1006 993 1131 1066 praesuiis
1154 993 1298 1049 clamitans
1317 1007 1390 1065 saepe
1411 991 1579 1062 subsidium,
1603 993 1723 1050 tandem
1743 988 1800 1050 lete

156 1091 242 1146 simus
253 1089 305 1145 Dei
320 1088 451 1162 pontifex,
471 1087 561 1160 iuquit
576 1109 583 1143 ε
599 1089 641 1144 Ne
653 1086 776 1156 timeas;
791 1087 912 1144 ecciesiae
926 1095 954 1143 tc
1006 1086 1078 1143 iliius
1098 1084 1187 1142 fames
1206 1093 1249 1142 est
1269 1084 1416 1155 refrenata,
1431 1093 1461 1142 et
1474 1093 1595 1159 utraque
1614 1084 1720 1142 lemiua
1732 1087 1765 1142 ab
1775 1087 1800 1141 il

155 1198 207 1256 ego
227 1183 382 1240 restituam.
408 1185 475 1238 Mox
500 1181 590 1237 visum
610 1179 725 1237 esttibi
755 1179 785 1234 iu
811 1180 953 1236 ecclesiam
1006 1179 1057 1235 iius
1071 1178 1210 1235 morsibus
1219 1177 1341 1234 liberata.

156 1275 306 1348 quamdam
319 1291 349 1332 se
376 1274 411 1332 ab
436 1274 589 1343 eodeduci,
614 1281 642 1328 et
658 1273 760 1346 signari
774 1281 801 1328 et
814 1271 951 1329 benedici.
1041 1272 1122 1344 Quod
1159 1280 1308 1344 praesentes
1332 1270 1463 1341 vidimus,
1493 1286 1674 1346 nequaquam
1700 1272 1798 1329 silentio

157 1370 209 1425 Cui
228 1384 294 1426 mox
318 1387 325 1425 ε
350 1371 422 1426 Ecce
439 1368 561 1425 eeclesiae
585 1366 728 1423 restitutus
751 1380 791 1432 es,
812 1365 893 1422 dixit.
909 1365 953 1423 Ad
1005 1365 1225 1437 praetereundum
1244 1364 1384 1422 duximus.
1408 1365 1509 1423 Mulier
1528 1363 1664 1437 quaedam
1680 1364 1798 1422 cruribus

158 1478 241 1536 quem
250 1462 334 1518 bomo
346 1462 393 1518 iiie
409 1481 416 1517 ι
429 1462 474 1518 ilie
480 1460 630 1528 redditum,
644 1460 745 1532 iuquit,
757 1459 879 1516 ecciesiae
886 1459 953 1516 satis
1005 1459 1057 1515 sub
1066 1474 1095 1516 se
1106 1459 1217 1515 retortis
1230 1466 1381 1528 contracta,
1395 1459 1524 1516 manibus
1541 1466 1569 1515 et
1580 1459 1700 1516 natibus
1718 1467 1797 1515 totum

157 1555 281 1629 gaude0;
310 1552 360 1611 scd
382 1553 473 1611 adhuc
499 1555 632 1611 auxilium
653 1561 744 1621 tuum,
762 1553 882 1631 domiue,
898 1554 951 1608 im·
1004 1568 1103 1623 corpus
1113 1550 1248 1625 gestabat.
1262 1553 1330 1608 iiaec
1343 1550 1391 1608 diu
1410 1551 1497 1609 sancti
1512 1551 1654 1624 pontilicis
1666 1551 1797 1624 postulans

156 1649 246 1721 pioro.
273 1647 363 1718 Quem
386 1656 498 1705 sanctus
512 1646 633 1719 pontifex
648 1646 693 1718 pie
713 1646 870 1714 consciens,
887 1647 950 1703 ait:
1005 1646 1176 1720 praesidium,
1202 1654 1293 1702 erecta
1317 1653 1362 1702 est
1379 1644 1414 1702 ad
1440 1644 1633 1702 venerandum
1651 1644 1795 1715 tumulum

155 1742 200 1798 Ab
219 1740 301 1798 bodie
315 1749 413 1799 octavo
427 1742 472 1798 dio
489 1748 517 1798 et
534 1742 654 1798 cultrum
667 1755 763 1796 meum
776 1739 826 1796 tibi
840 1740 950 1797 mittam
965 1712 989 1775 B
1005 1755 1088 1813 quam
1115 1747 1182 1795 ante
1204 1738 1386 1811 eleemosynis
1408 1744 1593 1795 sustentatam
1613 1740 1752 1807 novimus,
1773 1746 1795 1793 et

155 1832 950 1906 etnecessariumauxiiiumimpendam.itaquedieoctavc
1005 1834 1161 1906 complures
1176 1847 1209 1888 ex
1227 1833 1330 1888 nostris
1347 1831 1464 1888 civibus.

154 1936 326 1996 occurrente,
341 1929 415 1984 veuit
427 1927 462 1984 ad
481 1943 547 1984 eum
568 1927 682 2000 quidam
705 1927 817 1998 lieginae
831 1927 951 1984 civitatis
1040 1929 1163 1984 Praeseus
1178 1924 1269 1982 adhuc
1282 1935 1323 1982 est
1334 1926 1479 1982 nobiseum
1492 1924 1566 1983 iilius
1573 1924 1792 1999 archipresbyter,

154 2029 217 2077 aute
238 2021 404 2093 incognitus,
424 2020 615 2078 acutissimam
642 2020 739 2076 limam
766 2018 892 2076 deterens
906 2035 948 2076 se·
1004 2021 1038 2078 de
1051 2021 1181 2078 Coiurnio
1199 2019 1325 2076 Ubaidus
1346 2020 1470 2089 nomine,
1494 2019 1543 2094 qui
1557 2020 1668 2089 retulit,
1688 2026 1715 2076 et
1732 2033 1794 2091 saepe

154 2129 231 2170 cum.
247 2116 307 2186 Qua
319 2113 395 2182 data,
409 2112 565 2169 videntibus
578 2112 685 2168 cunctis
696 2127 747 2168 nec
760 2111 951 2168 contradicen-
1004 2114 1187 2187 iuterrogatus
1210 2111 1308 2169 itidem
1336 2111 1419 2169 refert
1442 2112 1526 2186 hujus
1540 2114 1582 2169 rei
1605 2113 1792 2170 narrationem.

152 2207 226 2263 tibus
240 2206 287 2278 qui
314 2205 428 2262 aderaut
440 2205 610 2271 custodibus,
625 2205 772 2277 compedes
786 2212 814 2261 et
839 2214 950 2262 catenas
1003 2208 1056 2264 Hie
1074 2223 1137 2263 cum
1148 2207 1177 2262 in
1193 2214 1288 2262 nostra
1309 2206 1419 2262 civitate
1432 2208 1499 2262 artis
1511 2207 1707 2279 grammaticae
1726 2220 1792 2262 mm·

152 2298 264 2356 rescidit
274 2298 412 2355 velociter.
429 2298 582 2355 Dubitaute
597 2313 662 2354 vero
675 2314 708 2354 eo
723 2313 773 2370 pro
785 2298 948 2355 custodibus
1002 2299 1050 2357 bat
1064 2299 1168 2367 studio,
1179 2299 1478 2368 uuiiamdevotionem‚
1495 2300 1606 2355 nuliam
1621 2299 1792 2356 reverentiam

153 2392 238 2463 exire,
257 2391 348 2448 subito
367 2391 560 2447 sanctissimus
574 2390 715 2447 contesor
726 2391 844 2460 advenit,
868 2400 949 2464 atque
1002 2401 1096 2450 saneto
1120 2392 1267 2449 confessori
1293 2391 1434 2459 exbibens,
1454 2392 1528 2449 illius
1541 2393 1649 2448 sanctis
1670 2391 1789 2449 detrabe

153 2485 211 2541 visa
223 2491 265 2541 est
282 2488 317 2540 D.
334 2483 465 2541 Mathiida
487 2483 640 2553 advenisse,
655 2484 834 2541 multitudine
854 2483 945 2541 bomi—
1002 2487 1048 2543 bat
1069 2486 1225 2543 virtutibus.
1239 2485 1290 2541 Die
1308 2501 1372 2542 vero
1395 2485 1516 2558 quadam
1534 2486 1695 2543 vehementi
1706 2484 1791 2558 eapite

151 2593 220 2634 num
232 2578 434 2650 subsequente,
449 2578 493 2633 cui
508 2593 572 2634 cum
591 2576 712 2633 diceret:
727 2577 799 2648 Quid
809 2587 948 2652 exspectas
1001 2579 1096 2638 dolore
1106 2588 1239 2652 arreptus,
1250 2595 1282 2635 ac
1295 2579 1410 2637 credens
1423 2595 1452 2636 se
1467 2595 1515 2650 pro
1529 2578 1631 2636 dolore
1643 2579 1702 2653 jam
1714 2578 1790 2634 morti

151 2671 294 2727 exirelne
314 2669 446 2740 difleras3
464 2685 546 2743 surge
568 2670 750 2741 confidentem
766 2672 894 2740 surrexit,
907 2673 947 2727 ri·
1001 2675 1169 2745 proximum,
1195 2672 1344 2729 invocabat
1369 2673 1455 2729 sancti
1487 2672 1630 2743 pontilicis
1655 2671 1787 2738 auxilium,

150 2762 277 2821 dentibus
290 2763 463 2834 custodibus,
477 2772 505 2820 et
521 2763 606 2820 exivit
618 2764 730 2821 illaesus.
1002 2768 1165 2836 promittens
1181 2782 1211 2823 se
1236 2767 1384 2823 liberatum
1399 2765 1499 2822 deiude
1519 2765 1583 2822 iore
1603 2765 1747 2823 credulum
1767 2770 1786 2820 ct

182 2857 329 2914 Praesentis
349 2857 515 2914 narrationis
540 2858 705 2915 miraculum
723 2865 765 2914 est
779 2857 860 2915 uobis
874 2858 946 2915 uoti·
999 2860 1058 2933 ejus
1086 2861 1220 2916 virtutum
1234 2859 1449 2931 praedicaturum
1473 2860 1605 2933 gloriam,
1631 2859 1745 2916 sicutdc
1764 2872 1786 2913 cc

148 2949 263 3007 licatum
275 2949 327 3007 sub
343 2951 497 3008 multorum
518 2934 667 3019 audientia,
683 2960 814 3007 narrante
833 2959 862 3007 et
887 2967 948 3009 con·
1002 2961 1066 3009 autc
1079 2969 1205 3025 perverse
1223 2953 1332 3010 locutus
1344 2953 1440 3009 iuerat.
1454 2951 1597 3026 Fatigatus
1610 2953 1707 3026 itaque
1719 2958 1785 3009 noct

148 3051 268 3100 testante
291 3043 389 3101 eadem
413 3044 456 3101 cui
480 3043 533 3100 ltoc
561 3044 678 3116 contigit
699 3043 813 3100 femina.
834 3045 946 3102 AEstatis
962 3065 985 3130 G
999 3053 1069 3116 tota,
1091 3047 1164 3103 circa
1183 3046 1312 3103 matuu'ni
1338 3047 1471 3119 temporis
1497 3044 1593 3115 boras,
1621 3046 1677 3103 leni
1704 3058 1785 3119 sopor

147 3146 272 3210 tempore
285 3152 374 3209 nuper
396 3137 553 3208 preteritae,
568 3136 696 3208 quaedam
724 3136 826 3192 femina
847 3138 882 3193 de
899 3138 946 3194 ui·
998 3147 1155 3211 correptus,
1176 3139 1204 3195 in
1231 3140 1336 3195 somnis
1350 3140 1418 3197 vidit
1437 3146 1566 3197 sanetum
1591 3140 1644 3196 Dei
1669 3139 1783 3199 iamuiuu

147 3230 218 3301 paita
232 3228 267 3286 ad
284 3231 407 3287 laborem
430 3229 619 3286 mendicarum
633 3231 789 3303 iucampcs
810 3245 844 3286 ex
866 3246 944 3288 more
999 3232 1079 3304 capiti
1103 3248 1219 3289 maurim
1242 3233 1395 3305 imponere,
1424 3241 1453 3289 et
1466 3248 1496 3290 se
1509 3231 1680 3291 benedicere
1698 3238 1781 3289 sancta

146 3323 262 3389 exierat,
276 3336 354 3378 suam
373 3337 468 3378 secum
489 3322 592 3379 ducens
606 3322 737 3391 iiiioiam3
751 3339 859 3381 eovero
872 3331 943 3380 tcm-
998 3327 1088 3382 erucis
1110 3325 1261 3399 signaculo.
1277 3329 1337 3398 Qua
1364 3325 1468 3383 visione
1495 3327 1650 3397 praeterita,
1672 3325 1780 3399 evigilans

146 3431 213 3486 pore
227 3416 355 3488 luporum
375 3416 459 3488 pestis
469 3414 539 3472 adeo
554 3416 708 3474 increverat
722 3417 799 3489 quod
828 3417 943 3474 etiama
997 3419 1128 3492 coguovit
1140 3435 1169 3476 sc
1184 3418 1328 3476 liberatum
1341 3419 1414 3475 iilius
1428 3419 1531 3476 doicris
1542 3419 1688 3476 molestia.

145 3517 294 3581 conspectu
319 3519 464 3582 parentum
496 3526 598 3583 pueros
613 3526 707 3582 rapere
731 3526 788 3568 non
812 3509 944 3568 formida·
1034 3516 1067 3569 iu
1091 3511 1137 3569 die
1154 3511 1330 3569 incensionis
1344 3527 1432 3585 nuper
1451 3513 1601 3584 praeteritae
1610 3511 1737 3586 quedam
1751 3508 1777 3565 it⁴

145 3601 222 3659 baut.
237 3604 373 3675 Cumque,
396 3612 427 3660 ut
446 3603 513 3671 dixi,
532 3605 561 3658 in
587 3603 691 3675 campis
705 3605 844 3674 existeret,
860 3605 943 3676 iupus
996 3605 1084 3675 mina,
1100 3606 1134 3663 de
1146 3605 1218 3663 Godi
1232 3604 1359 3662 Richiida
1373 3604 1495 3671 nomine,
1515 3606 1709 3678 compluribus
1720 3611 1775 3667 nob,

145 3702 256 3766 repente
270 3694 356 3750 liliam
374 3695 425 3751 sibi
439 3695 586 3767 subripuit.
603 3700 644 3753 Ut
656 3704 749 3753 autem
764 3699 865 3754 misera
877 3713 942 3754 ma·
997 3716 1044 3771 per
1071 3699 1209 3772 integrum
1224 3715 1329 3756 annum
1351 3707 1380 3756 et
1399 3699 1579 3772 etamplius,
1595 3709 1729 3774 quantum
1747 3700 1775 3751 est

144 3793 187 3842 ter
207 3785 366 3842 dilaniatam
386 3787 474 3844 aiera
494 3787 632 3859 deportari
648 3788 716 3845 vidit
734 3790 828 3858 illlam,
842 3791 942 3863 quibus
996 3793 1032 3849 ab
1043 3793 1244 3865 Epiphania...
1266 3796 1401 3848 crateram
1418 3809 1469 3850 ms.
1491 3793 1581 3849 codice
1596 3794 1772 3850 desiderarem

144 3878 251 3934 valebat
275 3878 386 3936 vocibus
403 3881 611 3937 sanctissimum
629 3881 821 3954 interpeiiabat
841 3885 941 3941 Ansei-
1064 3889 1139 3942 Finis
1163 3887 1233 3942 t'itte
1255 3887 1284 3943 S.
1303 3887 1427 3943 Ansetmt
1450 3888 1570 3958 episcopi
1590 3890 1722 3945 Lucensis

400 4200 592 4337 vita
638 4202 1067 4339 COMITISSAE
1110 4207 1537 4341 MATHILDIS

453 4418 587 4476 DUOBUS
606 4419 715 4476 tinnis
734 4423 757 4477 A
775 4421 974 4480 nonnizcnn
993 4423 1214 4481 PRESBYTERO
1234 4425 1455 4482 consentite.

593 4561 756 4624 Eximium
767 4582 837 4624 eane
850 4565 1044 4646 antiquitatis
1054 4574 1283 4631 monumentum
1296 4588 1306 4630 .·

142 4690 177 4758 ln
200 4713 262 4776 quc
282 4695 321 4757 de
338 4693 477 4773 Gregorii
507 4694 556 4757 VII
581 4696 738 4775 pontilicis
758 4696 888 4759 maximi
912 4697 1026 4778 insigni
1047 4700 1211 4764 sanctitate
1237 4707 1269 4763 et
1309 4717 1434 4764 morum
1461 4699 1662 4780 innocentia,
1687 4699 1767 4774 decue

521 4775 646 4839 Urbano
659 4778 685 4838 ii
698 4783 730 4839 et
742 4778 881 4840 Paschaii
896 4779 1035 4843 illector
1049 4799 1111 4843 nou
1131 4800 1227 4862 pauca
1242 4781 1389 4862 reperiet.

337 4925 425 4991 Nunc
443 4930 573 5006 primum
594 4927 667 4992 bono
684 4930 856 4993 ortitcdocoe
876 4925 1020 4994 Ecclesiae
1039 4951 1079 4995 ccc
1099 4934 1230 4998 tenebris
1249 4939 1282 4996 tc
1301 4935 1394 4996 lucem
1411 4933 1582 5016 profertur.

850 5233 1078 5317 LECTORI.

174 5401 377 5459 illustrissimus
388 5401 533 5460 cardinalis
547 5402 681 5460 Beronius
694 5408 765 5460 tom.
780 5404 823 5461 Xl
839 5411 866 5461 et
879 5407 934 5463 Xil
949 5404 1101 5463 Annalium
1114 5421 1226 5463 suorum
1240 5420 1314 5478 stepo
1328 5406 1393 5464 citot
1415 5413 1445 5463 et
1457 5406 1557 5463 recitat
1567 5420 1667 5466 versus
1675 5409 1767 5464 Donni

136 5474 213 5530 zonis
239 5473 389 5545 presbyteri
403 5490 440 5531 ex
460 5475 520 5529 Vita
533 5475 673 5532 blathildis
687 5475 847 5533 comitissae.
870 5477 955 5550 Cujus
969 5478 1091 5533 auctoris
1111 5476 1244 5534 desiderio
1264 5479 1440 5535 nanciscendi
1457 5486 1485 5534 et
1497 5477 1657 5549 publicandi
1671 5479 1767 5561 ssopan

135 5544 255 5601 lacobus
275 5545 421 5601 Gretserus
436 5549 556 5603 Romam
568 5547 620 5603 seri
641 5548 678 5602 sit
696 5549 731 5603 ad
746 5550 781 5602 il.
811 5550 842 5604 P.
865 5546 1069 5605 Ferdinandurn
1093 5549 1228 5616 liberum
1240 5549 1378 5606 societatis
1389 5552 1454 5605 Jesu
1467 5550 1655 5618 assistentem,
1671 5565 1718 5623 qur

134 5631 183 5672 sua
207 5612 337 5687 singulari
358 5615 541 5688 humanitate,
563 5625 591 5673 et
613 5562 648 5673 db
669 5619 854 5695 ¹ecelesiastica
880 5619 994 5676 historia
1016 5618 1220 5677 benemerendi
1247 5629 1376 5692 prompta
1389 5620 1540 5690 voluntate,
1559 5634 1628 5678 mox
1648 5636 1683 5679 ex
1736 5614 1743 5696 j

135 5687 269 5742 Vaticano
292 5688 448 5757 exemplum
462 5687 688 5757 describendum,
707 5688 788 5745 etad
811 5688 978 5749 Gretserum
992 5689 1021 5745 in
1035 5690 1217 5748 Genuauiam
1239 5692 1435 5764 perferendum
1457 5690 1576 5751 curarit.
1591 5695 1655 5767 Quo
1674 5693 1766 5749 aemili

135 5772 233 5813 omues
244 5756 386 5814 catiroiieae
400 5759 512 5816 unitatis
524 5764 665 5816 amatores
678 5766 705 5815 ct
716 5757 901 5821 schismatum
911 5775 1007 5819 osores
1020 5762 1122 5821 multas
1133 5764 1234 5835 gratias
1247 5765 1352 5835 optimo
1367 5761 1441 5819 Patri
1460 5762 1574 5821 debent.
