3884 6158
146 269 193 323 lte
709 267 809 328 Desit
826 267 982 338 uetustis.
1000 296 1037 315 ·-
1056 272 1161 330 lt'PlST.
1183 274 1213 328 lli
1739 279 1792 335 tat

146 404 237 447 reram
258 389 446 449 obedientiam
464 389 664 464 precipientes,
693 391 786 453 modis
809 366 940 455 omuibtrs
952 396 1214 470 Aproctrravimus.
1233 395 1341 455 Dicitur
1359 396 1494 470 siquidem
1512 398 1663 471 legitimam
1680 408 1791 461 aetatem

143 499 256 557 operam
270 482 343 545 detis
354 493 387 543 ut
399 500 483 544 causa
493 484 646 545 secuudum
659 487 827 547 mutandam
843 505 938 548 earum
992 506 1051 549 nou
1062 491 1167 550 habena
1179 499 1276 550 contra
1291 489 1402 549 decreta
1417 500 1578 551 sauctorum
1598 496 1715 552 Patrium
1731 496 1792 554 siae

141 576 294 638 lituum
308 587 475 653 pertractus
487 579 571 640 duem
584 580 687 641 hebeat
698 592 728 642 et
740 583 866 657 accipiat.
880 584 939 642 bii·
991 585 1092 644 idouea
1110 586 1177 644 cleri
1190 594 1218 643 et
1229 586 1321 660 populi
1333 585 1469 644 electione
1483 587 1628 645 eeclesiam
1642 588 1784 648 invasisse.

140 671 228 733 ιἰιιιιι
241 674 329 734 etiam
342 675 421 734 vobis
435 685 640 736 sacramentum
653 677 786 752 quodres
802 679 938 739 lientictrt
992 679 1099 737 Dicitur
1108 680 1193 738 etiam
1202 679 1408 753 huiciniquitati
1416 679 1486 739 illud
1493 678 1638 751 addidisse,
1651 690 1682 738 ut
1692 683 1722 740 in
1731 699 1792 757 pro·

141 768 221 827 tobis
240 784 292 844 per
304 768 398 829 lideles
416 785 482 830 suos
495 771 632 847 quosdam
646 770 727 843 iecit,
740 772 807 832 data
827 773 938 848 quidem
992 774 1118 832 modone
1129 773 1294 834 clericorum
1308 774 1550 833 archidiaconatus
1562 784 1590 833 ct
1602 776 1730 835 abbatias
1742 793 1793 851 per

140 863 250 938 propria
264 879 349 922 manu
364 880 417 925 sua
434 864 465 923 in
481 881 599 926 manum
616 866 726 926 abbatis
739 867 937 939 cluniacensis,
992 868 1207 944 negotiationem
1228 869 1385 939 vendendo,
1399 870 1506 928 nullam
1529 869 1706 929 honestatem
1727 871 1791 930 nul·

140 967 176 1029 tt,
203 957 327 1033 perlecto
346 975 392 1029 ec,
411 961 584 1036 cognoscatis
601 976 685 1036 quam
706 970 780 1020 recte
795 977 938 1037 quamque
992 962 1104 1039 lumque
1126 965 1179 1023 Dei
1203 964 1331 1023 amorem
1344 964 1501 1022 servaverit.
1527 968 1613 1038 super
1632 966 1685 1024 hoc
1704 965 1791 1024 etlam

140 1047 258 1114 maeste
283 1068 333 1128 pro
357 1070 409 1114 stro
430 1056 546 1115 uonriue
568 1073 597 1115 se
618 1073 683 1132 erga
708 1073 762 1117 uos
778 1056 905 1116 babuerit
926 1072 937 1118 ι
992 1058 1081 1117 biset
1100 1057 1278 1117 teriratema
1302 1058 1433 1116 clxaritatc
1461 1058 1570 1116 anobis
1594 1070 1717 1132 vocatus,
1734 1077 1792 1119 uon

139 1142 238 1224 quippe
257 1148 369 1224 aculus
391 1147 518 1211 fidelibus
535 1152 620 1227 legati
644 1152 734 1210 unani
752 1161 850 1227 postea
864 1152 937 1226 capti
992 1154 1083 1212 solum
1100 1152 1136 1211 ad
1155 1168 1207 1212 uos
1229 1152 1318 1212 venire
1339 1152 1472 1226 neglexit,
1495 1153 1544 1211 sed
1563 1154 1647 1210 etiarn
1672 1155 1791 1228 aliquem

138 1252 211 1315 ent,
251 1241 381 1304 videlicet
417 1246 559 1307 Gerardus
589 1246 767 1316 [Demardus]
805 1246 939 1305 Ostiensis
992 1247 1040 1322 qul
1067 1262 1132 1306 eum
1160 1247 1195 1306 de
1225 1247 1340 1321 objectis
1368 1246 1486 1321 legitime
1514 1256 1656 1305 excusaret
1682 1248 1792 1306 mittere

138 1337 718 1414 episcopusinLouqobardia,1lernardxrs
731 1341 818 1400 abbas
838 1341 938 1400 ldassi·
991 1341 1166 1417 coutempsit,
1207 1350 1234 1399 et
1272 1358 1287 1399 a
1320 1341 1402 1399 uobis
1436 1341 1617 1408 interdictus,
1661 1341 1790 1414 quinimo

139 1432 231 1492 densis
253 1432 283 1491 lu
296 1440 370 1492 terra
390 1436 554 1506 teutonica}
580 1436 654 1495 rmde
668 1452 733 1495 eum
752 1435 820 1494 nihil
848 1435 939 1494 adbuc
992 1436 1224 1495 acommunione
1238 1437 1359 1509 corporis
1378 1444 1406 1493 et
1428 1435 1569 1509 sanguinis
1583 1434 1698 1493 Domini
1713 1450 1792 1508 sepa·

139 1524 255 1602 ιΙΙιιιιιιιι
280 1523 378 1588 teme
390 1530 581 1605 cognorimus.
604 1531 772 1607 Quanquam
791 1546 843 1588 nos
868 1545 938 1587 utm-
991 1539 1078 1603 ratus,
1110 1530 1233 1590 cilicium
1261 1530 1414 1605 episcopale
1444 1531 1581 1588 celebrare
1604 1546 1661 1587 nou
1689 1528 1791 1587 timuit.
1890 1562 1897 1569 -·

140 1635 222 1697 quam
241 1637 308 1682 enm
325 1622 356 1680 iu
374 1623 463 1698 aliqua
483 1640 583 1698 mersa,
599 1628 661 1683 Deo
684 1624 862 1699 providente,
882 1622 936 1682 bac
989 1626 1171 1686 benedictum
1197 1626 1280 1684 etiam
1310 1624 1479 1684 deserentem
1512 1625 1615 1681 litteras
1631 1631 1741 1681 nocuas
1761 1624 1792 1682 iu

140 1716 281 1777 ammone
298 1719 498 1792 contravenire,
515 1719 654 1794 justitiam
666 1718 864 1777 circumvenire
887 1725 936 1776 aut
952 1722 1117 1839 Bceptione
1133 1736 1249 1780 suorum
1275 1718 1310 1777 ed
1333 1726 1524 1793 contemptum
1538 1718 1697 1792 apostolice
1718 1715 1792 1776 sedis

141 1812 390 1886 qmvarereliruus,
404 1813 567 1873 sicutetiam
578 1823 640 1888 pest
653 1821 776 1888 coeptum
789 1811 934 1887 negotium
989 1814 1036 1874 diu
1059 1814 1131 1872 allici
1165 1813 1296 1887 permisit.
1322 1815 1495 1887 Quapropter
1525 1812 1698 1887 iniquitatem
1734 1811 1793 1884 ejus
1893 1886 1897 1897 Ι

143 1920 282 1983 nmquam
296 1907 370 1982 apud
382 1923 435 1968 nos
449 1916 498 1967 aut
515 1908 641 1983 precibus
649 1917 697 1968 aut
710 1907 802 1983 aliqua
813 1912 935 1966 ostenta·
990 1909 1117 1983 deinceps
1131 1924 1189 1968 uou
1212 1908 1340 1976 terentes,
1362 1907 1510 1982 apostoliea
1530 1907 1694 1966 auctoritate
1715 1907 1792 1966 vobis

143 1998 215 2061 done
236 2001 424 2061 amicitiamm
444 2003 486 2062 vel
509 2002 719 2063 inimicitiarum
739 2001 864 2061 obtinere
886 2014 936 2075 po·
990 2004 1167 2079 precipimus
1179 2011 1221 2073 ut,
1240 2001 1276 2060 ad
1292 2001 1526 2062 examinationem
1548 2010 1661 2061 actuum
1675 2014 1793 2061 suorum

143 2095 192 2154 luit
225 2103 260 2154 nt
291 2096 442 2172 quidquem
472 2111 525 2172 pro
550 2113 584 2158 eo
610 2105 713 2173 praeter
739 2095 815 2171 quod
828 2096 937 2171 justum
990 2098 1019 2157 iu
1033 2099 1220 2173 locumquem
1233 2096 1320 2172 mame
1339 2103 1435 2170 aptum
1455 2094 1634 2169 probaveritis
1645 2095 1792 2156 convenia·
1835 2172 1847 2179 .

143 2188 278 2250 tidtrstur
291 2191 383 2250 dicere
396 2190 439 2251 rel
450 2207 563 2251 censere
584 2193 728 2252 vellemus.
743 2194 834 2266 Atque
851 2190 882 2246 in
905 2206 936 2248 ea
990 2194 1037 2264 tis,
1059 2192 1094 2251 ad
1110 2204 1194 2267 quem
1207 2187 1284 2265 prius
1296 2191 1397 2248 litteris
1420 2189 1520 2249 vestris
1542 2205 1607 2249 eum
1626 2190 1793 2262 convocetis,

142 2297 181 2355 rs,
191 2284 289 2361 quoad
303 2285 466 2357 vixerimus,
483 2284 689 2355 incunctanter,
703 2289 765 2344 Deo
778 2283 936 2358 adjurante,
991 2287 1091 2362 ibique,
1105 2285 1140 2345 de
1162 2285 1326 2360 supradictis
1342 2284 1420 2343 vobis
1439 2285 1615 2357 respondeat,
1641 2292 1680 2355 et,
1699 2282 1723 2342 si
1740 2301 1794 2359 po·

141 2381 286 2454 maere
305 2380 382 2440 nullo
395 2381 517 2456 periculo
538 2381 656 2441 vitaevel
674 2379 774 2440 memb
787 2379 937 2440 deterrebi-
990 2390 1059 2450 test,
1092 2396 1123 2440 se
1148 2381 1323 2438 innocentem
1347 2378 1454 2438 reddat.
1482 2378 1564 2448 Quod
1598 2378 1621 2436 si
1650 2378 1737 2446 iorte,
1765 2379 1794 2437 iu

140 2490 213 2534 mm.
237 2475 322 2551 Agite
337 2490 419 2551 ergo,
435 2475 606 2536 dilectissimi
626 2474 736 2548 iratres,
763 2483 794 2532 ut
807 2480 938 2549 appareat
992 2476 1118 2551 superbia
1131 2491 1182 2535 sua
1202 2489 1375 2548 permanens,
1390 2473 1460 2531 inira
1474 2472 1654 2545 quadraginta
1671 2466 1730 2532 dies
1747 2467 1794 2532 ad·

139 2568 441 2645 qmutumtbemtem
453 2570 581 2630 Pccleu'ae
593 2578 809 2629 etcommrmem
819 2567 937 2628 salutem
992 2569 1154 2630 monitionis
1171 2569 1265 2627 venire
1282 2567 1493 2641 contempserit,
1507 2575 1555 2624 aut
1568 2566 1679 2626 veniens
1686 2566 1723 2625 de
1733 2582 1794 2626 om·

140 2664 267 2723 οιιιιιίιιιιι
289 2662 428 2738 diligatis3
446 2664 565 2724 scientes
578 2665 724 2739 quoniam,
748 2664 772 2721 si
787 2678 870 2722 causa
888 2678 938 2721 ne·
990 2661 1246 2738 uibussupradictis
1264 2663 1437 2722 canonicese
1450 2676 1507 2719 nou
1527 2661 1732 2736 expurgaverit,
1748 2660 1795 2734 jn·

140 2758 227 2833 pecta
239 2756 336 2831 suerit,
350 2766 379 2817 et
392 2756 429 2817 ad
442 2759 599 2835 gratiorem
610 2758 696 2835 (quod
705 2757 779 2817 absit
789 2760 816 2829 l)
827 2768 938 2817 exacer·
992 2760 1066 2818 dicio
1080 2758 1167 2818 sancti
1178 2758 1293 2831 Spiritus
1311 2768 1340 2815 et
1350 2757 1513 2815 auctoritate
1524 2755 1673 2829 apostolica
1685 2763 1796 2814 senten·

141 2850 282 2913 mecn-
295 2854 412 2926 vcuerit,
432 2870 490 2913 nou
504 2855 595 2914 solum
608 2854 684 2927 genti
698 2861 798 2913 vestre
811 2861 839 2911 et
852 2860 938 2927 mgna
992 2853 1270 2914 tiem'damuationis
1296 2859 1325 2910 et
1349 2850 1528 2924 depositionis
1560 2851 1620 2907 sine
1644 2850 1721 2907 omni
1746 2866 1796 2924 spe

141 2947 367 3019 i'sutonicotum,
382 2949 430 3007 sed
446 2947 537 3024 quoad
550 2949 619 3007 lines
631 2947 849 3007 Christianitatis
862 2954 938 3017 sunt,
993 2949 1174 3009 restitutionis
1187 2949 1216 3007 iu
1230 2963 1294 3005 eum
1310 2945 1528 3020 promulgamus.
1548 2945 1640 3015 Quam
1662 2960 1710 3003 vos
1726 2944 1796 3003 sicut

142 3040 616 3118 temnamrlcdqcontuslonem,
630 3050 659 3101 et
672 3040 879 3103 inestimabiles
888 3042 940 3099 mi·
993 3044 1087 3116 dccet,
1111 3050 1270 3118 sequentes,
1297 3055 1346 3115 per
1364 3055 1444 3099 aures
1469 3039 1675 3097 circumstantis
1702 3032 1796 3113 popuii

144 3134 280 3199 marum
293 3153 391 3197 causas
404 3137 502 3212 pariet.
953 3129 1158 3209 Cdiiiundlte,
1186 3147 1215 3195 et
1239 3139 1375 3195 &sonem
1394 3134 1483 3207 ipsum
1508 3132 1543 3191 de
1571 3146 1626 3206 quo
1652 3147 1701 3190 vos
1727 3132 1796 3190 milri

175 3234 248 3293 Data
274 3234 372 3293 ltomae
395 3230 517 3293 mundo
540 3230 682 3292 Kalendas
704 3230 845 3301 Octobris,
870 3226 941 3291 iudi·
996 3232 1153 3306 scripsistis,
1186 3231 1233 3304 qui
1259 3230 1329 3287 beati
1353 3229 1424 3287 Petri
1451 3228 1597 3286 consilium
1621 3235 1648 3285 et
1669 3233 1796 3285 ausuum

143 3326 232 3387 strue
252 3329 355 3402 ptime.
997 3327 1123 3403 expetiit,
1137 3326 1167 3385 iu
1176 3326 1237 3384 loco
1249 3323 1323 3382 illius
1336 3322 1452 3396 depositi
1465 3321 1619 3382 secuudum
1628 3322 1720 3381 Deum
1733 3321 1798 3381 aab

402 3436 581 3500 urtstota
600 3438 677 3498 vltl.
815 3430 819 3437 ’
998 3432 1100 3498 ‘⁰8³²‘-

144 3557 176 3603 ω
193 3553 357 3614 mmm,
376 3557 547 3613 mmm„
568 3559 599 3601 E,
618 3556 709 3605 mnu„
726 3554 941 3604 summm,
1030 3520 1104 3576 Data
1121 3518 1221 3576 Romae
1237 3511 1358 3574 secundo
1377 3513 1471 3572 Nonas
1491 3505 1631 3583 Octobris,
1644 3508 1797 3572 indictione

436 3650 533 3719 (mo
553 3647 646 3720 4⁰72)
997 3614 1098 3687 prruua.

145 3748 352 3814 saliuncam
374 3751 491 3881 epr‘scagpi
514 3751 602 3810 multo
622 3753 721 3809 scrico
737 3750 942 3823 perstrluqeue,
1283 3702 1456 3813 mmm
1474 3698 1526 3762 Μ’
1558 3805 1562 3813 ,
1661 3806 1664 3811 ,
1741 3800 1744 3807 .

175 3825 303 3899 Μάριε
320 3823 358 3880 er,
379 3827 410 3879 „a
473 3839 587 3881 ,pamm
609 3823 683 3881 arram
707 3823 840 3882 uctuuum
856 3839 943 3882 comp.
1036 3819 1076 3864 ιιι
1095 3811 1274 3865 minuatum
1294 3812 1470 3861 snrscoaurr
1490 3806 1760 3864 camerinensem

176 3900 292 3963 etiem,
311 3894 646 3981 eumodrespoudeudttm
660 3896 760 3977 litteris
781 3898 945 3982 oouuomut:
1300 3902 1390 3974 (Anno
1407 3902 1498 3974 1077.)

174 3968 336 4113 mg,
344 3966 695 4125 ᾝᾶτῃὼέΐῶ
707 3966 946 4097 mmmmm?
999 4000 1130 4089 ΡιιιιιιίιίζΙ
1138 4005 1169 4060 ul
1184 3998 1310 4088 irtlruuxr.
1324 3998 1381 4088 dies
1395 3998 1529 4059 alliorum
1542 4016 1620 4087 quem
1633 3987 1796 4089 Scrwucrrsct

237 4129 266 4169 ιιι
284 4082 447 4169 sericam
462 4111 543 4183 jubet
574 4109 761 4183 promotoque,
791 4116 816 4167 et
835 4112 864 4166 iu
887 4080 945 4181 eius
1035 4082 1061 4133 εἰ
1079 4075 1389 4159 ⁰1¹²ssps⁸⁰⁰1⁷¹²iu²i¹¹³
1411 4073 1796 4159 ¹4i⁰mm²⁸²²³pr⁰⁶a²³⁶mt³

177 4128 266 4241 mv
286 4183 419 4241 saum
440 4183 600 4252 [mrum
613 4177 717 4255 tter
732 4194 776 4255 er·
793 4178 838 4257 ¹⁴]
857 4197 948 4255 err
1035 4153 1174 4288 illati
1189 4147 1550 4287 ,latialiter-illiti
1564 4153 1796 4276 tutelli·-

177 4255 245 4314 ω’
269 4254 421 4326 ”mm
1037 4234 1797 4361 urrmucttcijutsscuteuttomstriespcrestttutffltgiucorrei

180 4368 339 4426 Gnaeum
358 4364 514 4441 episcopus,
537 4379 633 4424 servus
651 4377 797 4426 servorum
814 4364 877 4436 Dei,
899 4365 947 4422 iix·
1034 4362 1203 4434 promulcet.

142 4476 249 4522 emmo
262 4460 416 4521 monensi
438 4457 655 4535 archiepiscopo,
670 4469 698 4519 et
712 4462 852 4519 mosiaco
871 4458 947 4517 liittr-
1038 4462 1221 4522 Gaseoatus
1232 4457 1384 4534 episcopus,
1395 4472 1490 4518 sersus
1501 4470 1643 4518 serrorum
1650 4459 1713 4533 Dei,
1724 4461 1797 4522 Rar-

142 4556 248 4633 rigcusi
259 4550 448 4628 [bituricensb
463 4554 533 4614 etsie
546 4552 830 4631 soapcrl,eorurnque
844 4551 983 4622 saffra-D
999 4568 1091 4615 suaso
1101 4553 1174 4614 dicto
1186 4553 1374 4613 aurelianensi
1388 4553 1527 4628 episcopo.

141 4650 257 4727 mucis,
272 4650 390 4709 saltuem
407 4659 435 4708 et
449 4647 629 4724 apostolicam
642 4646 871 4709 benedictionem.
1034 4649 1112 4708 Licet
1128 4664 1185 4707 non
1203 4648 1269 4707 alias
1286 4647 1339 4705 nisi
1358 4647 1546 4706 damnationis
1559 4646 1662 4708 litteras
1677 4647 1711 4709 ab
1731 4664 1798 4725 apo·

179 4744 261 4805 acc
295 4736 482 4818 quorumdam
516 4753 639 4804 seruum
667 4743 748 4803 nouit
780 4742 943 4815 fraternitas,
999 4740 1094 4804 stollca
1116 4742 1180 4802 sede
1195 4742 1255 4815 jnm
1270 4758 1302 4799 ex
1315 4735 1398 4816 longo
1412 4751 1536 4817 tempore
1549 4740 1735 4803 inobedientia
1750 4753 1798 4806 tua

143 4836 246 4900 mutus
258 4836 321 4913 lam
331 4838 497 4900 clamoribus
507 4832 660 4913 multisque
674 4837 772 4898 litteris
793 4836 945 4897 elabomri·
999 4837 1192 4914 promeruerit,
1204 4852 1255 4895 nos
1269 4844 1376 4907 tamen,
1387 4852 1420 4895 ex
1430 4836 1520 4895 radico
1533 4834 1713 4898 infructuosas
1722 4856 1797 4900 urcu-

144 4944 211 4995 Μ
231 4932 266 4993 ct
284 4932 489 4994 Aurelianensis
513 4933 635 4993 Ecclesia
658 4932 694 4993 ad
719 4929 869 5008 pristinum
890 4938 946 4993 suet
999 4935 1035 4994 tis
1053 4941 1109 4993 tnae
1130 4930 1233 5006 aliquid
1255 4930 1322 4991 boui
1336 4931 1366 4989 in
1381 4946 1484 4990 vanum
1507 4941 1635 4992 excutere
1650 4942 1796 5002 tentantes,

142 5026 300 5089 nobilitatis
319 5034 425 5088 statum
447 5036 622 5088 revocaretur
653 5047 660 5084 r
686 5025 735 5086 sed
763 5025 893 5101 peccatis,
917 5033 948 5085 ut
1000 5029 1071 5089 bauo
1079 5036 1205 5088 nontam
1215 5024 1265 5086 tibi
1276 5026 1433 5085 curavimus
1445 5027 1558 5086 mittere
1571 5029 1748 5102 legationem,
1760 5029 1799 5086 ri·

144 5118 305 5194 credimus,
316 5122 412 5198 populi
430 5120 662 5197 promerentibus,
676 5116 715 5180 ita
734 5120 948 5196 pseudoepisco-
1000 5123 1099 5183 delicet
1107 5121 1330 5196 uttnpraesentis
1342 5119 1514 5180 confratrum
1527 5132 1685 5181 nostrorum
1694 5122 1798 5181 lliche·

145 5228 250 5293 porum
273 5214 380 5277 ibidem
406 5217 552 5291 occupatio
580 5216 734 5292 prevaluit,
756 5212 831 5291 quod
857 5214 948 5275 adhuc
1001 5218 1036 5279 ril
1050 5216 1441 5291 Sunonensisarehiepiseopl,
1456 5224 1485 5274 et
1498 5216 1629 5275 Richardi
1642 5206 1797 5292 Biturig'eu·

145 5300 949 5387 'omuinospiuasconiutiouissuaeexstirparenoupotui·
1002 5312 1057 5383 sis,
1080 5329 1192 5371 necnon
1214 5310 1454 5386 suffraganeorum
1475 5327 1609 5381 suorum,
1631 5318 1659 5369 et
1679 5311 1799 5371 aliorum

145 5422 225 5467 ιι.
248 5406 362 5479 Quanta
384 5404 460 5467 euim
479 5403 665 5465 inobedientia
682 5400 830 5465 Dainerius
857 5406 949 5466 dctus
1002 5404 1195 5482 religiosorum
1217 5406 1264 5482 qui
1285 5409 1378 5465 Deum
1399 5404 1526 5476 timeant,
1552 5419 1735 5478 responsurus
1764 5406 1800 5465 de

145 5516 249 5562 mm
260 5500 406 5576 episcopus
416 5508 515 5561 eoutra
526 5500 721 5560 auctoritatem
735 5498 809 5559 sedis
822 5499 953 5575 apostoli·
1004 5498 1120 5577 oblectis
1132 5502 1234 5560 reniae.
1255 5501 1362 5574 Quibus
1373 5498 1480 5559 litteras
1491 5506 1602 5558 nostras
1614 5496 1754 5571 misimus,
1767 5507 1800 5557 ut

146 5608 192 5656 eu
204 5610 237 5655 se
247 5594 405 5668 mutarem
419 5602 448 5655 et
457 5595 635 5670 laqueatam
647 5592 836 5655 conluuionem
858 5610 949 5669 quau·
1003 5596 1055 5671 ipsi
1068 5596 1097 5654 in
1106 5610 1140 5654 co
1152 5596 1213 5654 loco
1225 5612 1310 5671 quem
1323 5595 1411 5670 magis
1425 5594 1546 5653 habilem
1555 5599 1583 5651 et
1593 5601 1688 5667 aptum
1703 5592 1797 5667 proba·

145 5700 269 5767 tumque
292 5688 489 5751 detrimeatm
507 5690 663 5769 &dedam
679 5688 756 5749 iilam
777 5688 949 5765 perduxerit,
1004 5688 1103 5762 verint,
1122 5688 1298 5760 conveniant,
1312 5697 1341 5746 et
1363 5700 1477 5748 causam
1492 5695 1569 5745 tuam
1583 5684 1727 5757 diligenter
1741 5698 1800 5756 per·

147 5783 219 5845 lieet
234 5798 285 5844 sos
297 5784 369 5845 tere
380 5798 439 5845 uon
459 5782 631 5856 dubitamus,
646 5780 782 5861 quosdam
795 5792 889 5845 emen
901 5800 950 5846 ex·
1004 5783 1124 5862 ᾳιιίιιιιιι.
1139 5782 1303 5846 terminum
1317 5790 1412 5841 autem
1429 5776 1603 5840 examinandi
1617 5775 1698 5848 huius
1711 5790 1800 5848 nego·

149 5890 282 5943 mun
298 5878 414 5943 moram
424 5874 551 5955 rdialem
561 5886 661 5943 mue
673 5878 842 5945 nominatim
857 5878 952 5944 dicere
1004 5880 1038 5943 til
1045 5877 1117 5945 laisa
1125 5876 1308 5957 qmqulnta
1314 5866 1830 5951 despuumeepdeubmlitereaem
