3870 6164
176 230 221 286 ere
721 182 836 296 ³ruem
856 238 1027 328 seerruus.
1047 270 1083 283 -
1102 241 1205 305 emer.
1227 194 1259 300 u.
1365 230 1383 251 ⁹

173 354 1799 391 Μ

573 463 750 552 LIBER
783 463 1079 558 SEPTIMUS
1115 467 1418 560 REGISTRI.
1467 518 1471 527 ,

173 619 259 678 Aaao
271 620 435 681 Dorniaicac
448 608 668 684 iucarnationis
679 625 840 686 millesimo
849 631 1070 706 septuopesimo
1080 647 1172 704 nouo,
1183 629 1377 709 pontificatus
1387 650 1457 694 oero
1467 633 1581 695 domt'oi
1592 635 1730 715 Greporii
1739 655 1818 699 artoo

702 710 843 786 septimo,
861 708 1023 768 indictione
1039 710 1172 770 secondo
1189 711 1284 790 (399).

339 881 343 885 .
407 834 582 892 EPlSTOLA
595 839 722 895 PRIMA.
867 841 870 849 '
983 843 1083 907 Arem
1103 857 1252 898 monemus
1269 851 1300 899 ut
1314 845 1404 917 ipsum
1417 847 1581 917 quantocius
1594 864 1726 920 procures
1742 850 1817 908 adira

330 940 372 983 sn
390 942 560 986 euasurum
574 944 805 990 susurtconurr.
1020 943 1119 991 etcum
1132 951 1165 991 co
1182 935 1317 993 rationem
1328 936 1396 994 facti
1416 954 1528 1011 ponere,
1542 948 1676 1012 qrrateuus
1691 942 1720 999 iu
1740 957 1771 999 ea
1787 959 1817 1000 re

172 1019 317 1088 increpans
328 1021 388 1090 ejus
400 1038 513 1090 moram,
529 1024 647 1080 reditum
655 1041 810 1096 properare
824 1027 912 1097 jubet.
923 1028 967 1083 Si·
1020 1027 1078 1098 ipse
1096 1027 1169 1100 quod
1181 1028 1373 1102 corrigendum
1385 1029 1469 1087 fuerit
1482 1032 1610 1104 corrigat,
1631 1034 1818 1106 etquodcon-

201 1092 965 1238 QYI}gffljggffimalggrnewaeiyeezigff·
1020 1119 1187 1177 firmandum
1202 1124 1371 1180 corroboret.
1383 1126 1520 1182 Praeterea
1538 1142 1682 1183 monemus
1692 1136 1729 1196 te,
1741 1138 1773 1185 ut
1783 1145 1817 1185 ex

200 1238 273 1298 Mat,
287 1240 319 1288 ,ιε
333 1235 452 1290 deosum
466 1237 590 1292 'mmm
604 1241 728 1294 Mem
742 1241 847 1295 ,em
869 1243 966 1296 Romo,
1019 1222 1096 1286 parte
1113 1213 1184 1270 beati
1201 1217 1273 1272 Petri
1285 1218 1434 1290 praecipias,
1457 1227 1487 1275 et
1504 1219 1600 1276 invites
1614 1229 1671 1277 tam
1688 1223 1816 1294 Anglicos

199 1307 335 1375 mopcvuis
347 1308 541 1378 archiepiscopi
549 1311 693 1364 sucerdotis
709 1310 762 1379 tilii
771 1314 965 1381 promotionem
1019 1320 1103 1377 quam
1119 1309 1329 1377 Normaunicos,
1344 1326 1376 1366 ex
1393 1326 1559 1384 unoquoque
1568 1312 1816 1385 archiepiscopatu,

200 1377 417 1519 mmm&
428 1381 864 1523 ggfflgssfflfggfffiffl
870 1385 965 1508 mg
1018 1399 1060 1456 vel
1074 1398 1144 1456 duos
1163 1401 1305 1473 episcopos
1314 1402 1349 1459 ad
1359 1406 1513 1460 Romanam
1527 1406 1672 1478 synodum,
1688 1421 1773 1478 quam
1787 1408 1816 1463 in

199 1519 449 1576 mmmmm
464 1492 593 1577 ming
603 1524 670 1578 duos
680 1539 715 1578 ω
726 1525 835 1596 Awlioe
853 1530 878 1579 et
896 1526 965 1582 Nor,
1018 1491 1242 1566 Quadragesima,
1256 1498 1316 1552 Deo
1333 1505 1456 1566 auctore,
1471 1513 1567 1555 sumus
1579 1500 1753 1569 celebraturi,
1768 1517 1813 1557 ve·
1922 1514 1927 1525 ¹

199 1593 317 1644 marm
335 1594 480 1662 provinciis
505 1596 636 1665 episcopos
659 1595 697 1649 aa
720 1597 854 1665 synodum
871 1599 964 1652 venere
1017 1585 1085 1642 nire.
1097 1586 1150 1656 Qui
1163 1587 1186 1643 si
1196 1586 1267 1644 forto
1278 1590 1523 1658 murmuraverint,
1538 1600 1567 1647 et
1590 1592 1626 1648 ad
1640 1608 1705 1649 eum
1716 1594 1812 1649 termi-

200 1665 284 1716 neret.
1016 1694 1086 1735 num
1108 1695 1138 1735 sc
1161 1679 1283 1737 dixerint
1300 1682 1431 1740 interesse
1444 1700 1500 1740 uon
1515 1699 1606 1756 posse,
1630 1686 1673 1742 vel
1689 1695 1752 1759 post
1763 1690 1812 1743 Pa-

171 1840 177 1853 ·
199 1754 962 1830 Grecosxusepiscopus,serrasservorumDei,dilecto
1016 1771 1082 1829 seha
1095 1772 1222 1830 studeant
1240 1776 1398 1847 apostoleca,
1416 1777 1472 1834 sedi
1488 1793 1518 1833 ⁵0
1528 1787 1703 1850 praesentare,

170 1857 194 1897 ¹¹³
206 1842 317 1900 chilim
334 1843 390 1902 5¹5⁰
405 1847 554 1902 ΗΰΒΒΜΟ
568 1854 670 1903 θὸὓθῖἒ
685 1850 819 1904 R⁰m³1¹ae
833 1847 962 1903 E⁰⁰¹0⁸5ffi
1051 1869 1124 1922 Data
1145 1869 1253 1937 Rornae,
1264 1885 1338 1924 nono
1352 1869 1485 1927 kalendas
1508 1869 1648 1941 OctobrIs,
1664 1871 1813 1932 indictione

170 1931 328 1990 subdiacono
352 1933 468 1990 salutem
485 1942 512 1991 et
529 1935 708 2007 aposmlicam
727 1936 959 1993 benedictionem.
1020 1960 1111 2017 tertia·

198 2021 331 2079 Miramur
343 2023 474 2094 nimium,
498 2032 526 2080 et
549 2023 630 2080 nobis
648 2023 801 2081 admodum
816 2024 960 2098 displicere
1298 2058 1474 2114 fflSTOLA
1498 2061 1534 2115 Π.

173 2115 331 2188 cognoveris,
356 2124 385 2196 te
410 2125 499 2173 tantas
512 2132 605 2175 moras
620 2117 751 2174 hactenus
765 2117 907 2186 babuisse,
931 2127 959 2175 et

175 2207 399 2282 adapostolicam
428 2209 522 2267 sedem
551 2210 647 2268 tandin
681 2212 820 2269 distulisse
849 2196 997 2268 revertiss
1287 2183 1332 2224 ’ω
1351 2182 1552 2226 mmm

173 2301 253 2375 Neque
278 2318 344 2360 vero
358 2303 473 2377 alicujus
494 2304 532 2360 rei
554 2305 694 2362 excusatio
713 2313 740 2361 te
763 2306 830 2362 satis
844 2304 959 2362 reddere
1311 2271 1404 2338 (ΜΟ
1423 2274 1514 2338 ¹⁰⁷9·)

175 2403 267 2466 polesto
285 2405 443 2470 purgatum,
461 2405 556 2470 except
575 2399 597 2454 si
618 2399 660 2455 vel
675 2414 758 2455 causa
779 2397 958 2468 infirmitatis,
1014 2378 1115 2435 cmm
1137 2379 1369 2447 ⁶¹0⁷‘1'0082'22i28208
1392 2383 1447 2435 «ΜΒ
1461 2383 1592 2452 ίῬίᾶΰθΡῖδ
1610 2384 1749 2452 “infirmat
1766 2383 1810 2438 dt·

176 2489 206 2545 nl
229 2489 373 2563 quodnon
399 2491 517 2562 patuerit
533 2490 624 2549 aditus
647 2491 788 2562 redeundi,
812 2491 956 2549 dimiseris.
1049 2454 1687 2592 {reffggufflmfflffimgufflfflff
1699 2469 1812 2580 ma

176 2581 230 2640 bam
243 2584 373 2656 pecunias
387 2584 445 2640 sine
457 2583 562 2641 honore
575 2585 692 2642 tributas
706 2585 802 2658 quanti
816 2585 893 2658 pretii
908 2585 958 2642 ha·
1048 2592 1148 2645 clerum
1162 2608 1193 2645 oc
1204 2593 1378 2661 populumne
1398 2595 1452 2649 illis
1473 2598 1667 2650 communicent
1680 2612 1744 2652 ecoe
1758 2614 1809 2651 ott·

175 2671 250 2746 bam,
271 2687 302 2732 tu
317 2677 374 2750 ipse
388 2678 490 2750 optime
515 2679 630 2750 potuisti
651 2677 757 2736 dudum
779 2678 956 2751 perpendere.
1047 2662 1148 2726 milium
1169 2663 1320 2731 limitati!-

176 2767 333 2844 Quapropter
346 2771 436 2827 sciens
447 2771 509 2842 quia
524 2780 634 2844 propter
641 2773 728 2828 multa
743 2772 871 2828 volumus
881 2779 958 2827 tuam
1047 2772 1224 2830 Gnrconrus
1241 2774 1396 2846 episcopus,
1411 2790 1507 2832 servus
1520 2791 1662 2832 servorum
1677 2777 1740 2844 Dei,
1756 2777 1809 2832 Lu-

174 2865 341 2933 ptasentiam,
355 2862 564 2921 reditumtuum
578 2874 715 2936 quantum
728 2872 805 2937 potes
819 2872 957 2920 maturare
1011 2864 1084 2921 censi
1098 2866 1171 2921 clero
1185 2874 1213 2922 et
1227 2866 1339 2938 populo,
1354 2868 1475 2937 exceptis
1490 2867 1532 2923 bis
1543 2869 1589 2940 qui
1600 2869 1809 2924 communicant

173 2966 287 3024 tmcura.
305 2957 469 3030 Significasti
482 2966 573 3014 autem
586 2958 666 3014 nobis
680 2960 835 3014 zeuzonem
846 2959 958 3026 [Teano-
1010 2965 1092 3030 atque
1106 2958 1280 3015 consentiunt
1291 2959 1547 3028 excommunicatis,
1562 2961 1680 3017 salutem
1694 2968 1723 3016 ct
1740 2977 1808 3033 apo-

171 3060 220 3107 ttm
237 3053 276 3108 sie
290 3052 360 3108 etin
379 3051 439 3107 cod.
455 3051 622 3123 lluthuasi
637 3066 670 3107 ex
686 3061 762 3123 parte
773 3058 867 3106 nostra
879 3051 951 3123 lega·
1009 3051 1136 3108 stolicam
1151 3050 1379 3109 benedictionem.

169 3146 216 3201 but
229 3144 361 3201 adversus
373 3144 520 3217 Anglicum
535 3158 630 3217 regem
647 3144 732 3200 verba
749 3140 870 3213 iecisse3
896 3158 958 3216 quae
1045 3145 1215 3202 clericorum
1253 3154 1349 3203 vestrae
1375 3145 1497 3203 ecclesiae
1526 3145 1672 3219 diligenter
1693 3162 1807 3203 causam

167 3238 266 3295 terens
284 3253 319 3294 ex
339 3238 420 3294 nobis
438 3236 568 3294 mandata
583 3253 640 3293 non
654 3252 722 3294 esso.
750 3239 855 3293 Verum
868 3236 956 3293 multa
1009 3239 1207 3308 examinantes,
1222 3238 1325 3312 diuque
1339 3240 1367 3295 in
1381 3255 1412 3295 ea
1427 3239 1591 3308 laborantes,
1606 3240 1711 3297 nullam
1726 3241 1753 3295 in
1768 3241 1808 3297 eis

166 3338 216 3387 tart
238 3324 314 3388 unde
328 3339 422 3388 sancta
442 3333 571 3388 Romana
599 3330 718 3387 Ecclesia
737 3329 869 3387 adversus
888 3345 954 3387 eum
1009 3331 1146 3388 rationem
1168 3341 1250 3404 atque
1265 3333 1420 3401 veritatem,
1438 3332 1509 3389 sicut
1522 3333 1602 3389 decet
1625 3334 1807 3403 Christianos,

165 3425 230 3494 neri
244 3431 350 3498 potest.
362 3426 451 3481 Nemo
471 3424 544 3480 enim
557 3424 682 3481 omnium
704 3439 802 3496 regum
816 3424 898 3480 etiam
909 3439 955 3496 pa·
1011 3423 1173 3480 invenimus.
1188 3426 1313 3494 Quorum
1328 3424 1480 3480 mirabilem
1494 3434 1522 3481 et
1543 3425 1694 3482 inauditam
1707 3442 1805 3498 super·

162 3520 288 3587 auorum
299 3526 395 3574 contra
410 3517 591 3590 apostolicam
606 3517 699 3574 sedem
717 3516 770 3573 boc
781 3517 955 3589 praesumpsit
971 3544 995 3609 C
1009 3516 1091 3584 biam,
1103 3517 1165 3574 licet
1179 3519 1239 3592 sine
1254 3516 1394 3574 audientia
1407 3519 1559 3575 secundum
1574 3517 1734 3591 synodalem
1744 3535 1806 3575 sen·
1870 3538 1874 3547 ·

164 3614 261 3670 tumre
271 3610 350 3695 quod
368 3611 391 3668 is
404 3627 461 3668 non
478 3611 587 3668 erubuit
607 3609 709 3679 facere,
727 3610 831 3667 scilicet
845 3618 875 3666 ut
897 3610 952 3681 epi·
1008 3611 1122 3667 tentiam
1137 3627 1220 3682 quam
1236 3612 1265 3667 iu
1281 3627 1311 3668 se
1325 3620 1543 3683 provocaverant
1564 3613 1658 3684 punire
1678 3612 1807 3669 debueri-

163 3715 262 3778 πωροι,
282 3704 511 3777 archiepiscopos,
537 3704 571 3761 ab
602 3705 791 3777 apostolorum
815 3702 954 3760 liminibus
1007 3704 1310 3770 mus‚mansuetudinis
1335 3714 1429 3762 tamen
1451 3706 1550 3779 spiritu
1565 3721 1610 3762 res
1633 3720 1731 3762 eorum
1753 3721 1805 3762 au-

164 3794 224 3856 elles
243 3805 306 3855 tam
332 3798 507 3855 irreverentis
539 3805 568 3854 ct
588 3797 756 3870 impudentis
779 3797 864 3853 animi
888 3813 951 3868 pro·
1006 3796 1120 3854 diendas
1144 3813 1204 3854 esse
1224 3797 1340 3871 dignum
1354 3796 1494 3868 duximus,
1514 3808 1545 3855 ut
1559 3799 1658 3855 saltem
1677 3798 1806 3855 coniusos

164 3883 269 3949 bberet.
284 3891 367 3949 Unde
378 3891 506 3948 volumus
518 3897 550 3947 ut
563 3906 625 3947 eum
635 3899 728 3947 nostra
739 3891 796 3946 vice
808 3889 952 3963 prudentia
1006 3899 1033 3947 et
1047 3891 1186 3949 convictos
1200 3891 1235 3949 ad
1249 3908 1348 3950 sanum
1369 3892 1513 3949 consilium
1528 3908 1695 3964 sensumque
1710 3892 1802 3948 bumi-

164 3987 200 4043 Μ
222 3984 333 4043 tumeat
356 3983 515 4054 admonere,
543 3993 678 4056 quatenus
700 3984 848 4055 bonorem,
869 4000 952 4057 quern
1006 3984 1091 4063 litatis
1110 4001 1313 4043 revocaremus.
1336 3987 1408 4042 Nam
1422 3985 1446 4042 si
1461 3985 1488 4041 in
1509 3985 1548 4042 eis
1562 3984 1673 4058 aliquod
1696 3984 1804 4041 bumili-

162 4072 240 4135 ibin
265 4076 382 4135 subditis
404 4078 461 4135 suis
484 4078 603 4150 graviter
622 4076 707 4134 ferret
734 4092 791 4133 non
814 4075 951 4143 exbiberi,
1004 4079 1069 4136 tatis
1082 4079 1191 4151 siguum
1216 4095 1295 4136 mens
1315 4088 1410 4136 nostra
1426 4079 1624 4152 perpendisset,
1638 4079 1696 4135 sine
1713 4079 1804 4152 aliqua

159 4174 402 4231 macrone
418 4171 548 4229 Ecclesiae
561 4186 617 4227 non
632 4178 773 4244 tantopere
784 4162 890 4226 laboret
900 4171 953 4226 im·
1006 4188 1022 4229 a
1049 4170 1131 4228 nobis
1160 4172 1347 4230 misericordia
1367 4189 1423 4230 non
1448 4173 1628 4229 recessissent.
1653 4172 1758 4243 Quibus
1776 4172 1804 4228 in

156 4262 291 4331 munem,
305 4270 334 4323 et
346 4263 449 4322 debitas
463 4265 564 4337 gratim
585 4262 693 4336 agendo
719 4263 833 4337 gratiam
855 4263 888 4317 B.
902 4266 951 4318 Pe·
1006 4265 1132 4337 superbia
1163 4281 1212 4321 sna
1239 4265 1460 4338 perdurantibus,
1486 4266 1633 4322 auctoritas
1658 4264 1803 4322 beatorum

152 4356 198 4412 tri
215 4367 343 4432 procuret
355 4359 516 4432 acquirere.
531 4360 589 4415 Nos
609 4356 684 4414 enirn
696 4357 823 4413 amicitiae
850 4358 952 4412 nostre
1005 4364 1161 4430 martyrum
1188 4367 1270 4430 etque
1293 4358 1456 4430 pontificum
1485 4357 1596 4414 Fabiani
1624 4366 1651 4414 ct
1673 4358 1803 4431 Stephani

143 4449 277 4515 milne
298 4452 369 4510 sirm
395 4467 460 4509 cum
473 4466 624 4520 memores,
639 4459 666 4508 et
677 4450 855 4523 apostolicam
870 4465 952 4506 man·
1005 4466 1100 4507 coram
1115 4450 1197 4508 nobis
1217 4451 1297 4507 allata
1311 4459 1371 4518 est;
1388 4466 1473 4523 quarn
1489 4465 1540 4506 nos
1566 4465 1613 4522 per
1634 4452 1724 4506 omnia
1739 4451 1804 4507 huic

137 4544 341 4613 numeneus,
362 4554 499 4619 quantum
513 4547 572 4602 Deo
592 4552 706 4601 auctore
721 4542 951 4616 possumus,imi-
1004 4545 1114 4618 negotio
1137 4545 1283 4602 convenire
1307 4552 1459 4612 cernentes,
1480 4559 1529 4600 eos
1541 4550 1571 4599 ut
1591 4542 1704 4599 rebelles
1723 4551 1750 4600 et
1763 4544 1804 4599 in-

134 4633 255 4710 hntts,
289 4639 432 4712 bucusque
452 4639 526 4696 illins
546 4638 636 4710 culpae
656 4638 841 4710 pepercimus3
864 4636 951 4709 quisi
1006 4637 1163 4694 obedientes
1177 4637 1301 4710 ejusdem
1315 4636 1484 4693 auctoritatis
1505 4636 1642 4693 sententia
1664 4635 1803 4693 damnavi-

128 4714 217 4797 bin,
232 4739 257 4789 et
275 4732 411 4789 similibus
430 4747 491 4804 quae
508 4731 557 4788 tibi
575 4739 642 4788 nota
664 4739 741 4799 sunt,
759 4731 875 4787 modum
892 4745 950 4786 non
1005 4732 1069 4787 mu's
1090 4746 1175 4803 quam
1203 4730 1300 4786 litteris
1327 4729 1427 4786 nostris
1441 4729 1615 4785 inserandam
1640 4745 1699 4786 esse
1713 4729 1803 4787 existi-

125 4807 328 4898 i¹1¹1t0ttrerit,
351 4826 466 4883 omuino
487 4825 556 4881 sciat
573 4840 603 4881 se
616 4825 687 4881 iram
708 4824 777 4881 beati
791 4823 863 4879 Petri
878 4822 907 4879 iu
921 4838 951 4879 se
1004 4825 1159 4892 movimus,
1194 4830 1225 4879 ut
1257 4823 1367 4894 quantis
1403 4823 1459 4879 sint
1494 4821 1661 4879 facinoribus
1692 4822 1801 4899 irretiti,

116 4914 274 4977 fflu'ler
286 4929 510 4992 provocaturum.
526 4916 691 4976 Audivimus
704 4918 789 4991 etiam
798 4918 950 4974 Rothoma·
964 4903 989 4964 D
1004 4916 1145 4990 quantisve
1168 4916 1340 4972 contumeliis
1362 4914 1448 4988 digni,
1463 4916 1564 4989 liquido
1582 4925 1681 4990 pateat.
1702 4919 1801 4974 Fabio·

117 5007 268 5071 sseutem
283 5013 518 5086 archiepiscopum
530 5011 679 5069 sacerdotis
689 5011 776 5068 lilium
786 5026 854 5068 esse.
866 5010 950 5080 Quod
1002 5027 1054 5067 aus
1076 5031 1084 5066 ε
1100 5010 1254 5067 statuimus
1281 5018 1313 5066 ut
1326 5010 1349 5066 si
1372 5009 1470 5084 aliquis
1495 5010 1657 5067 clericorum
1677 5010 1735 5068 suis
1746 5013 1802 5084 epi·

116 5087 170 5144 ’ἱ
201 5105 515 5179 veumdeprchendimr,
525 5103 634 5162 noveris
643 5103 809 5178 promotioni
818 5103 890 5160 illius
898 5119 950 5160 nos
1003 5104 1092 5176 scopis
1108 5103 1221 5160 iniestus
1234 5098 1287 5161 sut
1296 5102 1439 5160 insidiator
1461 5102 1555 5170 fuerit,
1574 5118 1607 5160 eo
1621 5104 1696 5176 quod
1710 5104 1803 5160 crimi-
1869 5166 1879 5178 ,

116 5186 295 5275 {Qucum
316 5186 492 5273 nequaquam
514 5198 645 5255 tribuere.
667 5202 709 5255 De
723 5213 756 5254 eo
769 5205 861 5255 autem
874 5197 949 5270 quod
1003 5198 1063 5255 nari
1074 5199 1231 5265 tentaverit,
1246 5206 1292 5254 aut
1307 5198 1479 5268 conspirator
1494 5196 1587 5267 luerit,
1611 5204 1642 5253 ut
1660 5212 1726 5255 mox
1739 5206 1802 5253 ante

116 5274 718 5374 ¹{1lilandriacumLingoneusiepiscopo
743 5307 800 5348 non
811 5308 844 5348 ex
856 5291 947 5348 moui·
1004 5292 1187 5349 exenrinatum
1198 5291 1333 5365 judicium
1344 5293 1490 5348 submotus
1510 5291 1613 5348 aclero
1633 5293 1718 5347 curias
1741 5299 1802 5347 tra-

116 5359 306 5445 tl&uostris
322 5385 508 5444 intelleximus
529 5393 557 5442 te
578 5382 687 5455 fecisse,
712 5385 781 5441 scias
804 5393 833 5442 et
850 5393 948 5441 contra
1003 5385 1096 5454 datur,
1126 5386 1169 5442 cui
1183 5383 1280 5441 diebus
1302 5385 1365 5441 vitae
1390 5399 1447 5442 suec
1469 5383 1611 5454 deserviat,
1637 5391 1666 5440 et
1691 5382 1801 5440 infamis

116 5454 288 5538 &leuem
301 5489 329 5538 et
343 5480 441 5553 injuste
450 5478 534 5538 fuisse
545 5486 754 5552 presumptum,
769 5495 834 5536 curn
846 5494 898 5536 nos
921 5479 949 5535 in
1003 5479 1107 5550 absque
1123 5478 1177 5535 ulla
1198 5446 1379 5535 restitutionis
1391 5493 1439 5549 spe
1464 5483 1631 5548 permaneat.
1649 5478 1801 5548 Stephanus

116 5546 339 5631 ι’θιῐιῑιιιιίὓίι
350 5573 443 5631 Dieusi
460 5572 588 5646 episcopo
603 5573 742 5645 praecipue
760 5571 950 5629 sollicitudinis
1000 5586 1078 5645 popo
1105 5591 1113 5626 ι
1133 5570 1254 5627 Clericus
1268 5570 1314 5644 qui
1329 5571 1488 5643 episcopum
1513 5584 1595 5627 suum
1620 5570 1800 5636 accusaverit,

116 5638 256 5725 Ἥ
268 5669 360 5726 ricem
371 5666 406 5726 de
419 5666 546 5725 omuibus
558 5665 791 5724 commiserimus.
811 5665 950 5737 Quamob
1004 5672 1053 5724 aut
1064 5664 1089 5721 ei
1104 5664 1246 5722 insidiator
1260 5665 1404 5732 exstiterit,
1415 5677 1471 5718 non
1485 5672 1528 5721 est
1538 5659 1721 5733 reeipiendus,
1737 5661 1799 5736 quie
1904 5734 1907 5739 .

199 5811 262 5879 itte)
276 5810 321 5868 td
332 5809 441 5869 teriam
452 5810 591 5883 pertinent
607 5825 670 5883 que
688 5817 849 5884 mquuntur.
