3884 6158
469 260 643 331 EPlSTOLAE
661 260 772 317 EXTRA
791 258 983 317 REGlSTRde
1000 260 1187 319 vacuatas,
1601 267 1653 325 ele

123 387 209 445 vitam
227 386 303 443 illius
323 394 479 459 mouentes,
495 393 523 444 et
536 401 600 442 vere
618 384 690 441 filios
704 385 764 457 eius
776 393 804 440 et
818 390 844 451 Α
858 384 1031 442 ministrandi
1057 386 1148 444 locum
1161 385 1289 443 babeant.
1306 385 1345 442 llli
1368 402 1477 461 quoque
1491 388 1538 460 qui
1557 389 1653 446 Eccle-

121 478 223 539 ritmitt
239 496 287 537 vos
298 480 509 537 conversatione
520 480 678 551 probantes,
689 476 803 533 viriliter
856 479 910 535 sias
923 478 1035 536 datione
1046 478 1169 551 pecumae
1181 479 1317 548 obtinent,
1332 480 1447 537 omnino
1459 496 1507 538 cas
1518 482 1651 554 perdant,

121 571 514 640 tconfortaminiinDomino,
524 581 552 628 et
564 572 593 627 in
605 570 735 643 patientia
746 574 804 640 lpo-
856 588 909 630 nec
930 572 1058 645 deinceps
1077 573 1194 630 uendere
1213 573 1254 629 vel
1278 568 1374 630 eruere
1386 573 1468 631 alicui
1483 575 1573 633 liceat.
1600 577 1654 636 Sed
1708 554 1711 559 ⁵

121 666 230 723 virtutis
242 666 312 739 eius,
330 667 497 724 documenta
511 674 667 722 sanctarum
680 664 802 735 Scriptu-
856 681 906 722 nec
929 665 967 721 illi
986 667 1033 738 qui
1051 666 1079 722 in
1102 667 1216 723 crimine
1230 666 1421 725 fornicationis
1438 668 1532 740 jacent
1553 671 1653 728 missas

125 757 802 832 quibusbaereticorumargumentadestruuntur,
857 756 995 815 celebrare
1019 767 1068 815 aut
1087 758 1242 817 secundum
1262 758 1408 817 inferiores
1431 760 1544 819 ordines
1566 763 1652 820 mini-

127 860 228 911 sanctae
251 853 380 910 Ecclesia
393 851 551 909 defenditur
568 859 665 909 contra
679 849 805 906 membra
857 857 945 908 strare
968 851 1050 908 altari
1075 851 1202 909 debcant.
1229 853 1384 910 statuimus
1402 854 1485 911 etiam
1511 864 1545 912 ut
1566 856 1653 929 siipsi

134 962 197 1020 qim
217 945 333 1003 diuersis
353 945 601 1003 machinationibus
619 944 805 1001 Christianam
858 953 1062 1017 contemptores
1087 944 1185 1002 fuerint
1210 954 1384 1013 nostrarum,
1407 946 1468 1004 imo
1494 956 1653 1009 sanctorum

121 1056 169 1097 em
181 1050 318 1098 conantur
331 1048 463 1108 euenere,
483 1054 564 1096 niens
575 1046 667 1095 vestra
681 1036 805 1110 meotidis
858 1042 971 1096 Patrum
984 1039 1224 1104 constitutionum,
1240 1039 1356 1112 populus
1368 1038 1540 1099 nullomodo
1554 1059 1653 1101 comm

121 1150 169 1205 ur,
189 1135 220 1191 in
238 1150 270 1191 ea
290 1150 351 1207 quar
376 1133 447 1191 solet
468 1133 596 1190 libertate
618 1132 649 1187 in
666 1130 804 1187 malorum
858 1128 949 1188 officia
973 1132 1104 1205 recipiam
1118 1141 1149 1190 ut
1168 1131 1213 1205 qui
1225 1148 1276 1205 pro
1291 1152 1385 1194 amore
1396 1134 1448 1191 Dei
1461 1144 1489 1191 et
1507 1134 1591 1193 oflicii
1607 1135 1654 1193 di·

121 1243 170 1285 sne
189 1228 313 1299 erigatur
335 1243 405 1284 :eos
425 1243 490 1283 vero
506 1227 553 1299 qui
575 1226 602 1281 in
617 1224 702 1281 'vobis
715 1223 804 1281 confi·
857 1226 960 1299 gnitate
981 1242 1038 1283 non
1055 1227 1244 1301 corriguntur,
1257 1230 1420 1288 verecundia
1438 1229 1531 1288 saeculi
1549 1238 1579 1287 et
1600 1228 1653 1285 ob-

121 1329 142 1379 tt
165 1321 314 1380 consilium
335 1321 474 1394 religionis
496 1328 595 1377 restrae
613 1318 690 1390 sequi
709 1316 802 1390 dispo·
854 1318 1011 1392 jurgatione
1030 1320 1123 1393 populi
1142 1323 1312 1396 resipiscant.
1324 1325 1443 1383 studeat
1456 1323 1538 1395 igitur
1557 1321 1654 1378 frater-

121 1415 308 1489 torepraedicti
322 1415 412 1472 Patris
427 1413 509 1471 vestri
524 1410 804 1485 suscipite,etdebis
857 1413 929 1470 nitas
948 1420 996 1471 tua
1019 1414 1058 1471 sic
1081 1429 1111 1472 se
1129 1416 1159 1473 in
1179 1415 1223 1474 bis
1244 1417 1328 1474 nobis
1351 1417 1565 1492 cooperatricem
1581 1414 1655 1471 exbi-

142 1510 261 1567 salutem
279 1525 378 1567 eorum
400 1508 535 1581 pertinere
556 1505 684 1563 uidentur
702 1504 804 1561 sanctis
856 1507 932 1577 bere,
949 1524 998 1566 seu
1018 1508 1135 1567 crinrim
1159 1511 1210 1568 ista
1243 1511 1278 1569 de
1301 1511 1429 1570 Ecclesiis
1451 1511 1509 1568 tuis
1524 1508 1656 1566 radicitus

121 1603 240 1661 tionibus
252 1604 382 1661 instruite
397 1622 404 1660 ι
422 1612 520 1659 utnon
533 1601 734 1667 solumrestra,
754 1597 804 1655 sed
858 1601 987 1672 evellere,
1015 1612 1150 1676 quatenus
1176 1604 1243 1662 boni
1272 1608 1390 1680 pastoris
1418 1603 1548 1663 meritum
1579 1602 1654 1675 apud

121 1698 297 1771 mouentium
316 1696 503 1768 circumpositi
517 1693 609 1767 papuli
623 1691 803 1750 consideran·
858 1698 952 1754 Deum
972 1696 1064 1755 valeas
1084 1698 1259 1771 obtinemet
1273 1702 1405 1760 ,Romana
1428 1696 1547 1757 Ecclesia
1570 1696 1606 1754 de
1626 1702 1655 1755 te

121 1799 157 1849 ata
169 1807 267 1864 opera,
281 1791 435 1865 glorificent
446 1793 555 1846 Patrem
569 1794 692 1844 vestrum
706 1785 755 1859 qui
772 1753 841 1841 inB
858 1789 929 1847 sicat
947 1788 983 1847 de
994 1790 1068 1850 bono
1083 1790 1206 1850 fratrent
1219 1792 1344 1852 studioso
1362 1799 1542 1866 cooperatore
1554 1788 1654 1848 debeat

121 1893 154 1943 tt.
172 1889 232 1943 Nos
244 1894 336 1942 antem
355 1887 447 1956 ipsum
465 1898 604 1949 amorem,
624 1896 707 1952 quem
727 1879 804 1936 Patri
856 1884 984 1957 gaudere.

121 1978 223 2036 ttvobis
233 1979 301 2035 olim
312 1978 500 2051 impendimus
506 1976 615 2047 ,donec
624 1982 736 2032 nostros
747 1972 803 2045 spi·
1238 2000 1272 2058 v.
1307 1994 1314 2013 ·

121 2073 298 2141 exentartus,
317 2072 447 2129 exhibere
461 2069 665 2138 desideramus,
686 2077 715 2124 et
726 2075 803 2123 tanto

145 2164 276 2239 deinceps
300 2165 396 2240 majori
411 2181 460 2222 uos
484 2164 614 2221 charitate
638 2160 803 2231 fovebimus,
1286 2224 1293 2238 ο

129 2274 179 2319 ros
190 2260 221 2317 in
232 2259 330 2317 diuinis
343 2260 460 2333 negotiis
472 2257 653 2315 ferventiores
664 2272 724 2313 esse
736 2270 802 2328 pro-
1018 2285 1109 2357 [Anno
1122 2290 1203 2356 ¹074,
1218 2302 1280 2345 xm
1294 2287 1358 2344 Kal·
1370 2285 1495 2359 Aprilis.)

122 2368 153 2459 a,
166 2354 269 2426 fluibus
286 2351 627 2458 ¹¹0¹1ul⁰¹¹¹¹¹¹lsllif¹t¹¹³¹⁹⁹
643 2349 691 2407 Μ
707 2358 735 2406 ⁰t
755 2364 804 2405 ω’
856 2389 1074 2453 fulturarum,
1092 2388 1193 2445 Ausul.
1211 2389 1368 2452 camaldul,
1387 2394 1457 2443 tom.
1473 2388 1512 2454 ll,
1525 2385 1655 2459 appende

123 2462 155 2505 st
173 2463 282 2506 neaeme
296 2446 389 2514 fuerit,
404 2446 552 2511 auxilium,
565 2447 626 2500 Deo
640 2442 801 2515 adjurante,
892 2474 954 2532 pag.
974 2464 1037 2526 2⁴7,
1063 2475 1096 2515 ex
1117 2462 1200 2517 veteri
1221 2460 1381 2518 autbeotico
1400 2458 1503 2517 archivi
1522 2460 1551 2516 b.
1570 2458 1656 2513 Blasii

121 2539 240 2599 abimus.
255 2543 310 2599 Vos
324 2541 407 2612 igitur
420 2539 639 2612 canoipotcntem
650 2536 804 2593 Dominum
892 2530 927 2585 de
943 2528 1101 2598 Fabriano.]

121 2674 129 2702 t
158 2643 191 2692 ¹¹1
212 2636 271 2707 19¹0
284 2633 354 2691 lim
372 2641 401 2691 et
421 2631 565 2689 facultates
587 2630 669 2688 ¹¹0bi⁸
691 2628 801 2689 tribuat,
892 2635 1657 2707 Guseomnsepiseopus,sermsservarumnsi,1tns·

121 2729 270 2799 rssuscepti
282 2727 425 2799 regiminis
436 2724 610 2798 importabile
625 2722 732 2795 pondus
742 2736 803 2793 pos·
855 2743 926 2786 rrco
933 2728 1017 2799 priori
1032 2737 1061 2785 et
1080 2737 1190 2785 cuncta
1203 2729 1263 2802 ejus
1274 2729 1480 2803 congregationi
1492 2729 1528 2785 da
1539 2729 1657 2801 incoqui

120 2821 237 2887 oferare,
248 2828 276 2877 et
290 2828 413 2876 sanctam
425 2817 577 2875 Ecclesiam
592 2816 620 2872 in
634 2823 737 2873 statum
750 2829 804 2869 an·
857 2821 956 2878 dicitur
967 2822 1091 2894 Campus
1102 2821 1249 2889 Amabilis,
1264 2823 1292 2878 in
1303 2832 1476 2895 perpetuum.

121 2914 247 2989 eligionis
260 2914 400 2973 reducere.
419 2912 522 2968 Valere.
894 2915 965 2971 Nulli
979 2914 1102 2971 fidelium
1125 2915 1199 2971 venit
1219 2915 1247 2971 in
1262 2914 1378 2972 dubium
1399 2916 1468 2989 quin
1485 2916 1565 2973 sedes
1588 2931 1656 2989 apo·

383 3017 434 3074 lli.
858 3009 963 3079 stolica,
977 3023 1012 3065 eo
1024 3007 1099 3081 quod
1121 3009 1248 3082 princeps
1267 3015 1295 3066 et
1308 3017 1398 3066 mater
1416 3008 1544 3066 omnium
1563 3010 1656 3067 Eccle-

121 3136 130 3175 ι
146 3121 271 3190 &aporii
292 3122 342 3177 Vll
356 3118 394 3175 ad
406 3120 532 3175 Saucium
543 3131 632 3185 repam
646 3113 840 3195 draccum-C
856 3103 975 3172 siarum,
1000 3102 1132 3159 omnibns
1156 3102 1210 3159 hoc
1223 3102 1288 3175 ¹jure
1315 3110 1343 3160 et
1363 3103 1456 3161 debita
1478 3102 1657 3161 sollicitudine

123 3190 804 3269 “Pssmfl10nttliium·-Gftt⁰tt'11⁸·fitemini·
859 3196 988 3253 Ecclems
1004 3211 1123 3269 praeesse
1144 3195 1253 3264 debeat,
1273 3205 1305 3253 nt
1319 3211 1377 3253 non
1390 3197 1480 3254 solum
1495 3211 1542 3253 eas
1563 3195 1657 3253 catho-

121 3258 806 3401 fflgdeffiffi‘s'g‘mlffissffifflmf,
860 3290 920 3395 ficas
932 3290 1075 3394 religionis
1087 3288 1193 3346 unitate
1210 3289 1368 3358 concludat,
1383 3289 1433 3348 sed
1445 3290 1610 3395 generaliter
1621 3288 1658 3347 ab

121 3420 158 3461 m
183 3406 384 3476 dmm-,mm
415 3406 533 3458 mmm
555 3402 725 3457 ,corgam
750 3413 805 3467 qm,
860 3383 985 3456 hisquae
1003 3389 1171 3439 mutuemus
1193 3390 1401 3453 promoventur,
1420 3397 1470 3440 ma
1494 3390 1659 3441 auctoritate

121 3477 160 3535 ael
171 3492 329 3534 comessores
344 3479 430 3546 ipsius
445 3476 559 3544 eripient
571 3472 604 3527 de
616 3471 740 3527 maulim
753 3470 805 3525 Sa·
860 3475 946 3533 salvet
960 3484 988 3531 ct
1001 3474 1119 3532 muniat.
1132 3477 1209 3532 inter
1221 3490 1290 3546 quas
1305 3484 1399 3532 mmen
1413 3476 1569 3548 complures
1580 3476 1657 3533 inve-

121 3562 213 3616 m‘
223 3549 265 3604 vel
276 3564 343 3618 qm
359 3550 415 3633 ipss
428 3549 456 3601 ²⁸¹²
466 3560 547 3630 “9²²⁰
561 3558 608 3599 ⁵¹²⁰
623 3541 804 3626 “mmm‘'
859 3570 984 3638 ninatur,
996 3584 1059 3642 qum
1072 3566 1183 3641 speciali
1194 3584 1226 3626 ac
1240 3570 1351 3641 propria
1371 3567 1615 3627 commendatione
1628 3568 1659 3625 in

121 3634 147 3675 ss
165 3620 305 3675 duaiaaat
328 3616 522 3688 episcopalibus
550 3616 677 3683 acceptas.
700 3642 733 3651 -
756 3614 806 3667 lie·
1013 3662 1019 3674 ,
1196 3661 1202 3674 ,
1348 3663 1354 3675 ,

121 3694 174 3747 lom
187 3691 340 3747 esurclrioo
354 3691 425 3757 sepio
444 3687 633 3744 Barciaouerrsl
646 3684 718 3738 ultro
736 3683 807 3736 mibi
859 3664 973 3720 lutelim
995 3662 1119 3735 ⁰iu⁸l¹0m
1146 3662 1218 3720 ΜΕ
1238 3662 1397 3736 ⁸P⁰st⁰¹¹⁰²
1421 3679 1451 3720 ὅθ
1470 3663 1658 3733 mummia

121 3764 350 3834 compromiserat
363 3764 407 3814 vir
420 3775 563 3829 carenam
582 3757 649 3812 sads
659 3755 807 3809 milicem·
860 3765 891 3812 ut
902 3754 1013 3829 speciali
1030 3755 1164 3813 charitate
1176 3756 1308 3813 etstcdio
1324 3772 1382 3815 suae
1398 3756 1498 3815 matris
1516 3756 1660 3829 amplectae

121 3832 213 3889 ’ωδ
229 3837 323 3889 mm
334 3832 367 3887 de
381 3833 479 3914 Mami
491 3830 692 3914 i⁸¹⁴i⁶ri⁸⁸im¹⁴⁸
708 3826 806 3908 ‘mii'
860 3851 1013 3907 securiores
1038 3857 1068 3906 et
1085 3848 1227 3906 liberiores
1248 3848 1286 3906 ab
1304 3851 1379 3907 omni
1402 3849 1577 3908 infestatione
1589 3864 1657 3907 con·

121 3918 182 3975 rpus
202 3904 346 3960 Tolosatem
368 3907 393 3958 at
408 3905 580 3958 Parasceasts.
600 3899 669 3955 Vide
681 3897 806 3968 pabiscus
876 3943 882 3954 .

121 3988 223 4047 eccae
234 3975 387 4031 mimis
403 3974 480 4029 ettam
490 3973 605 4034 rasum,
614 3986 645 4041 p.
661 3973 714 4026 ars
725 3969 808 4023 euro
860 3950 1000 4001 ⁸¹⁸20r0nt·

121 4060 263 4119 mm
278 4046 454 4105 mmmm
467 4047 571 4100 Mami.
896 4041 980 4109 0⁰⁸⁸,
1003 4043 1036 4093 ”t
1049 4035 1162 4109 dignum
1176 4046 1246 4106 erat,
1270 4036 1307 4094 ita
1332 4037 1361 4093 in
1375 4052 1427 4095 suo
1452 4037 1513 4095 sinu
1528 4039 1660 4095 Romans-

315 4140 404 4211 (Anno
421 4143 511 4202 1073.)
861 4130 983 4201 suscepit
1005 4129 1135 4198 Ecclesia,
1161 4137 1295 4204 tantaque
1321 4130 1441 4204 protexit
1459 4129 1580 4204 undique
1598 4129 1660 4187 dili·

201 4236 324 4303 [Massa
343 4232 443 4292 cmrail.
458 4233 526 4295 XX,
544 4231 619 4297 osa]
861 4224 970 4295 gentis,
984 4232 1017 4281 nt
1029 4223 1157 4281 omnibus
1171 4232 1333 4281 ornamenta
1348 4233 1506 4297 prestaret,
1520 4223 1661 4282 nonnullis

385 4338 435 4393 pv,
863 4331 971 4390 quoque
987 4316 1105 4390 gratiam
1119 4314 1258 4374 conferret
1269 4317 1503 4390 amplificationis.
1519 4318 1605 4390 cajus
1617 4317 1659 4374 rei

121 4437 185 4506 mg
203 4435 326 4507 mmor,
355 4433 400 4491 Ad
423 4434 543 4491 onom
565 4433 716 4503 ,prmum
741 4430 808 4487 pon.
863 4409 1076 4481 plurimanobis
1092 4409 1216 4482 exempla
1233 4410 1401 4467 sanctissimi
1416 4411 1466 4467 riri
1479 4424 1660 4483 processores

121 4510 230 4565 umes.
247 4536 284 4549 --
302 4512 341 4565 De
356 4508 485 4576 episcopis
505 4506 673 4561 simoniacis.
821 4501 949 4563 [inostri
964 4502 1147 4576 reliquerunt,
1162 4502 1208 4575 qui
1233 4509 1297 4560 ante
1313 4518 1367 4560 nos
1379 4503 1409 4559 in
1431 4518 1475 4570 ea,
1487 4517 1572 4575 quam
1585 4502 1659 4559 dixi-

308 4599 402 4671 <Anno
427 4602 519 4665 1074.)
862 4613 935 4667 mus,
949 4597 1101 4669 apostolica
1114 4594 1178 4653 sade
1191 4594 1326 4670 fulgentes
1339 4611 1389 4668 pro
1403 4595 1510 4654 bonore
1521 4595 1657 4654 Ecclesia·

857 2108 1032 2178 Prioilepium
1043 2110 1169 2180 Gregorii
1182 2110 1235 2237 Vflf
1241 2126 1322 2196 pape
1333 2126 1385 2183 pra
1399 2112 1495 2167 aenio
1508 2108 1654 2169 mausu-

1227 2198 1284 2238 erest

130 4694 254 4767 [Banna.
273 4694 385 4751 lfisccll.
400 4693 467 4750 edit.
483 4695 551 4748 Luc.
565 4693 600 4759 ll,
613 4692 688 4758 ²³2]
861 4707 925 4748 rum
938 4690 989 4747 Dei
1003 4698 1031 4747 et
1045 4705 1140 4747 earum
1160 4688 1324 4747 exaltatione
1340 4691 1429 4764 mags
1440 4705 1524 4763 quam
1537 4705 1589 4763 pro
1602 4690 1660 4745 sita

121 4782 808 4859 marasepisoopus,servusservorumDei,dilecto
862 4793 910 4840 aust
925 4785 1013 4841 salute
1030 4799 1079 4841 sua
1094 4783 1202 4840 solliciti
1218 4781 1340 4840 fuerunt.
1356 4784 1491 4841 Novimus
1508 4784 1583 4842 enim
1597 4798 1659 4841 mo·

121 4890 166 4941 sto
179 4881 257 4938 fratri
272 4884 395 4940 Osncnr
409 4879 613 4937 constantiensi
622 4878 751 4950 episcopo
764 4890 808 4933 sa·
862 4877 979 4935 nameus
997 4877 1112 4951 plurima
1130 4885 1158 4934 ct
1176 4885 1274 4936 caetera
1293 4876 1365 4935 bona
1381 4878 1577 4948 emissiastice,
1595 4893 1659 4951 quae

121 4977 335 5050 eapostolicam
348 4974 577 5032 benedictionem.
863 4989 878 5029 a
907 4972 1040 5045 religiosis
1062 4972 1130 5027 siris
1153 4971 1190 5028 ad
1210 4972 1396 5043 patrocinium
1419 4980 1447 5030 st
1469 4971 1659 5030 defensionem

121 5070 180 5127 ntis
207 5070 369 5127 annuorum
392 5079 502 5126 tuorum
534 5067 694 5125 festinanter
719 5063 809 5122 redire
862 5064 1106 5138 apostolicaesedis
1124 5074 1190 5122 sunt
1204 5064 1306 5134 delata,
1321 5082 1386 5123 cum
1401 5080 1513 5122 summa
1527 5066 1660 5122 charitate

121 5179 161 5221 un
176 5179 235 5221 non
250 5161 374 5236 permisit
390 5179 441 5219 nos
456 5161 617 5218 fraternitati
632 5169 689 5216 tuae
702 5173 764 5231 qna
780 5160 808 5213 in
862 5159 897 5214 ab
913 5159 968 5215 illis
994 5166 1131 5232 suscepta,
1151 5166 1180 5215 ct
1197 5159 1340 5233 privilegio
1356 5159 1514 5233 apostolica
1527 5156 1661 5216 defensio

121 5255 257 5331 {synodo
277 5256 426 5314 mastitnta
445 5263 511 5312 sunt
524 5255 646 5311 seriatim
666 5253 806 5309 intimare.
862 5252 1085 5325 nisqnasimuro
1097 5252 1205 5309 mnnita
1224 5252 1393 5310 limuissimc.
1410 5255 1554 5326 loquare
1575 5266 1660 5325 quam

121 5366 187 5409 men
201 5348 359 5407 necessario
380 5349 431 5406 tibi
444 5348 591 5405 scribendo
604 5347 664 5404 fore
682 5345 809 5402 arbitrati
863 5347 917 5418 pie,
932 5362 1014 5418 quarn
1028 5354 1121 5403 sancte
1137 5345 1261 5413 fecerint,
1279 5347 1431 5403 stillarum
1445 5346 1524 5403 nobis
1537 5344 1661 5403 ostendit

132 5460 186 5503 nos
201 5444 281 5517 justa
303 5442 493 5501 auctoritatem
508 5446 667 5499 sanctorum
693 5442 807 5496 Petrum
862 5441 959 5513 gloria,
974 5450 1002 5497 ct
1015 5440 1102 5513 ipsius
1114 5440 1154 5496 rei
1166 5448 1224 5495 tam
1234 5439 1375 5497 fructuosa
1388 5440 1484 5513 gratia.
1501 5441 1572 5496 llam
1592 5454 1659 5496 cum

121 5554 160 5597 ern
172 5538 280 5612 synodo
295 5538 460 5597 sententiam
482 5535 588 5593 dedisse
608 5544 642 5591 ut
660 5533 687 5590 hi
701 5533 746 5606 qui
761 5548 809 5605 per
862 5535 979 5590 oratoria
991 5534 1021 5589 in
1032 5542 1133 5605 peccet
1144 5534 1344 5606 tranquillitate
1356 5528 1520 5600 consistunt,
1535 5541 1564 5589 et
1576 5532 1662 5589 eccle·

121 5632 347 5699 mmbaeresim,
363 5632 417 5688 boc
432 5639 484 5699 est,
498 5630 651 5686 interventu
668 5628 757 5699 pretii,
772 5625 809 5683 ad
861 5628 971 5684 siastica
993 5626 1122 5684 beneficia
1147 5642 1281 5700 pauperes
1307 5627 1407 5684 Christi
1433 5626 1568 5695 metuunt,
1589 5627 1661 5680 laus

121 5742 137 5785 a
156 5740 301 5785 ncrorum
324 5724 455 5783 ordinem
478 5723 596 5796 madum
616 5722 656 5779 rel
684 5718 808 5777 officium
861 5725 921 5777 Deo
933 5720 1016 5793 digna
1029 5721 1211 5793 depromitur,
1227 5728 1255 5776 et
1269 5720 1389 5776 remedia
1407 5726 1583 5791 pcccatorum
1597 5723 1657 5770 tam

121 5819 137 5879 i
153 5828 241 5889 -snot,
263 5819 370 5876 nutum
384 5818 414 5875 in
432 5826 526 5875 sancta
551 5815 670 5873 Ecdmia
695 5815 810 5872 ulterius
862 5814 930 5870 rivis
943 5830 1030 5887 quam
1049 5814 1134 5872 etiam
1146 5812 1284 5871 defunctis
1295 5813 1340 5885 pic
1353 5810 1559 5883 irrependnnmr.
1574 5804 1661 5865 Unde
