3870 6164
144 286 213 341 sier
597 271 740 342 seusun.
761 288 804 343 ιιι.
824 288 1334 374 -11888118811888888881,
1720 294 1787 350 li58

140 408 255 482 poribus
266 408 338 466 infra
347 409 530 483 quadraginta
542 424 632 466 annos
645 408 781 468 celebrata
789 413 934 485 reperiun-
946 415 976 480 A
988 414 1053 486 quia
1064 414 1143 488 juxta
1150 414 1336 473 assertionem
1349 416 1377 473 S.
1394 415 1542 489 Augustini
1552 417 1643 475 omnis
1661 416 1786 476 18111811-
1828 388 1836 407 ’

141 510 197 570 tur,
211 501 287 574 quod
307 503 373 559 anni
395 504 430 560 ab
444 502 557 561 exordio
584 502 762 576 pontificatus
783 507 813 562 8.
837 505 936 564 188818
989 521 1038 564 eus
1060 522 1173 565 securm
1187 522 1251 566 eam
1268 507 1486 576 detestatm,cui
1502 507 1654 568 Ecclesiam
1671 512 1786 571 univer·

138 597 201 668 (tx)
215 611 294 668 papa
305 611 392 670 usque
414 597 442 654 in
458 605 623 669 pensantem
636 613 740 655 anuum
754 600 937 668 (148618881-
989 599 1076 658 salem
1101 602 1130 658 iu
1153 601 1311 675 apostolicis
1326 600 1438 660 sedibus
1456 603 1618 661 roboratam
1639 619 1697 661 non
1709 618 1787 663 com·

61 718 88 775 ',
140 698 283 762 putantur,
309 689 356 763 qui
378 697 423 747 est
446 689 481 747 ab
497 691 690 749 lncarnatione
716 692 828 749 Domini
855 681 934 751 1088.
989 694 1132 752 manicare
1155 695 1308 770 cognoscit.
1332 698 1403 752 item
1430 696 1602 770 Augustinus
1633 697 1663 765 (1.
1680 711 1726 755 ιιι
1749 703 1786 756 118
1863 712 1869 730 ‘

139 784 223 842 Unde
251 792 279 841 81
312 783 403 841 adhuc
436 783 517 841 multi
541 784 635 841 vivunt
662 786 708 858 qui
746 784 849 843 eisdem
873 802 937 844 con·
991 788 1132 859 baptism„
1145 804 1205 862 cap.
1220 789 1330 858 18);11
1340 793 1441 853 cutem,
1454 788 1553 862 inquit,
1566 791 1667 860 (11888
1687 806 1786 848 securis

141 877 209 934 ciliis
223 876 479 951 iuterfueruntqni
492 885 520 935 et
541 877 669 936 nobisde
691 877 793 937 eisdem
814 881 936 940 conciliis
988 884 1059 937 vocis
1096 897 1218 938 emerere
1255 886 1304 947 est,
1332 882 1403 952 quod
1443 884 1476 938 18
1511 883 1702 952 commotione
1735 888 1786 941 118·

138 969 298 1029 fidelissime
317 971 457 1029 1881118811
473 977 547 1029 8881.
562 971 678 1030 Ultimas
691 987 802 1046 quoque
815 974 935 1047 generali
988 977 1058 1030 mini
1069 977 1216 1032 1181888181
1230 983 1256 1032 et
1272 977 1422 1032 8818818818
1436 977 1499 1032 lesu
1510 975 1613 1032 0181811
1623 979 1786 1034 8818888118

139 1064 244 1140 synodo
259 1066 310 1122 sub
321 1065 457 1138 Gregorio
471 1080 539 1138 papa
549 1066 669 1139 septime
688 1082 762 1124 anno
779 1069 936 1126 Dominicis
987 1069 1112 1124 11881818
1121 1072 1288 1124 commuuione
1306 1069 1460 1124 roboratum
1471 1073 1522 1124 est.
1537 1069 1705 1142 Hocutique
1728 1069 1786 1143 qui·

140 1157 336 1216 incarnationis
353 1164 432 1227 1081,
447 1174 500 1215 888
513 1158 565 1231 ipsi
592 1157 769 1217 interfuimus
793 1165 895 1231 (1481),
908 1169 936 1219 81
988 1161 1054 1219 libet
1067 1161 1225 1219 catholicus
1231 1160 1393 1232 simpliciter
1405 1162 1516 1234 sapiens
1522 1170 1550 1220 et
1562 1162 1704 1235 sapienter
1718 1164 1786 1219 sim-

140 1251 268 1321 ridimus,
286 1251 395 1325 quando
423 1251 634 1326 beringeriusin
647 1252 739 1311 media
750 1254 857 1327 synode
870 1271 936 1313 con-
989 1254 1054 1328 plex
1075 1255 1145 1313 dum
1158 1254 1277 1313 fideliter
1289 1254 1419 1324 attendit,
1435 1254 1620 1312 cavillationes
1642 1256 1787 1314 baeretico-

138 1345 220 1415 stitit,
236 1354 264 1403 et
284 1344 413 1402 haeresim
426 1344 461 1402 de
474 1359 592 1418 corpore
611 1345 736 1416 Domini,
762 1347 833 1405 sicut
850 1364 933 1422 supra
987 1364 1061 1417 ruini,
1076 1364 1197 1422 quorum
1211 1357 1343 1406 serment
1360 1363 1458 1405 cancer
1471 1349 1567 1421 serpit,
1587 1351 1671 1406 etiam
1690 1349 1786 1409 audire

139 1438 644 1513 diximus,coramumntbuspropria
654 1452 934 1503 manussaeramento
986 1441 1167 1511 contemnit3
1194 1440 1262 1499 dum
1272 1451 1382 1498 mutum
1402 1457 1516 1500 securus
1532 1442 1568 1499 sit
1588 1441 1655 1514 quid
1674 1442 1786 1501 eredere

139 1532 274 1590 abdicavit
298 1533 447 1590 :videlicet
466 1531 518 1589 siib
535 1534 680 1605 prasentia
702 1535 828 1609 Gregorii
843 1553 932 1610 papae,
985 1534 1084 1593 debeat
1106 1535 1186 1608 juxta
1207 1535 1255 1592 88.
1277 1538 1391 1592 Petrum
1418 1534 1624 1593 attestationem
1648 1536 1786 1594 nniversa-

139 1625 263 1682 lieinriei
275 1625 437 1697 patriarcha
445 1625 639 1699 Aquileiensis,
660 1631 934 1690 straverentissimo·
989 1628 1044 1685 leni
1059 1629 1190 1687 Ecclesiae
1216 1629 1443 1686 consensionem.

139 1736 202 1777 rum
213 1721 404 1793 episcoporum
423 1721 499 1777 Petri
506 1720 678 1791 uthinensis,
695 1725 725 1779 11.
740 1725 865 1783 anselmi
875 1727 933 1784 Lu·
1021 1724 1072 1779 ttt.
1084 1725 1119 1779 Et
1130 1737 1181 1779 uos
1193 1737 1305 1794 quoque
1316 1720 1477 1795 hujusmodi
1499 1721 1669 1795 simplicibus
1691 1723 1719 1779 in
1732 1722 1785 1780 hae

138 1814 236 1884 888818,
250 1813 378 1870 Landulli
391 1812 426 1870 de
449 1815 522 1882 Pisa,
546 1814 704 1888 Reginherii
724 1816 759 1875 de
781 1820 932 1890 Florentia,
950 1808 974 1872 B
988 1814 1116 1873 schedula
1129 1804 1286 1873 satisfacere
1299 1814 1505 1888 proposuimus,
1518 1814 1647 1874 videlicet
1657 1817 1785 1874 testimo·

138 1907 265 1979 lingonis
273 1906 392 1978 11188818,
399 1907 541 1964 altmanni
548 1908 728 1980 Pataviensis,
736 1920 764 1968 et
769 1912 936 1985 reliquorum
990 1908 1036 1964 nia
1049 1910 1096 1966 ss.
1118 1910 1231 1966 Petrum
1250 1908 1284 1967 de
1305 1908 1418 1965 veritate
1431 1908 1555 1980 corporis
1567 1909 1706 1968 Dominici
1719 1911 1786 1968 sim·

137 2008 248 2057 unium
263 2000 462 2073 quinquaginta
485 2001 679 2075 episcoporum
701 2004 874 2063 etabbatum
893 2016 937 2076 ,et
989 1995 1095 2075 pliciter
1106 2009 1302 2075 proponentes,
1316 2010 1344 2059 et
1358 2000 1504 2076 synodales
1514 2003 1720 2076 nonagenaria
1728 2003 1785 2062 ha·

137 2092 377 2150 innumerabilium
393 2094 568 2152 clericorum.
990 2110 1082 2153 reseos
1101 2093 1289 2153 damnationes
1324 2094 1440 2153 fideliter
1463 2095 1655 2154 subnectentes
1681 2103 1783 2165 (1488).

172 2188 211 2242 X.
236 2188 344 2243 Horum
354 2186 438 2258 igitur
454 2187 636 2246 conciliorum
647 2198 705 2248 tani
717 2192 890 2265 generalium
908 2201 937 2252 et
989 2190 1046 2246 Nec
1056 2188 1244 2245 necessarium
1259 2186 1340 2245 nobis
1353 2186 1505 2258 videbatur,
1524 2194 1555 2246 ut
1566 2189 1720 2262 singulares
1733 2192 1785 2248 Be·

140 2277 291 2349 apostolica
302 2280 464 2336 auctoritate
479 2287 538 2335 tam
553 2281 742 2355 principaliter
759 2283 935 2342 firmatorum
988 2279 1102 2351 ringerii
1115 2280 1222 2336 nenias
1249 2294 1486 2348 enumeraremus,
1501 2288 1530 2338 et
1544 2290 1718 2353 enumqstas
1734 2283 1787 2339 siu·

139 2369 294 2427 sanctiones
302 2379 394 2426 conus
406 2371 630 2444 beringerianam
643 2372 773 2431 heresim
786 2375 936 2434 uobissul·
989 2371 1117 2443 gulariter
1138 2370 1365 2428 annullaremus:
1388 2373 1541 2444 praesertim
1567 2390 1633 2431 cum
1658 2375 1786 2432 eruditis·

139 2462 221 2519 licere
238 2461 349 2533 dehent,
363 2479 427 2521 cum
441 2465 489 2522 88.
504 2467 600 2522 Patres
610 2466 693 2522 etiarn
708 2467 790 2523 unius
801 2469 936 2541 generalis
988 2462 1049 2519 timi
1062 2461 1191 2520 docturus
1211 2462 1393 2529 mitanensi
1412 2463 1536 2537 iuquam,
1554 2474 1582 2522 tt
1603 2467 1787 2536 Christianum

137 2555 247 2613 concilii
287 2555 482 2614 auctoritatem
510 2566 606 2615 unni
628 2559 780 2632 quamlibet
807 2560 935 2619 heresim
989 2555 1071 2612 ambo
1099 2556 1232 2627 reiigione
1259 2564 1288 2612 et
1306 2555 1458 2614 emutaone
1477 2556 1702 2618 ehisuantnimi
1725 2577 1783 2618 non

137 2647 264 2707 sulficere
276 2658 432 2719 censerent,
451 2649 528 2724 quod
554 2660 646 2708 181888
658 2653 808 2710 concilium
829 2657 936 2712 itoma-
990 2646 1080 2705 mulio
1099 2655 1163 2720 11011
1171 2648 1294 2719 episcopi
1315 2652 1416 2717 (¹⁴8⁹),
1438 2647 1474 2706 de
1503 2649 1548 2707 hit
1570 2654 1786 2713 enucleatissime

138 2759 191 2799 mig
215 2742 337 2815 pontifex
354 2760 412 2801 non
426 2758 476 2816 per
490 2760 531 2813 ,8,
546 2745 593 2802 ης)
615 2761 664 2817 par
678 2761 743 2804 suoi
760 2747 862 2820 legatos
888 2746 935 2805 fir.
988 2739 1155 2812 scripserint,
1172 2748 1199 2797 et
1219 2738 1342 2813 singulas
1356 2739 1518 2797 authenticis
1539 2743 1692 2802 redonibus
1716 2747 1787 2803 invi·

135 2844 247 2893 masset.
268 2835 311 2892 Sic
323 2837 399 2894 euim
419 2836 564 2895 uicenam
581 2838 731 2896 concilium
743 2848 839 2897 eontm
854 2841 935 2897 Aria·
989 2833 1110 2891 ctissime
1134 2833 1352 2906 proscripseriut.
1375 2833 1488 2892 illorum
1507 2833 1608 2908 quippe
1627 2834 1692 2893 libri
1704 2839 1786 2896 euim

137 2944 199 2997 nos,
213 2930 552 3003 constantinopolitanum
584 2939 680 2988 eontra
707 2932 934 3003 macedonianos,
989 2926 1184 2985 curiosissimis
1201 2925 1426 3000 perquisitoribns
1448 2925 1576 2985 sufficere
1602 2938 1728 3001 pessunt,
1756 2940 1787 2989 ut

136 3021 305 3095 Ephesiniim
319 3031 415 3080 contra
430 3023 620 3094 Nestorianos,
636 3025 936 3085 Chalcedonensecon·
989 3020 1108 3094 singulas
1125 3020 1362 3094 tergiversationes
1385 3019 1538 3094 beringerii
1562 3019 1786 3096 deprehendant,

110 3103 179 3172 'tra
207 3115 425 3190 uuiyctitanistas
445 3115 570 3174 sullicsre
602 3125 788 3180 statuerunt:
816 3135 955 3193 quorum·
990 3122 1018 3171 et
1035 3113 1133 3187 quibus
1142 3111 1293 3172 rauonibus
1318 3113 1463 3171 annullatae
1489 3113 1555 3184 siut,
1584 3126 1787 3189 consequenter
1845 3151 1848 3156 -

137 3208 244 3267 nullum
268 3210 543 3282 ltomauipontilices
556 3227 647 3283 perse
665 3211 713 3270 sed
726 3228 774 3285 per
786 3228 851 3282 spos
864 3213 935 3288 lega·
989 3209 1229 3280 agnoscentium
1248 3206 1627 3281 cubil¹¹⁰0⁰⁸⁸³¹i¹¹¹¹¹s¹¹st¹¹t
1652 3223 1703 3268 ⁰⁰⁸
1726 3210 1786 3268 ¹¹¹⁸*

137 3310 180 3360 tos
198 3306 446 3361 canonizaverunt.
460 3305 551 3362 Multo
562 3307 650 3377 magis
662 3320 727 3378 ergo
738 3306 822 3363 nobis
841 3305 935 3378 plures
986 3301 1043 3375 jttu
1056 3301 1257 3374 aliquantulum
1271 3299 1373 3373 sopitas
1389 3308 1417 3357 ut
1440 3301 1469 3356 iu
1490 3308 1626 3360 aternum
1638 3302 1784 3374 sepiendus

136 3394 233 3468 synodi
245 3396 385 3466 generales
397 3402 492 3453 contra
508 3412 594 3453 unam
606 3397 694 3454 solam
714 3396 935 3455 1818188811-
988 3392 1174 3451 enumerando
1223 3392 1438 3462 suscitamus,
1471 3400 1505 3451 et
1536 3403 1599 3467 pust
1636 3395 1782 3469 synodicas

137 3502 200 3545 cere
216 3486 327 3558 debent,
341 3488 443 3562 qiiibus
466 3490 524 3561 ipse
538 3490 657 3546 Romani
679 3491 823 3562 pontillces
845 3494 934 3549 inter·
988 3486 1178 3545 damnationes
1195 3485 1294 3544 iterum
1306 3500 1372 3544 cum
1397 3486 1438 3544 eis
1469 3487 1668 3546 catholicorum
1703 3504 1784 3547 aures

139 3581 265 3651 luerunt,
289 3589 316 3638 et
348 3583 422 3655 ipsas
458 3583 666 3655 presentialiter
699 3584 849 3657 apostolica
886 3601 934 3642 au·
988 3578 1204 3638 offenderemus.

136 3676 264 3732 ctoritate
283 3675 484 3733 firmaverunt:
506 3677 660 3749 prasertim
683 3693 748 3734 cnm
773 3677 824 3751 ipsi
839 3679 867 3735 in
892 3686 936 3737 tot
1022 3673 1091 3730 xll.
1106 3674 1173 3730 1188
1186 3672 1323 3730 antemio
1338 3672 1392 3731 lide
1410 3672 1549 3732 schedula
1568 3674 1780 3748 simplicioribus

136 3768 249 3841 synodis
262 3769 297 3825 ab
315 3770 436 3827 invicem
458 3785 515 3827 uon
528 3769 751 3843 discrepaverint,
767 3771 815 3831 sed
837 3787 934 3831 omnes
987 3765 1129 3833 fratribus,
1145 3766 1232 3824 11011ῐί
1260 3766 1374 3839 iuquam
1397 3766 1533 3825 similibus
1549 3771 1640 3836 (11901
1659 3766 1780 3826 stultiut

136 3863 303 3920 unanimiter
313 3862 539 3936 nonagenariam
553 3863 680 3922 barusim
694 3863 722 3920 tn
736 3864 851 3923 diversis
868 3881 933 3925 con
986 3858 1197 3932 premonitione
1212 3859 1400 3934 suggerimus,
1420 3867 1452 3916 ut
1465 3859 1669 3934 diligentissima
1685 3863 1782 3936 8881-
1863 3938 1867 3943 .

136 3954 205 4011 ciliis
229 3953 280 4011 sub
304 3955 481 4013 anathemate
502 3955 704 4015 damnaverint.
739 3957 933 4018 indubitanter
985 3950 1233 4026 dsuntueutltiflm
1241 3951 1379 4011 herulis&
1391 3953 1560 4026 persuasioni
1577 3960 1674 4012 contra
1691 3955 1783 4013 esthu

137 4061 203 4102 sane
217 4046 329 4104 cuilibet
342 4047 483 4106 catholieo
509 4050 556 4123 qui
579 4065 635 4107 non
650 4065 733 4108 omne
755 4050 830 4124 quod
846 4051 933 4109 credit
985 4045 1067 4103 licam
1079 4054 1108 4103 et
1125 4045 1304 4118 apostolicam
1325 4044 1409 4103 iidem
1425 4047 1590 4116 amentiam,-
1613 4062 1680 4103 nam
1702 4048 1782 4122 juxta

137 4137 291 4197 rationibus
316 4140 550 4215 comprehendere
572 4142 732 4216 quaeritat
755 4142 933 4202 lideshabeat
986 4138 1782 4211 188881881881881888188888811881888818888888·

137 4232 931 4309 [8881888881888888181188881818188118881881,
985 4231 1121 4305 plectitur,
1148 4237 1176 4289 et
1191 4230 1270 4302 juxta
1284 4232 1318 4287 tt.
1334 4231 1477 4290 Gelasium
1501 4244 1600 4289 omnes
1620 4232 1780 4304 complices,

136 4324 182 4381 illa
202 4326 316 4398 inquam
337 4326 469 4385 catholica
484 4336 526 4386 181
551 4329 687 4402 generalia
708 4330 868 4402 apostolicae
885 4346 934 4387 au·
985 4331 1134 4383 sectatores
1150 4331 1177 4380 et
1192 4322 1447 4381 communicatores
1455 4322 1593 4382 damnata
1612 4324 1697 4381 semel
1725 4340 1782 4398 pra·

136 4417 273 4474 ctoritatis
295 4419 410 4476 concilia
436 4429 533 4479 eontra
555 4422 762 4480 hanchaoresim
784 4421 930 4489 sulliciaut,
986 4416 1076 4475 vitalis
1088 4417 1147 4490 pari
1157 4423 1233 4475 sorte
1244 4422 1406 4486 censentur3
1421 4424 1448 4473 et
1464 4414 1544 4488 juxte
1558 4417 1587 4474 S·
1602 4414 1780 4476 Ambrosium
1867 4479 1868 4483 ,

947 4517 974 4581 l)

170 4680 264 4745 (1488)
274 4678 334 4747 Quo
348 4679 453 4736 scilicet
469 4678 527 4736 haec
540 4681 643 4752 scripta
656 4690 731 4737 sunt.
983 4680 1103 4738 etatiilus
1116 4679 1151 4736 de
1167 4679 1313 4754 beringerii
1327 4679 1505 4737 damnatione
1519 4677 1631 4736 nonnisi
1647 4680 1782 4754 appendis

171 4752 263 4816 (1481)
275 4751 354 4805 Patet
375 4748 441 4807 hinc
455 4751 526 4807 ratio
551 4766 600 4807 cur
618 4751 769 4808 bernoldus
789 4752 818 4809 18
838 4754 927 4811 Chro·
983 4759 1102 4809 erataut
1113 4749 1402 4834 praenuntiantium
1413 4750 1487 4807 illius
1506 4751 1534 4807 in
1551 4751 1652 4835 pravis
1675 4752 1782 4809 monito

135 4819 197 4875 nico
210 4819 333 4876 auctiore
348 4818 382 4877 de
392 4821 446 4879 ista
455 4820 560 4894 synodo
574 4820 641 4878 anni
666 4821 811 4879 1811118118
827 4824 929 4881 181818-
983 4824 1184 4895 deploravimus
1208 4821 1283 4894 quod
1297 4820 1512 4893 deprehendisse
1525 4820 1596 4879 mihi
1618 4822 1693 4880 risus
1717 4837 1781 4879 sum

135 4889 180 4953 rit,
202 4905 263 4962 quae
274 4892 400 4964 nuspiam
422 4892 487 4947 alibi
510 4892 649 4964 leguntur,
665 4908 698 4949 ac
711 4891 854 4951 manifeste
865 4910 930 4952 ocu·
984 4894 1013 4950 11
1027 4893 1125 4976 881881
1141 4864 1235 4950 codice
1246 4893 1461 4976 weingartensi,
1483 4892 1512 4948 in
1527 4908 1584 4976 quo
1603 4892 1782 4975 aliaeparitep

136 4961 219 5016 larem
235 4962 316 5033 eique
330 4971 496 5034 praesulem
511 4971 608 5021 testem
620 4963 749 5037 produnt.
760 4962 929 5023 Crediderim
983 4964 1111 5022 Bernaldr
1134 4963 1337 5020 lucubrationes
1349 4979 1474 5034 superius
1492 4963 1573 5022 edita
1596 4969 1781 5029 conunentur,

134 5031 303 5090 bernaldum
312 5048 508 5091 eeucanoniini
518 5034 717 5107 peritissimum
733 5036 852 5092 Romam
866 5052 930 5109 per-
984 5036 1031 5095 ubi
1043 5034 1546 5107 1888188188]818888811118188188,
1559 5034 1784 5107 reperi,qu0rum

134 5101 239 5160 venisse
254 5103 424 5162 incomitata
439 5106 496 5162 sive
517 5106 674 5162 1118818881
697 5106 864 5164 pataviensis
877 5109 930 5192 epi·
984 5108 1089 5180 primm
1112 5106 1172 5162 sine
1198 5106 1281 5163 titulo
1295 5105 1412 5178 incipit:
1428 5111 1466 5164 lle
1483 5122 1593 5179 corpore
1616 5104 1782 5160 1188181818

134 5173 211 5245 scopi
237 5181 265 5231 81
290 5174 370 5246 legati
393 5174 545 5246 apostolici,
567 5177 623 5233 sira
643 5175 752 5234 abbatis
773 5176 928 5250 sagiensis,
984 5183 1132 5250 opportune
1158 5177 1267 5233 uidetur
1287 5193 1305 5231 8
1324 5178 1432 5243 eodum
1460 5185 1530 5242 etc,
1548 5175 1576 5231 ia
1602 5187 1658 5244 quo
1683 5171 1782 5231 eadem

134 5260 219 5315 quem
242 5243 343 5317 pariter
359 5244 394 5303 81
412 5246 487 5304 illam
513 5245 648 5320 synodum
670 5246 821 5320 perrexisse
836 5249 932 5307 scribit
984 5264 1092 5323 quoque
1114 5248 1268 5320 berengarii
1295 5195 1430 5320 aiijuratio
1465 5252 1553 5329 exstat
1575 5262 1593 5324 :⁸
1608 5244 1676 5326 alter
1707 5259 1784 5329 vero,

134 5316 164 5372 in
176 5316 308 5373 chronico
328 5317 448 5375 auctiore
465 5317 501 5375 ad
521 5333 545 5375 e.
560 5334 587 5375 a.
608 5322 699 5393 Atque
717 5319 770 5375 hae
788 5319 931 5378 oecasione
985 5335 1034 5377 seu
1049 5320 1211 5389 ansuooes
1235 5320 1269 5374 de
1292 5335 1399 5392 corpore
1412 5320 1529 5378 nomme
1553 5329 1650 5385 prioris
1671 5329 1783 5372 nonnisi

134 5386 273 5457 Gregorio
288 5402 365 5459 papae
379 5387 529 5447 1888181888
549 5388 655 5447 videtur
669 5388 833 5457 Bernaldus,
854 5391 932 5464 eujus
986 5390 1158 5448 continuatio
1179 5396 1232 5447 est.
1248 5391 1317 5448 Cum
1342 5405 1409 5447 vero
1428 5394 1525 5443 neuter
1539 5399 1642 5442 nomen
1662 5386 1784 5444 auctoris
1864 5408 1867 5413 ·

134 5455 201 5511 dein
214 5457 293 5526 jussu
304 5472 369 5513 ann.
383 5464 453 5517 1884
467 5460 504 5517 ab
523 5461 624 5518 011888
642 5461 730 5534 legato
754 5461 896 5535 presbyter
905 5470 934 5519 et
986 5460 1125 5590 praeierat,
1147 5474 1181 5518 ac
1200 5461 1312 5534 imuper
1337 5477 1354 5518 a
1378 5457 1448 5530 stylo
1467 5454 1596 5512 bernaldi
1623 5456 1784 5525 abhorreat,

136 5525 755 5658 i'ffiffitiiio'iiffiffiumimffinm'
779 5540 811 5590 ut
823 5531 881 5606 ipse
899 5532 934 5590 de
1008 5533 1034 5590 ic
1047 5531 1292 5591 inserendoshaud
1317 5529 1455 5596 duximus,
1467 5526 1517 5583 etsi
1533 5527 1593 5584 1888
1605 5527 1712 5599 publica
1738 5528 1781 5587 ds.

175 5668 267 5732 (1488)
286 5668 431 5726 simam
449 5671 459 5727 i
478 5669 532 5726 'tur
545 5671 620 5729 alind
631 5672 935 5746 Beroaldiopuseulum
989 5618 1319 5747 ει,111188111811181818
1337 5675 1434 5727 881818
1444 5685 1525 5744 supra
1543 5678 1602 5728 not.
1617 5673 1696 5727 1114.

138 5738 181 5792 De
196 5735 308 5794 veritate
331 5741 454 5811 corperis
508 5742 843 5801 8181818888181888
861 5744 936 5802 testi·
1026 5749 1118 5813 (ttae)
1132 5746 1252 5803 Similem
1267 5739 1387 5817 phrasim
1417 5741 1544 5802 bernaldi
1574 5740 1667 5800 videre
1685 5742 1788 5816 passim

137 5806 243 5865 moniis
261 5823 310 5881 pro
326 5824 404 5868 more
425 5826 475 5870 suo
490 5811 694 5883 coadunatum,
708 5815 787 5888 eujiis
811 5815 855 5873 hic
879 5823 936 5874 tra·
992 5824 1033 5875 est
1047 5816 1077 5874 in
1087 5818 1195 5876 81818ιί8
1205 5815 1264 5887 sius
1282 5809 1437 5884 opusculis.

1891 3022 1903 3052 Ι
