3870 6164
145 290 199 347 tos
701 246 801 347 masa
818 288 984 360 qumms.
1004 316 1037 333 -
1056 286 1161 346 sens.
1180 286 1235 346 xta.
1740 301 1794 358 sss

144 413 285 473 exbibete.
299 416 372 475 Num
381 418 535 488 propositis
555 420 609 473 oola
628 415 745 487 obedire,
758 416 842 473 scelus
855 418 944 473 satire-
955 419 983 483 Α
996 429 1045 489 per
1063 412 1167 472 tridum
1181 420 1244 472 ants
1255 422 1374 489 portam,
1388 415 1513 493 deposito
1524 419 1602 479 omni
1613 405 1696 497 =reg'io
1707 407 1792 496 cultu,

142 525 252 566 currem
262 510 424 566 idololatr-lc
437 512 460 581 (l
474 514 536 581 lico.
549 510 699 584 semusta
708 509 791 569 verba
802 508 943 584 prophete
996 507 1198 577 miserabiliter,
1217 517 1312 583 utpote
1325 509 1504 574 dismlmams
1518 523 1546 572 et
1558 516 1649 575 lancis
1668 516 1792 588 indutus,

143 602 294 674 Samuelis,
312 618 374 676 quae
383 606 415 660 Β.
430 604 579 677 Gregorius
594 605 623 662 in
641 604 737 662 mumo
760 603 830 661 libro
848 605 941 662 blora·
997 601 1156 676 persistens,
1176 617 1233 660 non
1255 604 1332 677 prius
1345 621 1411 664 cum
1436 609 1525 667 multo
1547 609 1613 667 lietu
1637 610 1794 685 apostolica

142 696 214 755 lium
224 695 296 770 (cap.
314 696 368 769 to),
382 696 430 753 ubi
447 696 483 754 ds
497 696 652 755 obedientia
666 696 800 772 loquitur,
812 711 942 770 procura·
997 695 1182 756 miserationis
1206 697 1340 756 auxilium
1362 708 1390 756 et
1402 702 1617 762 consolationem
1645 704 1795 779 implorare

143 788 183 846 rit
196 789 351 861 explanare.
373 791 441 847 Haec
451 797 546 846 nostra
561 789 654 860 rerba,
670 789 734 847 licet
751 790 866 861 rustica,
878 805 943 848 cum
997 789 1108 860 destitit,
1121 806 1206 865 quam
1218 807 1316 849 omnes
1327 793 1374 867 qui
1385 793 1422 852 ibi
1433 794 1559 865 aderaut,
1571 805 1599 855 et
1614 797 1651 857 ad
1664 813 1733 872 quos
1744 816 1794 859 ru·

140 882 285 941 communi
298 881 371 941 fideli
384 891 481 941 nostro
492 883 668 957 ingelranno,
678 883 724 957 qui
737 884 784 942 dia
798 884 943 944 nobiscum
997 884 1116 942 murillo
1129 884 1261 958 persenit,
1275 883 1311 943 sd
1325 893 1432 945 mulam
1444 888 1572 961 pietatem
1591 901 1619 949 et
1628 893 1794 967 compassio·

141 977 172 1037 in
185 991 266 1034 sacro
280 975 380 1050 palatio
392 976 506 1047 mansit,
519 978 560 1035 ssi
575 991 640 1035 sum
654 977 716 1035 aliis
728 978 850 1037 veritatis
869 994 944 1037 ama·
997 978 1041 1036 nis
1054 977 1268 1036 miscricordiam
1278 980 1377 1048 morit,
1390 989 1431 1050 ut,
1446 998 1496 1055 pro
1510 997 1543 1041 eo
1557 985 1652 1043 multis
1665 986 1794 1060 precibus

140 1071 251 1129 toribus
264 1069 422 1144 lrcquenter
436 1070 528 1145 legite,
538 1080 566 1129 et
578 1086 676 1129 omues
691 1072 842 1130 clericoset
861 1073 945 1131 laicos
998 1079 1026 1130 st
1046 1070 1173 1145 iacrymis
1185 1071 1396 1146 intercedentes,
1419 1090 1516 1135 omnes
1528 1077 1640 1150 quidem
1653 1079 1794 1140 insolitam

141 1174 174 1223 ut
192 1164 338 1222 veritatem
355 1165 444 1222 sciant
458 1162 642 1237 etproicrant
655 1174 811 1239 provocate,
826 1174 857 1224 ut
871 1166 943 1225 bona
998 1172 1101 1223 nmtrte
1122 1165 1225 1225 mentis
1237 1164 1372 1225 duritiam
1394 1167 1571 1240 mirarentur,
1583 1166 1707 1231 nonnulli
1727 1188 1793 1232 vero
1874 1212 1887 1233 .

142 1257 274 1315 fratribus
297 1257 575 1315 remurmurantes
603 1258 677 1316 inter
699 1258 812 1332 angelos
837 1266 942 1317 sortem
998 1258 1028 1316 iu
1043 1257 1125 1317 nobis
1139 1274 1195 1319 uon
1214 1259 1369 1332 apostolicas
1390 1262 1543 1322 severitatis
1559 1262 1730 1338 gravitatem,
1743 1265 1793 1326 sed
1832 1294 1835 1299 ·

142 1349 307 1408 mucamini
324 1349 460 1424 accipere,
472 1357 501 1407 et
514 1365 577 1408 cum
588 1349 684 1411 electis
696 1352 727 1409 in
741 1352 845 1410 coelssti
857 1353 944 1426 patria
999 1351 1078 1426 quasi
1096 1352 1249 1426 tyrannicus
1271 1351 1388 1413 feritatis
1400 1353 1591 1415 crudelitatem
1603 1372 1662 1415 essa
1687 1359 1795 1419 clama·

143 1443 273 1519 gauders.
997 1454 1070 1503 rent.
1085 1444 1210 1519 Denique
1222 1444 1350 1504 manua
1361 1448 1581 1521 compunctionis
1592 1451 1662 1523 ejus,
1677 1459 1705 1509 et
1716 1459 1793 1510 tants

176 1541 248 1596 bem
264 1540 376 1609 Rome,
389 1546 489 1612 quarto
504 1537 572 1596 idus
598 1540 775 1611 Novembris,
792 1540 944 1601 indictione
997 1538 1125 1598 omnium
1143 1538 1189 1612 qui
1202 1538 1239 1596 ibi
1256 1538 1370 1598 aderant
1388 1541 1586 1614 supplicatione
1608 1542 1721 1614 devicti,
1735 1552 1795 1603 tan·

143 1630 362 1705 decimaquinta.

418 1734 598 1792 sststots
607 1736 676 1791 xil.

408 1850 456 1893 sn
479 1849 691 1894 usamsros.

432 1930 526 2003 (Αιιιιο
549 1935 643 1999 1077.)
764 1965 770 1977 ·

998 1724 1090 1784 aionis
1113 1725 1231 1800 gratiam
1256 1735 1284 1785 ct
1312 1727 1404 1785 sinum
1424 1736 1527 1786 sancta
1549 1729 1648 1787 matris
1665 1730 1794 1789 Ecclesia

996 1631 1061 1690 dsm
1079 1648 1145 1690 eum
1156 1634 1279 1691 relaxato
1293 1633 1476 1691 anathematis
1489 1634 1600 1693 vinculo
1618 1637 1647 1694 in
1665 1653 1792 1696 commu·
1878 1626 1882 1635 “

999 1819 1162 1891 recepimus,
1177 1819 1293 1893 acceptis
1306 1819 1340 1877 ab
1357 1835 1391 1878 eo
1402 1820 1595 1879 securitatibus
1606 1838 1668 1895 quse
1678 1822 1796 1883 inferius
1910 1877 1915 1885 .

995 1911 1105 1986 scripta
1130 1920 1207 1981 sunt,
1227 1927 1346 1986 quarum
1371 1913 1454 1971 etlam
1481 1914 1718 1973 confirmationem
1743 1932 1795 1991 per
1901 1910 1924 1931 ·’

146 2034 257 2092 sunus
277 2035 424 2089 Hosticum
443 2048 534 2117 regem
552 2033 734 2119 humillimum
755 2036 943 2120 perlucebunt

177 2107 943 2259 cucumellum

177 2250 212 2302 tit
233 2246 373 2372 meropius
387 2248 593 2331 pumgumsds'..
609 2250 641 2304 lu
658 2248 832 2332 Ι(ὶιιιιιιιιιιιὶιιιι
842 2264 870 2304 se
884 2252 941 2335 itu-

176 2334 239 2373 ιιιιιι
259 2318 309 2398 pol
319 2322 414 2373 scelus.
427 2319 560 2376 Hortatur
581 2322 690 2374 sulcum
709 2323 742 2374 ut
758 2336 788 2374 ιιι
807 2320 860 2391 lide
877 2325 941 2377 ιιιιι

176 2390 391 2459 cmorepusts'tiu
408 2394 589 2461 percuterent.

175 2493 352 2551 Gasucmus
371 2492 526 2567 spiscopus,
544 2508 639 2551 sersus
648 2508 793 2551 serrorum
806 2493 867 2561 Dei,
883 2508 943 2553 om·

144 2585 222 2645 nibus
244 2584 468 2660 archiepiscopis,
479 2585 625 2660 episcopis,
639 2585 768 2657 ducibus,
781 2586 941 2659 comitibus,

143 2681 305 2754 murisque
325 2679 493 2754 principibus
513 2680 591 2754 regni
621 2680 836 2738 Teutonicorum
860 2681 943 2739 Chri·

144 2776 260 2833 menam
269 2772 353 2833 iidem
362 2772 585 2843 defendentibus,
597 2773 714 2833 aueum
723 2782 752 2831 et
763 2774 942 2847 apostolicam

996 2021 1095 2064 manus
1106 2005 1214 2063 abbatis
1237 2005 1476 2078 cluniacensisc
1496 2007 1617 2066 tiliarum
1638 2018 1795 2068 nostrarum

995 2098 1136 2158 Matbildis
1149 2106 1177 2157 et
1188 2100 1336 2159 eomitissae
1349 2099 1503 2172 ddslaidse,
1518 2109 1547 2160 et
1561 2101 1680 2160 aliorum
1692 2104 1794 2177 princi·

996 2208 1074 2266 pum,
1089 2193 1290 2267 episcoporum,
1313 2202 1342 2252 st
1353 2193 1501 2263 laicorum,
1524 2195 1573 2268 qui
1595 2194 1676 2253 nobis
1688 2195 1724 2253 ad
1740 2190 1795 2255 boe

996 2287 1078 2344 utiles
1092 2287 1141 2344 visi
1168 2295 1248 2357 sunt,
1263 2287 1426 2360 recepimus.
1443 2288 1495 2345 His
1508 2289 1599 2362 itaque
1612 2290 1653 2346 sic
1665 2289 1794 2362 peractis,

996 2389 1028 2437 ut
1043 2380 1078 2437 ad
1091 2396 1187 2454 paoem
1200 2381 1328 2440 Ecclesiae
1339 2391 1367 2439 et
1379 2380 1554 2439 concordiam
1565 2383 1641 2456 regni
1655 2382 1737 2455 (sicut
1748 2381 1795 2440 diu

995 2473 1225 2545 desideravimus)
1249 2475 1341 2532 omnia
1358 2475 1476 2548 plenius,
1495 2479 1556 2533 Deo
1578 2473 1732 2549 adiuvante,
1745 2491 1796 2534 co·

996 2575 1090 2640 aptare
1113 2567 1321 2640 possimus,'ad
1342 2578 1432 2641 partes
1452 2573 1556 2626 vostras
1579 2568 1641 2627 data
1670 2570 1795 2642 primum
1902 2648 1910 2657 ..

996 2661 1205 2734 opportunitate
1218 2662 1338 2718 naurire
1344 2661 1483 2734 cupimus.
1493 2664 1555 2720 Hoc
1568 2663 1645 2720 enim
1663 2662 1793 2722 dilectio-

995 2771 1061 2812 nem
1072 2762 1191 2811 vestram
1202 2753 1393 2811 indubitanter
1405 2754 1476 2812 sciro
1490 2754 1631 2824 volumus,
1646 2756 1793 2828 quoniam,

143 2866 373 2927 maimonem·
1000 2850 1108 2906 sicutin
1120 2846 1263 2921 descriptis
1275 2848 1468 2905 securitatibus
1489 2863 1655 2922 cognoscere
1667 2851 1794 2921 potestis,

172 2965 260 3032 (339),
282 2960 416 3034 Quom,
438 2977 489 3035 pm
509 2978 605 3023 amor,
623 2961 739 3037 justiti„
765 2977 946 3021 ,omnnem
999 2945 1037 3000 ita
1051 2941 1351 3015 adbuctotiusnegotii
1365 2956 1450 2998 causa
1459 2956 1589 3013 suspensa
1602 2948 1656 3010 est,
1665 2949 1734 2999 utet
1747 2942 1796 3001 ad·

141 3054 593 3130 mbioeumpnagomffifflqm
603 3056 711 3114 mppjae
723 3071 834 3114 ,amm
850 3065 879 3115 ,ι
896 3072 944 3130 90.
998 3046 1099 3097 seutm
1112 3045 1208 3094 noster
1222 3043 1251 3095 et
1263 3035 1444 3093 consiliorum
1457 3042 1612 3092 uestrorum
1626 3035 1825 3125 unanimitas⁸
1892 3054 1895 3059 ·

140 3148 256 3209 senum
269 3149 440 3223 strscspistis,
460 3150 578 3223 qualiter
594 3165 643 3207 rex
653 3148 814 3208 humiliatus
836 3149 872 3208 ad
881 3166 941 3224 poe·
958 3132 1167 3211 Clssffflafiffl‘l
1187 3131 1343 3188 ”mmm
1365 3144 1425 3188 0⁸⁸0
1446 3127 1600 3186 Vidfflluf·
1617 3132 1794 3201 Qualffll’til'

139 3242 283 3303 nitentum
298 3242 482 3302 minum,
493 3244 601 3301 veniam
610 3244 794 3317 impetraverit
801 3285 811 3315 ‚
826 3253 855 3301 et
872 3260 941 3318 quo.
996 3230 1026 3288 iu
1036 3245 1067 3287 ea
1081 3226 1136 3286 lide
1156 3240 1241 3299 quam
1253 3224 1388 3296 coepistis,
1401 3232 1429 3281 et
1447 3238 1544 3281 amore
1554 3222 1680 3296 justitiae,
1698 3239 1796 3281 omnes

140 3337 222 3398 mogo
236 3344 298 3396 1012
310 3353 393 3396 musa
405 3344 468 3412 page
479 3336 625 3395 introitum
639 3337 699 3412 eju,
712 3337 740 3393 in
756 3336 868 3396 ltaliam
885 3336 939 3397 hu.
995 3335 1157 3397 permanere
1180 3319 1303 3388 studete,
1332 3317 1450 3375 scientes
1472 3333 1525 3374 nos
1547 3332 1606 3373 non
1632 3316 1713 3375 aliter
1736 3319 1795 3391 regi

139 3448 243 3509 ursqus
262 3431 379 3491 deducta
393 3431 441 3505 sit,
454 3438 553 3489 uestras
566 3430 705 3490 dilectioni
726 3431 833 3489 sinmra
846 3429 941 3489 cbari-
994 3416 1102 3474 ⁰b¹³i⁰⁸
1115 3428 1185 3481 ΝΘ,
1209 3412 1264 3468 ⁰1⁸¹
1287 3410 1362 3486 Ψ1οᾱ
1376 3426 1445 3484 puro
1465 3426 1595 3468 ⁸01ffl01¹0
1614 3412 1695 3479 (sicut
1722 3410 1794 3469 mihi
1891 3484 1894 3489 ,

138 3535 193 3585 tate
204 3525 332 3585 indicare
343 3525 511 3584 curavimus.
526 3526 605 3583 Sicut
622 3524 807 3583 constitutum
816 3522 941 3582 luitcum
994 3525 1056 3567 mos
1070 3513 1120 3579 0⁸2)
1133 3508 1164 3563 in
1175 3505 1219 3562 ¹¹³⁸
1231 3521 1296 3563 ⁰U1¹¹
1309 3503 1345 3563 (¹⁰
1360 3504 1443 3562 ¹¹⁰¹li⁸
1456 3519 1567 3578 ‘lilim
1582 3504 1747 3574 distrimffis
1766 3504 1795 3562 ln

138 3619 234 3695 1095,
247 3621 297 3693 quq
311 3618 347 3678 ,q
360 3634 413 3677 „03
427 3617 465 3677 (10
478 3619 577 3677 ,egem
591 3617 716 3692 partim
729 3617 808 3675 mim
821 3625 896 3689 gunt,
909 3618 940 3675 qn
993 3602 1171 3676 quibuscum
1185 3597 1349 3657 adsalutem
1361 3606 1390 3655 et
1400 3596 1536 3656 honorem
1554 3612 1650 3669 suam,
1669 3605 1717 3656 aut
1728 3614 1795 3655 cum

140 3712 363 3788 mmmm
379 3713 524 3782 ,mmuh
547 3712 658 3770 0110pr
672 3712 770 3785 viginti
791 3710 853 3769 ωε,
875 3721 940 3769 „mg
989 3696 1106 3770 irretitis,
1122 3702 1169 3751 aut
1183 3707 1248 3751 cum
1273 3691 1472 3761 misericordia,
1487 3691 1547 3749 sins
1561 3696 1705 3749 nosuaest
1722 3691 1795 3752 illitu

140 3806 289 3864 minum
311 3806 342 3863 in
355 3821 410 3878 quo
432 3805 533 3879 aliquis
551 3805 654 3863 ducum
677 3804 714 3863 ad
734 3805 831 3863 Clusae
856 3804 939 3887 nobis
992 3790 1093 3848 inim&
1106 3784 1363 3860 iiiii⁰¹¹¹⁰i¹dlularii
1375 3784 1526 3857 imm·

140 3914 282 3959 ocmrrers
302 3897 409 3968 debuit,
423 3906 611 3972 exspectantes
636 3898 786 3958 adrentum
811 3898 936 3969 illorum,
1063 3888 1263 3962 Jtttjursstidum
1276 3888 1389 3943 thrl'd
1412 3888 1485 3958 tellis
1510 3890 1722 3944 Teuitlttt‘wwm·

137 4000 272 4068 quatenus
286 3991 321 4051 sd
343 4000 434 4065 partes
453 3992 516 4049 illas
529 3992 646 4049 bansire
659 4005 814 4065 possemus.
831 3994 936 4049 Verum
1026 3995 1085 4067 ligo
1099 3989 1240 4048 Hearicus
1249 4005 1300 4047 rex
1312 3989 1347 4047 de
1356 3988 1576 4047 murmuratione
1585 3997 1615 4046 ot
1626 3988 1795 4048 dissuadens

137 4102 199 4145 cum
208 4086 272 4161 jam
285 4084 401 4143 decurso
408 4085 529 4142 termino
540 4084 683 4142 hocnobis
697 4085 885 4155 nuntiaretur,
893 4083 937 4143 bis
989 4100 1075 4158 quam
1087 4099 1163 4141 nunc
1176 4081 1280 4141 habent
1298 4091 1395 4140 contra
1404 4098 1450 4141 ms
1470 4082 1673 4156 archicpiscopi
1693 4091 1722 4140 et
1733 4082 1794 4158 epi·

137 4178 320 4254 temporibus,
334 4193 391 4252 pru
401 4177 498 4235 multis
510 4176 656 4252 (quoduos
665 4176 777 4250 quidem
788 4176 934 4250 credimus)
988 4179 1076 4251 scopi,
1084 4177 1178 4247 duces,
1186 4176 1311 4248 comites,
1325 4176 1474 4250 caeterique
1480 4175 1617 4250 principes
1625 4176 1701 4250 regni
1719 4181 1793 4236 Teu·

138 4271 357 4343 difficultatibus,
365 4272 495 4330 ducatum
505 4271 589 4329 nobis
600 4271 713 4329 obviam
721 4270 796 4329 mitti
804 4286 862 4328 non
872 4286 936 4344 pos·
987 4270 1157 4343 tonicomm,
1184 4278 1213 4327 et
1232 4270 1280 4326 alii
1295 4269 1343 4341 qui
1368 4284 1416 4326 eos
1430 4269 1471 4325 in
1490 4269 1589 4326 eadem
1613 4269 1794 4333 dissensionis

138 4382 175 4440 ss,
195 4382 250 4425 nec
261 4365 374 4424 aliunde
393 4367 502 4439 copiam
520 4363 557 4423 ad
569 4379 619 4423 ros
644 4363 805 4422 banscuudi
819 4364 936 4422 babere·
988 4380 1072 4423 causa
1099 4370 1264 4439 sequunmr,
1285 4360 1358 4419 infra
1376 4362 1530 4420 terminum
1555 4377 1639 4434 quaem
1662 4362 1793 4423 dominus

138 4475 208 4531 mers,
222 4476 284 4518 non
296 4474 377 4533 parra
389 4457 586 4525 sollicitudine,
601 4456 672 4533 quid
685 4456 862 4533 potissimum
883 4472 933 4516 no·
988 4474 1057 4532 papa
1064 4458 1213 4533 Gregorius
1222 4455 1407 4526 constituerit,
1421 4463 1468 4512 aut
1479 4454 1618 4529 justitiam
1637 4455 1792 4516 secundum

136 4552 326 4630 bbsgsndum
339 4551 419 4623 loret,
429 4551 609 4610 circumventi
623 4567 729 4611 sumus.
745 4553 934 4609 lntcrimsero
947 4526 975 4591 Β
984 4549 1121 4626 judicium
1134 4550 1204 4625 ejus,
1219 4557 1269 4607 aut
1281 4548 1460 4607 concordiam
1479 4546 1629 4606 secundum
1646 4551 1793 4611 consilium

139 4646 670 4724 regemadvsntareesrteeognovimuu
688 4645 736 4719 qui
748 4646 834 4704 stiam
845 4645 934 4719 prius·
986 4644 1056 4717 ejus,
1078 4643 1196 4714 faciam,
1209 4643 1262 4701 nisi
1274 4650 1385 4700 certum
1399 4641 1630 4716 impedimentum
1654 4641 1725 4701 mibi
1747 4646 1791 4703 vsl

138 4741 366 4817 quamintrassct
375 4738 495 4810 ltaliam,
506 4738 644 4812 supplices
653 4737 855 4812 adnoslegatos
863 4754 935 4812 pra-
990 4738 1043 4795 sibi
1058 4737 1206 4806 obstiterit,
1219 4753 1275 4810 quo
1291 4743 1443 4808 transacto,
1457 4734 1493 4794 ad
1506 4735 1692 4811 peragendum
1715 4739 1792 4797 idsm

136 4835 270 4907 mittens,
283 4849 333 4908 per
346 4834 482 4892 omnine
505 4830 711 4890 satisfacturum
721 4834 937 4905 Dsoetsancto
991 4840 1100 4906 paratm
1114 4846 1173 4888 ero.
1188 4833 1260 4888 item
1275 4829 1300 4888 si
1309 4828 1382 4888 idem
1401 4829 1537 4888 domiuus
1547 4846 1618 4904 papa
1639 4832 1792 4907 Gregorius

136 4930 218 4988 Petro
232 4943 266 4986 ac
279 4925 358 4985 nobis
371 4925 482 4996 obualit,
497 4924 569 4984 etad
580 4924 801 4984 emendationem
811 4927 936 4985 sisarae
991 4926 1063 4983 ultra
1076 4926 1196 4994 Montes,
1210 4939 1258 4983 seu
1268 4923 1304 4981 ad
1317 4923 1384 4982 alias
1394 4931 1630 4998 partesterrarum
1643 4925 1682 4983 irs
1695 4928 1791 4985 volus·

135 5036 250 5081 omnem
261 5018 672 5079 sswrvamrumobedicntiam
680 5020 936 5093 repromisitdum·
991 5019 1040 5091 rit,
1052 5034 1167 5077 securus
1185 5018 1239 5076 erit
1256 5033 1289 5076 ex
1304 5018 1362 5075 mei
1374 5027 1468 5092 parte,
1487 5025 1623 5077 eteorum
1646 5034 1715 5092 quos
1730 5036 1791 5079 con

134 5112 222 5173 modo
234 5113 308 5188 apud
320 5128 374 5172 nos
394 5112 575 5172 absolutionis
597 5114 796 5188 etapostolicae
820 5111 936 5172 benedi-
992 5113 1127 5187 stringere
1141 5121 1248 5186 potero,
1263 5112 1388 5170 abomni
1401 5111 1514 5171 laesioue
1535 5113 1595 5171 sitae
1609 5113 1790 5173 etmembro-

135 5206 236 5267 aionis
247 5206 365 5283 mabam
377 5207 527 5281 impetrare
540 5216 708 5278 mercreturr
723 5207 797 5282 quod
810 5225 875 5266 oum
889 5207 937 5267 diu
990 5222 1055 5263 rum
1078 5206 1148 5280 ejus,
1164 5221 1214 5264 scu
1225 5206 1364 5280 captione,
1386 5214 1444 5263 tam
1456 5207 1514 5280 ipsc
1527 5222 1611 5281 quem
1635 5206 1681 5280 qui
1696 5207 1794 5281 insius

134 5302 231 5361 multis
244 5300 493 5360 consultationibus
521 5299 678 5360 diiiersntes
697 5302 798 5360 acriter
822 5318 888 5360 sum
902 5301 936 5362 de
991 5298 1130 5357 conductu
1142 5308 1170 5356 et
1181 5300 1314 5357 comitatu
1324 5298 1438 5371 fuerint,
1447 5315 1495 5357 seu
1508 5300 1556 5374 qui
1572 5300 1607 5357 ab
1617 5301 1665 5358 illo
1675 5300 1792 5358 mittun·

133 5393 193 5453 suis
205 5393 363 5453 uestibus
385 5408 436 5469 per
448 5409 546 5452 omnes
561 5394 609 5468 qui
632 5394 850 5453 intercurrebant
861 5412 935 5453 nun·
991 5402 1048 5464 tur,
1058 5393 1143 5451 relad
1152 5393 1281 5452 eumdem
1296 5393 1508 5470 quibuscunque
1521 5403 1658 5451 terrarum
1670 5394 1794 5468 partibus

132 5486 191 5547 lios
204 5485 444 5562 redargueremus,
463 5486 577 5546 tandm
598 5488 775 5563 semetipsum
796 5488 865 5546 nibil
884 5488 935 5547 bo·
991 5486 1114 5546 venerint
1128 5487 1156 5544 in
1179 5486 1284 5559 eundo,
1314 5487 1392 5546 stibi
1411 5486 1562 5559 morando,
1588 5502 1638 5544 seu
1661 5487 1725 5545 iude
1749 5502 1793 5545 re·

131 5578 607 5653 marsumaticum,
621 5579 656 5639 sd
670 5580 801 5654 oppidum
814 5581 935 5652 Canusi,
991 5579 1112 5650 dcundo,
1127 5596 1219 5655 neque
1228 5579 1302 5638 aliud
1317 5581 1431 5656 aliquod
1444 5580 1673 5654 impedimentum
1684 5578 1794 5638 babebit

132 5674 168 5733 iu
187 5688 246 5748 quo
259 5672 360 5731 morati
374 5688 484 5746 mmus,
497 5690 562 5734 cram
584 5673 679 5750 paucis
700 5673 827 5741 advenit,
842 5675 936 5750 ibique
992 5689 1103 5734 samso
1118 5689 1266 5745 consensu,
1280 5674 1356 5749 quod
1378 5683 1474 5735 matra
1484 5674 1616 5732 bonorem
1638 5687 1720 5730 suum
1741 5670 1791 5737 sit;

170 5844 249 5919 (ΙΝ)
264 5843 335 5905 W·
347 5844 536 5923 hminum
548 5846 731 5912 bermoldum
746 5860 819 5907 anno
837 5855 922 5919 10773
932 5850 1048 5907 Leonen
1069 5847 1221 5908 οιιίιιιιιιιι
1235 5845 1283 5904 lib.
1295 5852 1322 5917 s,
1334 5861 1359 5902 c.
1372 5849 1418 5901 ss.
1456 5886 1459 5891 .
1489 5880 1492 5885 ·
