3870 6164
215 271 285 326 ttoe
376 216 379 221 ·
716 263 762 318 hl)
780 261 893 318 eruut
912 260 940 317 S.
961 255 1123 315 annuenti
1139 254 1357 313 APPENDICES.
1814 252 1876 308 ttot

213 392 374 450 criminibus
390 391 521 447 canonice
543 395 719 461 expurgatur,
735 395 762 442 et
782 385 880 459 legatio
902 401 951 458 pro
966 400 1008 440 re·
1024 388 1051 452 Α
1065 390 1170 438 verunt.
1194 384 1320 437 [lemnus
1333 396 1401 452 papa
1418 379 1545 436 Urbanus
1558 377 1734 452 generalem
1754 375 1872 435 sinodum

213 486 361 546 stauranda
384 483 581 540 christianitate
604 482 632 538 in
653 480 783 538 Toletano
804 481 923 547 civitate,
945 495 1009 545 rege
1063 477 1209 533 Beneventi
1223 474 1444 546 (ibim-collegit
1464 476 1557 541 (Most.
1581 479 1645 538 28),
1662 478 1693 528 et
1714 480 1872 529 sententiam

213 584 401 652 Hispanorum
416 577 468 634 hoc
481 577 662 650 supplicante,
675 575 832 631 destinatur
847 575 893 630 ⁸¹¹⁵.
917 571 1009 629 Wello
1063 569 1242 627 anathematis
1255 584 1337 641 super
1355 568 1520 625 Guibertum
1536 565 1762 624 heresiarcham
1781 573 1809 620 et
1821 582 1871 622 oia

214 674 271 732 dux
287 672 373 730 ltaliae
385 671 472 728 multa
488 670 612 727 incendia
625 678 652 725 et
665 669 909 741 depraedationesa
924 668 1008 723 llein-
1064 680 1112 721 nes
1126 665 1186 736 ejus
1201 663 1349 735 complices
1363 661 1486 737 synodali
1495 661 1607 735 judicio
1632 658 1870 718 confirmavit!

213 770 270 825 rico
279 783 342 840 rege
353 766 406 823 hoc
419 766 447 823 in
462 781 532 822 auno
542 764 576 798 ⁸¹⁰
588 763 812 836 Langobardiam
824 763 945 834 ingresso
961 778 1008 834 pa·
1064 758 1218 815 Fridericus
1228 757 1262 791 ⁸¹⁸
1273 771 1366 819 comes
1377 764 1406 812 et
1417 755 1577 813 marchias.
1591 755 1661 811 Kal.
1674 756 1738 811 Jul.
1750 754 1872 828 requierit

212 860 353 932 titur3sed
365 860 512 917 adhortatu
524 859 682 916 domnelo
698 855 948 914 hlatbildis³¹⁸suae
960 855 1009 911 lta·
1063 853 1091 909 in
1107 853 1226 909 Domino
1241 852 1284 905 ³¹⁸.
1300 850 1489 908 willihelmus
1512 851 1564 924 piae
1580 851 1744 907 memoriae
1770 851 1872 907 Hirsau-

213 957 326 1014 rissimae
345 955 469 1027 conjugis
483 952 573 1010 eidem
591 952 720 1008 heinrico
736 951 872 1019 resistere,
885 951 962 1006 et⁵¹9
981 949 1008 1005 in

213 1050 341 1107 lldelitate
358 1049 446 1105 sancti
469 1047 540 1103 Patri
556 1047 702 1119 persistere
721 1045 835 1100 viriiiter
857 1043 1007 1100 contendit.

214 1146 357 1200 Hocanno
374 1158 472 1215 magna
489 1139 574 1196 lantes
588 1139 689 1196 multas
704 1140 830 1211 regiones
845 1147 955 1211 repente
967 1135 1008 1193 af-

214 1236 294 1305 llixit,
314 1237 429 1310 quanvis
442 1252 496 1293 uon
512 1251 614 1307 magna
628 1234 757 1290 sterilitas
772 1243 852 1290 terrae
866 1248 1010 1305 praecesse·

1064 946 1163 1020 giensis
1177 944 1271 1014 abbas,
1291 945 1319 1002 in
1331 961 1414 1002 causa
1429 946 1516 1001 sancti
1536 945 1618 1001 Petri
1640 942 1871 1012 ferventissimus,

1064 1050 1092 1097 et
1105 1042 1134 1096 iu
1155 1039 1308 1096 monastica
1322 1039 1450 1113 religione
1470 1037 1706 1095 studiosissimus
1720 1037 1768 1110 ⁸¹⁸,
1788 1046 1871 1110 utpote

1065 1135 1214 1191 multorum
1237 1142 1314 1206 pater
1327 1133 1568 1202 monasteriorum,
1593 1139 1622 1188 3.
1640 1134 1722 1188 Non.
1742 1133 1810 1189 Julii
1828 1134 1870 1189 mi·

1064 1229 1154 1301 gravit
1168 1229 1201 1284 ad
1214 1228 1374 1284 Dominum.
1390 1228 1442 1284 ldie
1456 1229 1582 1300 primum
1599 1227 1809 1298 flirsaugiense
1819 1243 1870 1282 mo-

212 1331 302 1387 rit⁸¹⁰.
313 1328 615 1386 adelberoreverendae
624 1327 764 1384 memoriae
773 1326 1010 1399 wirceburgensis
1064 1322 1214 1379 hasterium
1227 1328 1283 1378 mm
1298 1325 1325 1377 in
1344 1321 1466 1378 aedificiis
1487 1337 1575 1395 qnam
1591 1322 1623 1377 in
1646 1321 1826 1393 regularibus
1836 1321 1868 1378 di·

213 1426 366 1497 episcopus,
380 1440 453 1479 unns
467 1423 500 1479 de
515 1421 716 1496 antiquioribus
728 1421 874 1494 episcopis,
888 1421 915 1476 in
928 1435 1009 1476 caiisa
1064 1416 1184 1489 sciplinis
1208 1414 1366 1472 mirabiliter
1391 1415 1532 1486 exaltavit,
1560 1416 1723 1488 ipsumque
1744 1415 1870 1488 privilegio

212 1519 301 1574 sancti
316 1518 388 1574 Petri
411 1526 507 1573 contra
522 1517 553 1550 ”¹
568 1516 731 1573 Guibertum
750 1525 777 1572 et
789 1515 847 1589 ejus
860 1515 1009 1587 complices
1064 1510 1136 1567 sedis
1150 1510 1307 1583 apostolicae
1318 1509 1370 1567 sub
1384 1509 1518 1582 Gregorio
1531 1526 1609 1583 papa
1623 1510 1656 1565 in
1671 1517 1834 1582 perpetuum
1846 1510 1868 1566 li·

213 1610 431 1677 strenuissimus,
453 1616 515 1681 post
540 1608 627 1665 multa
653 1608 782 1680 pericula,
808 1608 1009 1680 persecutiones
1064 1605 1187 1662 bertavit.
1215 1605 1294 1660 Plura
1317 1605 1402 1661 etiam
1424 1604 1598 1661 monasteria
1624 1618 1827 1677 usquequaque
1843 1605 1870 1638 θ’

213 1711 240 1759 et
253 1703 345 1771 exilia,
361 1719 423 1776 quaa
435 1718 483 1775 pro
494 1702 603 1760 Christo
617 1701 797 1758 libentissime
810 1718 904 1773 passus
919 1709 969 1771 est,
983 1701 1011 1756 in
1065 1716 1098 1756 ex
1111 1700 1145 1750 ⁷³¹⁷
1165 1699 1270 1772 integro
1285 1697 1319 1736 ’π
1338 1699 1490 1754 construxit
1507 1718 1512 1754 :
1535 1696 1599 1754 duo
1616 1697 1742 1770 quidem
1761 1698 1789 1753 in
1800 1698 1868 1771 Nigra

214 1797 283 1853 bona
305 1794 479 1854 confessione
502 1798 575 1853 diem
597 1796 695 1852 clausit
714 1805 869 1855 extremum
884 1797 951 1861 (Oct.
973 1799 1009 1864 6),
1026 1757 1050 1819 B
1065 1793 1148 1860 Silva,
1167 1808 1254 1848 unrrm
1269 1792 1355 1849 sancti
1371 1792 1491 1866 Georgii,
1511 1792 1643 1848 alterum
1665 1792 1760 1848 sancti
1778 1793 1868 1865 Grege

212 1890 242 1948 in
257 1892 359 1964 praedio
373 1907 423 1948 suo
433 1889 507 1964 quod
521 1889 651 1947 Laubach
665 1895 756 1957 (1377)
771 1882 883 1946 vocatur
895 1889 937 1944 ⁸¹¹.
1066 1887 1098 1944 rii
1113 1890 1215 1955 (1373),
1231 1886 1298 1943 item
1312 1886 1387 1943 aliud
1406 1886 1441 1944 ad
1457 1885 1611 1959 Duplicem
1626 1901 1743 1959 aquam
1752 1885 1788 1924 '²⁸
1800 1902 1869 1959 prope

571 1985 672 2041 leCl.
1064 1980 1233 2048 Danubium,
1244 1981 1310 2037 item
1323 1979 1396 2038 aliud
1409 1980 1438 2037 in
1450 1979 1700 2053 Wirceburgensi
1715 1981 1866 2053 episcopatu,

248 2081 377 2135 Domnus
388 2095 458 2152 papa
482 2095 514 2134 ee
527 2088 651 2150 tempore
667 2077 693 2133 in
710 2077 832 2149 partibus
852 2077 1009 2150 Campaniae
1065 2074 1094 2131 in
1111 2075 1171 2131 loeo
1191 2075 1237 2148 qui
1252 2073 1408 2148 chamberg
1428 2073 1538 2130 dicitur.
1556 2074 1765 2147 scaphusense
1777 2090 1866 2148 queque

212 2171 386 2242 morabatur,
411 2181 438 2227 et
464 2172 499 2228 ab
524 2172 651 2227 omuibus
675 2171 818 2227 catholicis
846 2171 938 2234 debita
966 2187 1009 2228 re·
1063 2167 1592 2235 monasterium⁸”etPetrisbusense,
1609 2169 1644 2224 in
1663 2169 1865 2242 Ripalienijan

212 2264 332 2322 verentia
356 2265 512 2331 colebatur,
548 2263 674 2320 videlieet
705 2281 720 2318 μ
753 2265 1010 2338 Constantinopoli·
1063 2263 1170 2321 dudum
1197 2261 1348 2332 aedificata,
1372 2261 1546 2336 regularibus
1571 2261 1744 2335 disciplinis
1760 2264 1866 2320 instituit.

212 2366 279 2414 tane
305 2358 480 2429 imperatore,
506 2366 534 2412 et
554 2373 569 2412 a
596 2357 720 2428 Philippo
744 2358 913 2413 Francorum
936 2373 1008 2430 rege,
1064 2355 1118 2414 Sed
1133 2355 1433 2429 etaliaquamplurain
1451 2354 1574 2413 diversis
1593 2356 1869 2430 regionibnabrmst'

212 2450 327 2523 aliisque
361 2450 533 2506 diversorum
562 2466 708 2522 regnorum
752 2451 919 2524 principibus
953 2461 1009 2507 tam
1064 2466 1164 2523 perse,
1178 2458 1236 2506 tum
1257 2449 1291 2484 ⁸³⁰
1304 2466 1354 2523 per
1374 2450 1425 2507 sibi
1439 2450 1584 2523 subjectos
1601 2452 1651 2508 vel
1666 2451 1706 2509 de
1721 2468 1794 2509 nove
1809 2450 1867 2518 ierit,

213 2543 394 2600 aeclesiasticis
418 2559 502 2616 qnam
527 2542 712 2612 secularibus,
739 2552 853 2615 excepto
878 2545 906 2601 in
935 2548 1008 2602 Teu·
1064 2543 1105 2601 vel
1120 2543 1265 2615 jamlaeta
1286 2543 1454 2617 regularibus
1480 2543 1648 2616 disciplinis
1673 2545 1801 2603 instituit.
1825 2545 1866 2602 lile

212 2637 370 2694 tunicarum
384 2652 481 2709 regno,
508 2636 556 2693 ubi
580 2637 659 2692 mtvlti
683 2653 718 2694 ex
735 2637 875 2694 catholicis
896 2637 925 2694 in
949 2654 1009 2711 par·
1064 2637 1144 2694 etiam
1157 2639 1241 2695 multa
1256 2639 1423 2695 monimenta
1439 2638 1482 2694 sul
1499 2639 1648 2696 naturalis
1664 2639 1703 2678 ⁵³¹
1720 2640 1819 2713 ingenii
1830 2656 1870 2696 no

212 2738 269 2787 tem
284 2729 587 2787 excommunicatorum
602 2731 719 2787 avaricia
728 2731 833 2803 decepti
848 2740 946 2804 sponte
961 2747 1011 2790 sua
1064 2730 1107 2788 bis
1118 2731 1238 2805 reliquit.
1251 2734 1322 2788 Nam
1335 2731 1456 2788 naturaie
1467 2731 1660 2806 horologium
1676 2734 1714 2791 ad
1729 2734 1870 2813 exemplum

212 2839 241 2879 se
256 2824 465 2880 transtulerunt.
478 2825 595 2903 Romani
610 2840 717 2897 quoqne
730 2833 836 2882 turrem
848 2826 1009 2896 crescentii,
1065 2826 1172 2882 celestis
1198 2826 1355 2898 hemisperii
1376 2824 1560 2897 excogitavit;
1588 2828 1739 2884 naturalia
1764 2827 1870 2885 mutar

212 2933 274 2993 quae
285 2926 397 2974 eatenus
408 2918 512 2974 domno
522 2934 597 2990 papae
609 2918 765 2986 obediebat,
777 2918 841 2975 dolo
851 2928 960 2991 captam
970 2919 1011 2976 di·
1063 2917 1119 2976 sive
1132 2919 1285 2991 equinoctia
1300 2926 1441 2976 statatum
1460 2917 1562 2975 mundi
1579 2922 1676 2977 certis
1691 2922 1871 2994 experimentis

212 3026 291 3067 ruere
304 3019 517 3082 temptaverunt.
532 3012 667 3068 Dourinus
681 3022 777 3069 autem
788 3029 856 3085 μμμμ
867 3011 944 3070 iacile
954 3015 1010 3069 Ro·
1063 3012 1186 3070 invenire
1199 3009 1378 3081 monstravit}
1396 3012 1572 3085 quaomnia
1596 3015 1723 3086 quidam
1735 3016 1794 3082 eius
1804 3015 1872 3073 lami

212 3120 286 3161 mam
294 3121 358 3162 cum
367 3088 611 3173 e‘xercituintrare
623 3114 650 3162 et
659 3105 1007 3164 rebelliumcontomaciam
1064 3105 1139 3163 liaris
1153 3106 1235 3163 etiam
1253 3101 1349 3162 litteris
1367 3104 1499 3162 mandare
1514 3107 1633 3163 curavit
1653 3110 1764 3182 (138ο);
1784 3110 1872 3165 multas

211 3198 324 3256 domare
338 3199 480 3270 potuisset,
496 3200 520 3254 si
538 3214 594 3255 non
612 3199 700 3271 magis
712 3215 775 3255 cum
795 3201 1008 3258 mansuetudine
1026 3163 1147 3257 cetiam
1155 3199 1318 3272 quaestiones
1326 3198 1496 3271 decompoto
1504 3200 1870 3271 probatissimisrationibtu

211 3308 324 3349 mersam
332 3308 410 3349 suam
421 3309 499 3366 agere
507 3291 661 3365 delegisset.
674 3296 713 3349 Eo
724 3302 847 3366 tempore
854 3296 1010 3364 Mantuani,

212 3385 343 3442 diuturna
358 3385 500 3443 obsidione
517 3402 532 3442 a
548 3386 677 3443 lleinrico
691 3403 754 3461 rege
765 3387 825 3460 jam
841 3404 889 3460 per
905 3405 1010 3446 annum

212 3479 365 3547 constricti,
376 3495 392 3534 μ
404 3479 516 3536 domino
529 3496 579 3537 suo
590 3479 718 3538 Welsone
730 3481 799 3538 duce
813 3479 1009 3552 discesserunt,

1065 3294 1199 3352 enodavit.
1217 3293 1270 3349 llic
1282 3294 1311 3349 in
1323 3293 1429 3350 musica
1444 3293 1648 3366 peritissimus
1663 3295 1727 3369 luit,
1741 3296 1868 3368 multaque

1065 3388 1139 3446 illius
1160 3386 1227 3444 artis
1250 3386 1372 3454 subtilia,
1387 3385 1507 3457 antiquis
1529 3385 1712 3448 doctoribus
1734 3389 1865 3463 incognita,

1065 3481 1211 3539 elucidavit
1232 3486 1334 3548 (1381),
1349 3479 1451 3536 multos
1464 3480 1551 3536 etiam
1566 3494 1689 3540 errores
1704 3484 1733 3540 in
1755 3483 1867 3540 mutu

212 3580 280 3628 etse
294 3581 321 3628 et
337 3573 476 3629 civitatem
490 3589 569 3630 suam
583 3588 634 3630 suo
649 3574 812 3631 devastatori
826 3574 1007 3631 tradiderunt.
1064 3575 1250 3649 deprehensos
1264 3575 1331 3631 setis
1353 3571 1556 3630 rationabiliter
1572 3575 1617 3633 ad
1639 3582 1732 3634 artem
1753 3575 1866 3634 currerit

211 3664 332 3719 Romani
343 3679 453 3737 quoque
464 3665 626 3722 Gaibertum
639 3665 853 3736 heresiarcham,
864 3669 1010 3741 quemjam
1065 3671 1097 3726 ln
1111 3669 1263 3743 quadruvio
1282 3669 1374 3737 (1383)
1385 3682 1449 3724 sane
1461 3666 1602 3726 omuibus
1615 3686 1690 3743 pene
1705 3672 1817 3743 antiquis
1835 3669 1866 3725 ri·

212 3754 318 3811 dudum
333 3758 503 3828 expulerunt,
519 3759 621 3815 iterum
638 3761 756 3816 Romam
771 3760 883 3831 intrare,
899 3770 927 3818 et
944 3778 1009 3819 san-
1063 3760 1180 3819 debatur
1194 3762 1364 3833 preminere.
1380 3761 1427 3817 Set
1439 3767 1504 3816 ante
1519 3759 1586 3817 baec
1602 3765 1704 3820 omnia
1718 3765 1748 3820 in
1763 3763 1807 3819 illo
1817 3770 1864 3819 stu·

213 3856 287 3904 etam
310 3849 442 3906 aeclesiam
457 3851 512 3906 suis
526 3868 582 3908 nou
606 3851 843 3911 benedictionibus
864 3864 907 3911 set
926 3858 1010 3912 male-
1064 3855 1140 3914 dum
1155 3855 1315 3912 monasticae
1323 3853 1504 3910 districtionis
1514 3856 1685 3926 praevaluit,
1699 3860 1794 3931 inquo
1804 3864 1864 3912 tohu

213 3940 381 3998 dictionibus
408 3939 537 3998 infestare
562 3946 753 4016 permiserunt.
778 3949 897 4019 capuani
922 3949 1010 4006 Nord·
1063 3949 1132 4006 adeo
1153 3945 1292 4017 efferbuit,
1315 3963 1348 4003 ac
1366 3946 1389 4003 si
1412 3963 1560 4020 nunqnam
1583 3951 1665 4007 aliud
1684 3948 1862 4025 aliquidstudi'

213 4049 330 4089 mannos
343 4032 378 4090 da
401 4034 492 4106 Capua
518 4034 697 4107 expulerunt,
725 4037 824 4110 quibus
846 4039 907 4111 jam
923 4041 1009 4098 multo
1063 4042 1198 4100 babuerit.
1226 4045 1290 4098 Erat
1316 4039 1390 4097 enim
1419 4038 1454 4079 ⁵⁸2
1478 4040 1561 4097 mirae
1577 4045 1754 4115 sanctitatis,
1776 4051 1859 4101 nnete

211 4135 338 4199 tempore
349 4126 401 4184 sub
414 4127 539 4200 pluribus
552 4129 710 4200 apostolicis
724 4139 751 4186 et
770 4133 878 4205 regibus
893 4134 1008 4208 subjecti
1062 4136 1257 4210 simplicitatis,
1278 4133 1486 4192 ferventissimae
1501 4133 1657 4208 karitatis,
1679 4142 1742 4197 Deo
1760 4140 1856 4194 armet

211 4217 331 4277 luerunt.
355 4221 437 4278 Unde
468 4230 496 4277 et
527 4221 697 4279 Nordmanni
721 4240 768 4284 eos
796 4226 1009 4302 circumquaque
1064 4229 1233 4288 seculovere
1250 4227 1517 4301 crucifixuszquem
1531 4230 1690 4291 Dominus
1706 4234 1858 4290 inmoto

211 4329 298 4386 usque
308 4314 344 4372 ad
354 4331 467 4373 murum
480 4315 595 4374 civitatis
605 4315 698 4390 praeda
708 4328 735 4377 et
746 4319 872 4378 incendio
884 4322 1008 4380 devasta·
1063 4323 1134 4381 bona
1145 4323 1180 4382 ad
1189 4333 1321 4384 aeoernam
1334 4323 1450 4396 patriam
1460 4325 1623 4397 revocavit,
1638 4327 1686 4384 cui
1700 4325 1862 4404 ipseaJnveu

845 4477 974 4533 vaura
1009 4479 1226 4538 necatores,
1296 4554 1299 4561 Ι

250 4599 288 4637 ⁵¹⁵
299 4601 464 4673 jumperpv't
487 4608 511 4658 1.
551 4603 585 4639 ⁵¹⁶
604 4603 674 4687 lui.
689 4622 713 4662 a.
736 4611 764 4662 iu
778 4609 831 4664 leco
850 4616 951 4667 rasel.
972 4613 1021 4667 udi
1035 4616 1114 4684 priva
1124 4613 1184 4686 jam
1197 4611 1301 4668 dudum
1320 4611 1465 4681 legebatur.
1484 4608 1549 4682 jam
1576 4611 1700 4672 dudum
1716 4610 1865 4673 abactam·

210 4684 262 4796 que
283 4677 351 4726 recte
369 4677 618 4756 qrvuru'ldeiaru'eus
627 4694 688 4746 pom
705 4680 797 4750 Aprili
810 4697 897 4738 meuse
914 4685 1023 4739 Verona
1040 4700 1159 4755 proeseus
1180 4685 1276 4752 tuerit.
1314 4682 1351 4734 ⁸¹⁷
1369 4682 1441 4737 deest
1462 4683 1489 4736 2.
1530 4681 1577 4721 ⁵¹⁸
1602 4688 1646 4741 M.
1667 4688 1766 4744 uxoris
1778 4685 1867 4742 soseri

232 4749 319 4824 emt.
358 4741 394 4778 ⁵¹⁹
415 4753 442 4828 et
461 4762 479 4799 r.
493 4745 511 4801 i.
527 4763 549 4802 s.
569 4748 600 4801 P.
623 4764 647 4819 p.
669 4750 765 4805 desciret
787 4755 813 4807 3.
852 4752 1064 4826 ⁸¹⁰1umperqtt
1083 4760 1105 4810 1.
1144 4755 1175 4793 ⁸²·
1193 4772 1217 4811 c.
1234 4754 1268 4812 G.
1289 4760 1352 4810 ete.
1377 4768 1401 4809 c.
1422 4753 1519 4808 meunt
1535 4757 1568 4810 2.
1613 4756 1651 4792 ”t
1663 4760 1731 4829 jum
1748 4762 1830 4832 perpet
1848 4764 1865 4812 1.

213 4810 249 4848 ⁵¹³
266 4829 327 4883 pam
344 4820 430 4884 perpet
448 4821 471 4871 t.
511 4817 544 4854 θ’*
564 4819 816 4892 {teterrimumque
830 4826 951 4882 Domino
975 4821 1125 4883 mantel.
1163 4826 1240 4881 Μῖνι
1259 4827 1397 4887 locoruso,
1420 4825 1468 4878 ubi
1491 4828 1580 4894 prius
1592 4830 1689 4885 lectio
1706 4832 1869 4888 8881883111

212 4887 394 4992 ‘pgcescrtptc
409 4887 495 4969 suerit
513 4894 537 4943 t.
577 4889 609 4923 ⁵²⁶
625 4894 652 4945 ia
670 4892 723 4947 leco
741 4910 803 4949 ruse
826 4903 849 4950 t.
890 4896 923 4933 ⁵²⁷
943 4901 971 4953 iu
993 4897 1050 4954 leco
1071 4915 1133 4955 ruse
1156 4905 1177 4954 1.
1213 4897 1249 4935 ⁸¹⁸
1267 4897 1369 4954 scilicet
1384 4895 1539 4954 Zviuelton
1564 4900 1744 4974 qlosscxsoec.
1759 4903 1829 4960 nv.
1847 4904 1867 4956 i.

261 4957 334 5011 deest
348 4963 373 5011 3.
412 4955 445 4990 ⁸³⁰
461 4960 658 5020 tulocorusol.
697 4963 906 5025 ΒΜμ’μίομμμμμο
922 4973 945 5026 l.
999 4969 1258 5026 ω’μ’μῑοοομμμοι.

992 5121 1109 5180 NOTAE.

234 5244 343 5327 ⁶(1377)
363 5243 508 5328 Lambacb
522 5244 549 5301 in
565 5248 673 5304 dustria
687 5253 839 5324 superiore,
855 5253 900 5311 ubi
914 5270 1010 5311 eoeno·
1100 5261 1189 5324 (1380)
1204 5255 1321 5312 Videtur
1344 5254 1455 5311 innuere
1468 5255 1661 5327 Heymonem
1676 5261 1742 5335 ejus
1761 5260 1866 5333 disum

214 5315 290 5370 ΜΠ)
310 5316 480 5372 θθῐῑὼᾶθῐθῑ·
1064 5328 1120 5384 lum
1137 5336 1163 5383 et
1173 5328 1241 5383 Vitae
1256 5327 1430 5398 scriptorem.
1441 5327 1572 5397 operam
1585 5330 1651 5402 ejus
1664 5330 1865 5408 cautoqrnle

250 5390 341 5452 (1378)
364 5388 505 5445 celebrata
528 5397 571 5446 est
584 5390 737 5462 synodusv
751 5397 814 5454 Kal.
832 5399 898 5470 hpr.
923 5399 1011 5456 blansi
1063 5399 1163 5457 derunt
1178 5403 1267 5455 anon.
1288 5398 1360 5454 blell.
1376 5406 1403 5454 et
1417 5397 1597 5456 'trithemius
1612 5403 1770 5479 Deoeripr.
1783 5404 1861 5462 aede

215 5456 284 5520 XX·
297 5462 359 5512 ⁷3⁸·
444 5531 449 5542 ,
1010 5499 1013 5505 ·
1063 5479 1090 5531 et
1099 5471 1128 5525 in
1139 5468 1274 5527 Chronico
1287 5469 1322 5526 ad
1334 5483 1436 5526 annum
1452 5473 1531 5524 10711.
1545 5471 1620 5527 Uss.

236 5527 603 5609 .(1373)1μ1361μ11μμ11μμ11.
620 5533 681 5589 Vid.
698 5535 816 5594 Gerbert
829 5541 902 5597 Hist.
920 5543 1009 5615 Nigrae
1099 5545 1189 5610 (1381)
1208 5541 1344 5596 Musicam
1365 5543 1391 5596 S.
1407 5538 1555 5596 Wilbelmi
1576 5542 1675 5603 edidit
1695 5548 1862 5607 Gerbextflt

179 5667 186 5676 ⁸
215 5598 324 5654 Srlvaet.
334 5601 356 5666 l,
369 5615 393 5667 p.
407 5608 471 5663 tear
483 5603 517 5658 de
525 5605 552 5659 S.
560 5606 676 5687 deorgii
685 5624 711 5679 p.
724 5614 789 5672 783,
802 5610 1009 5669 deZwilaltensi
1026 5646 1042 5664 ,
1064 5616 1101 5680 ll,
1116 5613 1246 5679 scriptor.
1262 5613 1358 5668 music.
1374 5613 1436 5669 Ues.

215 5685 242 5742 p.
259 5675 326 5735 2883
342 5669 377 5723 de
389 5672 566 5731 scafhusensi
579 5693 604 5748 p.
621 5682 682 5734 383.
699 5679 740 5734 Cl.
755 5682 907 5738 hlabillouii
920 5684 1011 5742 obser·
1101 5689 1190 5751 (1383)
1207 5686 1265 5741 liae
1277 5699 1342 5739 voce
1355 5693 1474 5754 quatuor
1489 5683 1666 5746 matheseos
1678 5699 1784 5763 μω,
1795 5682 1859 5747 :rib

116 5758 120 5771 ·
215 5739 338 5794 rationes
349 5742 456 5812 praeviae
468 5743 497 5798 in
509 5747 567 5818 ejus
580 5749 672 5807 Vitam
683 5750 700 5807 l.
714 5767 752 5822 c.,
768 5768 794 5823 μ.
807 5759 871 5823 717,
881 5764 909 5811 et
921 5756 1008 5812 Tritb.
1065 5756 1205 5823 metioam,
1215 5754 1402 5826 geometriam,
1419 5754 1558 5813 musicam
1574 5767 1605 5815 et
1618 5756 1858 5821 manumissa

214 5808 286 5868 Chr.
304 5811 377 5869 iiirs.
393 5821 413 5869 t.
430 5816 458 5883 l,
473 5831 498 5886 p.
514 5820 576 5873 3117.
596 5822 660 5878 Urs.
1065 5826 1193 5882 dicabant
1206 5837 1315 5883 veteres.
1331 5828 1396 5882 Uss.
