3870 6164
592 148 598 163 r
658 134 664 163 i

103 246 141 303 Gi
604 247 866 310 ructuantium.
887 278 923 296 ·-
941 251 1031 312 tcta
1049 252 1078 309 S.
1098 250 1271 310 Gnuuottu.
1720 262 1762 321 ot

105 370 217 440 lutura,
245 376 336 431 vulta
356 369 445 428 119109
468 370 584 441 fiducia,
609 372 717 448 largior.
740 375 815 433 Sicut
838 378 910 435 euim
925 385 952 452 Α
966 378 1122 452 plorareuta
1146 377 1254 436 elevatis
1271 376 1331 452 pius
1348 379 1431 435 Pater
1451 377 1480 436 in
1503 380 1604 440 coelum
1624 386 1719 455 oculis,
1735 396 1763 447 et

106 465 254 534 licuricus,
270 481 320 538 pro
334 481 383 523 sua
404 466 530 539 superbia
553 476 582 525 et
600 467 783 527 inobedientia
797 480 825 528 ct
838 469 910 528 salsi·
964 472 1063 530 codem
1085 473 1218 545 porrectis
1244 473 1330 529 instar
1352 474 1517 532 ascensionis
1536 478 1659 550 palmis:
1682 480 1759 551 Illuc,

107 566 173 629 tato,
184 574 200 617 a
211 558 300 632 Regni
313 558 443 633 dignitato
453 560 527 635 juste
547 560 689 635 abjicitur3
711 563 747 620 ita
759 563 909 638 liudolpho
962 566 1060 640 inquit,
1076 566 1232 632 ascendam,
1246 574 1275 624 et
1292 566 1399 627 obnixis
1419 570 1555 643 precibus,
1571 575 1631 630 Deo
1643 573 1760 649 propitio

107 668 158 725 pro
173 668 223 711 sua
239 653 402 723 bumilitate,
421 654 583 724 obedientia,
603 656 726 726 veritato,
746 667 868 732 potestas
881 668 911 719 et
962 676 1012 718 vos
1028 661 1211 719 committam.
1835 716 1838 727 .

108 746 225 821 dignitas
236 747 327 819 liegni
338 748 508 807 conceditur.
999 760 1062 813 tot.
1082 757 1216 813 Praeterea
1232 764 1346 829 rogatus
1365 759 1443 815 utin
1466 768 1539 817 tanta
1554 761 1677 820 fidelium
1700 780 1761 836 per·

146 841 908 919 99.·Agit'cnunc,quaeso,PatrcsetPrincipessanctis·
961 850 1126 920 turbatione,
1159 849 1209 907 sibi
1242 866 1427 909 successorem
1452 862 1480 910 et
1505 855 1634 914 Ecclesiae
1664 868 1759 916 contra
1821 852 1826 867 ’

108 935 181 1005 simi,
197 944 227 992 ut
239 935 457 994 omnismundus
464 937 595 1012 intelligat
605 948 634 997 et
646 950 793 1014 cognoscat
802 944 909 1015 malasi
961 944 1192 1018 praenominatum
1201 945 1354 1002 adulterum
1369 946 1521 1019 designaret
1533 950 1660 1020 ultorem,
1675 953 1758 1009 trium

106 1029 340 1103 potcstisiucoelo
352 1030 435 1103 ligare
446 1039 474 1088 et
485 1031 601 1104 solvere,
614 1035 725 1107 potestis
735 1035 763 1092 in
773 1044 845 1093 terra
858 1039 910 1095 im·
961 1038 1036 1096 dedit
1053 1039 1193 1112 optionem
1214 1058 1222 1096 r
1248 1038 1373 1096 videlicet
1396 1039 1539 1107 Desiderii,
1558 1044 1708 1103 Cardinalis
1731 1055 1759 1104 et

105 1124 192 1196 peria,
206 1139 301 1198 regua,
315 1123 441 1195 ducatus,
451 1126 628 1199 principatus,
641 1128 785 1199 marchias,
796 1131 908 1189 comita·
961 1132 1076 1190 abbatis
1106 1133 1225 1190 coenobii
1243 1134 1426 1204 cassinensis3
1451 1144 1533 1209 atque
1565 1137 1757 1197 reverendissi-

105 1224 164 1286 tus,
179 1225 208 1274 et
227 1218 354 1275 omnium
367 1218 512 1277 bominum
537 1223 721 1293 possessiones
742 1240 792 1297 pro
805 1225 908 1283 meritis
960 1243 1071 1284 morum
1084 1228 1290 1300 Episcoporum,
1305 1230 1415 1287 ottonis
1427 1231 1566 1302 Ostiensis,
1585 1240 1612 1288 et
1635 1234 1759 1307 Hugonis

104 1311 202 1369 toliere
214 1312 359 1386 unicmque
372 1322 399 1370 et
412 1313 574 1371 concedere.
587 1317 645 1374 Vos
655 1317 728 1374 enim
743 1318 908 1377 Patriarclra·
960 1320 1157 1395 Lugdunensis.
1171 1322 1274 1379 Verum
1284 1322 1346 1395 quia
1361 1326 1426 1381 Otto
1437 1323 1562 1382 nondum
1578 1328 1758 1386 aGcrmanito

104 1412 163 1473 tus,
186 1406 336 1474 Primatru,
359 1406 630 1481 archiepiscopatus,
653 1411 828 1484 Episcopatus
850 1412 904 1470 ire·
960 1424 987 1471 et
1000 1416 1094 1472 Galliae
1106 1417 1227 1487 partibus
1241 1414 1368 1485 redierat,
1389 1417 1435 1474 ubi
1448 1412 1604 1490 apostolica
1623 1420 1758 1494 legatione

104 1507 221 1570 quenter
229 1500 330 1557 tulistis
352 1501 442 1574 pravis
462 1511 490 1558 et
503 1501 631 1575 indignis,
653 1513 681 1561 et
699 1505 829 1579 religiosis
843 1506 906 1564 viris
959 1507 1086 1577 functus,
1114 1510 1296 1567 venerabilem
1324 1511 1516 1569 Gebebardum
1546 1515 1601 1585 (98)
1624 1516 1757 1573 Constan-

104 1591 226 1650 dedistis
247 1593 277 1650 Si
286 1594 360 1650 enim
373 1594 520 1667 spiritualia
531 1596 670 1669 judicatis,
687 1599 751 1670 quid
770 1599 804 1656 de
817 1615 904 1658 saecu·
959 1603 1089 1660 tieusibus
1104 1604 1233 1661 Ecclesiae
1248 1605 1396 1662 Praesulem
1413 1623 1442 1663 se
1455 1617 1590 1679 praesente
1611 1617 1638 1664 et
1650 1607 1757 1667 favento
1861 1628 1864 1633 ·

105 1686 209 1744 laribus
231 1702 281 1744 vos
298 1704 377 1761 posse
398 1688 565 1747 credendum
580 1694 643 1747 est?
660 1691 811 1750 addiscant
832 1711 907 1754 nuuc
959 1708 1175 1766 consecraverat,
1205 1707 1232 1755 et
1254 1699 1304 1755 alia
1329 1700 1459 1755 nonnulla
1484 1700 1518 1756 ad
1544 1701 1757 1761 stabilimentum
1851 1738 1855 1751 ι
1905 1758 1912 1783 ,

104 1783 196 1854 Reges
220 1790 249 1839 et
268 1797 366 1840 omues
389 1784 483 1840 saculi
497 1783 636 1857 Principes
655 1788 749 1859 quanti
770 1804 818 1844 ros
830 1789 905 1859 estis,
920 1759 945 1823 B
961 1791 1087 1848 Ecclesiae
1099 1793 1257 1864 pertinentia
1270 1792 1416 1866 prudenter
1424 1800 1477 1861 (90)
1485 1795 1757 1867 ordinaverat(tll(t);

105 1875 171 1948 quid
194 1875 317 1949 potestis,
343 1883 372 1934 et
394 1877 509 1935 timeant
538 1878 731 1952 parvipendere
752 1882 906 1955 jussionem
960 1888 1044 1958 Hugo
1065 1902 1174 1959 quoquc
1192 1901 1242 1942 sua
1257 1886 1373 1943 lustrans
1386 1887 1569 1959 gubernacula
1592 1890 1686 1962 procul
1705 1890 1755 1947 ab·

105 1969 232 2029 Ecclesia
256 1978 369 2039 vestm,
384 1979 412 2028 et
435 1971 464 2027 iu
487 1972 618 2045 praedicto
640 1975 759 2032 ilenrico
775 1985 832 2032 tam
851 1977 905 2035 cito
960 1988 1037 2049 erat3
1059 1979 1168 2036 interim
1182 1980 1269 2037 suasit
1287 1980 1346 2054 eligi
1362 1981 1479 2038 vicinum
1496 1981 1680 2053 Desiderium‚
1695 1983 1757 2042 iicet

102 2064 237 2137 y'udicium
263 2073 385 2122 vestrum
407 2075 540 2134 exercete,
566 2075 597 2124 ut
619 2083 716 2126 omnes
736 2071 822 2127 sciant
842 2070 905 2143 quia
959 2074 1117 2131 brevissime
1129 2073 1276 2144 victurum,
1291 2091 1346 2131 non
1367 2083 1461 2132 tamen
1475 2076 1577 2149 absque
1595 2085 1661 2150 typo
1673 2078 1758 2135 victo-

104 2174 161 2216 uon
181 2158 309 2228 scrunito,
325 2158 374 2217 scd
392 2168 483 2218 vestm
505 2168 638 2234 potestate
655 2161 732 2219 cadet
747 2172 775 2221 et
789 2163 904 2223 coniun·
959 2183 1018 2225 rcm
1043 2184 1102 2224 esse
1128 2168 1329 2241 appellandum.
1348 2171 1418 2225 Nam
1447 2170 1474 2225 in
1497 2170 1594 2226 diebus
1618 2171 1685 2244 ejus,
1710 2172 1757 2244 qui

104 2253 196 2323 detm,
211 2253 318 2309 utinam
331 2252 366 2310 ad
381 2254 577 2327 peonitentiam,
595 2263 628 2312 nt
645 2257 755 2329 spiritus
769 2258 905 2317 sitsalrus
960 2270 1079 2335 quatuor
1098 2262 1181 2335 aptati
1196 2270 1261 2319 sunt
1282 2263 1435 2331 mensibus,
1454 2262 1588 2320 famosam
1614 2264 1756 2321 victoriam

104 2348 132 2405 in
145 2346 191 2404 die
203 2347 327 2406 Domini.
342 2349 411 2407 ecta
425 2350 534 2421 Romae,
549 2347 636 2410 Nonis
653 2350 756 2421 Martii,
775 2351 902 2411 indictio·
958 2354 1034 2414 dedit
1055 2357 1191 2414 Dominus
1213 2356 1379 2430 apostolicae
1407 2356 1483 2415 Sedis
1509 2358 1757 2431 propugnatoribus

104 2457 140 2499 ne
155 2447 182 2499 ³.
198 2464 212 2493 ι
959 2449 993 2507 de
1012 2449 1170 2509 adversariis
1192 2450 1292 2524 ipsius3
1316 2467 1465 2524 perquem
1488 2452 1572 2508 etiam
1592 2452 1757 2510 Catbedram
1839 2457 1843 2463 '

142 2542 206 2595 100.
223 2535 309 2610 igitur
322 2537 431 2597 &tanae
446 2538 563 2597 mutus
574 2539 667 2597 infelix
686 2541 820 2599 ilenricus
832 2541 904 2600 rabi·
958 2544 1096 2601 suamdiu
1113 2545 1147 2602 ab
1169 2544 1339 2601 invasoribus
1362 2545 1502 2602 detemam
1527 2546 1628 2618 recepit
1646 2546 1755 2603 Wirze·
1814 2568 1822 2575 ·

103 2630 195 2705 doque
217 2630 377 2691 daemonum
396 2631 493 2704 furori,
517 2635 603 2708 magis
625 2650 657 2691 ac
669 2636 757 2709 magis
769 2635 805 2693 ad
825 2652 902 2694 sum·
958 2639 1099 2712 burgensis
1124 2639 1275 2711 Episcopus
1295 2639 1407 2696 nomine
1431 2639 1583 2709 Adalbero,
1602 2639 1643 2695 vir
1656 2648 1759 2712 specta

104 2741 182 2782 mura
210 2725 359 2799 iniquitatis
383 2726 558 2798 conscendit;
582 2737 610 2786 et
629 2728 778 2803 legitimum
801 2715 903 2803 Papam
957 2731 1019 2788 bilis
1042 2740 1119 2799 natu,
1145 2731 1312 2788 honorabilis
1338 2733 1424 2803 vultu,
1449 2741 1477 2788 et
1497 2740 1569 2801 actu,
1584 2733 1698 2790 reduces
1714 2733 1761 2791 ba·
1845 2798 1855 2807 ,

104 2817 254 2876 destituere
271 2820 396 2894 cupiens,
412 2835 522 2879 auream
548 2829 667 2880 statuam
692 2822 853 2880 simoniacis
874 2832 903 2882 et
960 2822 1026 2882 bens
1046 2825 1214 2881 venerandos
1235 2825 1411 2898 Coepiscopos
1434 2825 1596 2897 predictum
1615 2826 1758 2884 Gcbebar·

104 2912 244 2971 Nicolaitis
272 2913 299 2970 in
321 2916 448 2972 Romana
479 2915 598 2985 civitate,
623 2932 706 2989 quam
734 2916 902 2991 Babylonem
957 2917 1024 2975 dum
1048 2917 1299 2986 Constanticnscm,
1323 2925 1351 2973 et
1371 2919 1565 2973 Hermaunum
1591 2921 1758 2989 aletensem,

105 3008 203 3064 Petnrs
219 3016 249 3065 et
271 3011 392 3065 loannes
411 3009 557 3083 appellant,
580 3026 669 3068 novus
683 3010 903 3069 Nabuchodono·
957 3010 1043 3086 quiet
1064 3011 1116 3084 ipsi
1131 3027 1182 3084 pro
1195 3009 1328 3067 fidelitate
1348 3010 1475 3082 Gregorii
1489 3010 1576 3069 nostri
1590 3011 1674 3068 Sedes
1695 3026 1759 3070 suas

104 3117 159 3170 sor,
186 3102 274 3159 erexit
294 3106 369 3175 (97);
396 3104 560 3161 Guibertum
582 3104 685 3163 scilicet
716 3108 903 3163 Ravennatem
958 3105 1117 3162 amiserant.
1145 3104 1312 3161 Praediserat
1331 3104 1421 3161 eidem
1437 3103 1581 3161 Desiderio
1594 3106 1675 3161 Pater
1688 3119 1752 3162 sau·

104 3195 346 3269 Episcopumy'am
361 3197 494 3270 pridema
517 3198 650 3272 Gregorio
669 3208 777 3268 nostro,
791 3208 902 3272 propter
957 3209 1017 3256 ctus
1030 3199 1105 3271 quod
1124 3214 1181 3256 non
1201 3196 1470 3256 interluturuscssct
1481 3198 1639 3272 migratioui
1655 3198 1758 3272 ipsius,
1778 3260 1782 3271 ,

104 3288 238 3347 incestum
261 3298 289 3347 et
316 3290 367 3348 alia
394 3292 496 3365 flagitia
523 3308 583 3361 sua,
611 3292 738 3368 synodali
770 3293 902 3350 sententia
957 3292 1083 3368 quamvis
1100 3292 1137 3348 ob
1154 3292 1208 3349 hoc
1228 3291 1420 3349 infirmitatem
1435 3292 1582 3361 invisisset,
1598 3301 1701 3377 etcum
1722 3307 1757 3351 co

104 3381 277 3441 damnatum.
302 3385 420 3443 Proinde
433 3386 591 3459 gravissima
608 3388 793 3460 persecutione
807 3396 902 3445 contra
957 3386 1093 3459 usquein
1119 3384 1204 3442 linem
1229 3393 1428 3457 perseveraret,
1450 3394 1478 3441 et
1499 3393 1609 3442 sanctas
1628 3387 1757 3457 exequias

104 3476 194 3534 sirum
219 3478 270 3535 Dei
295 3488 444 3553 commota,
473 3481 615 3537 Salernum
641 3481 784 3539 recessit:
812 3482 903 3553 ibique
956 3495 1021 3537 cum
1041 3478 1138 3535 ceteris
1161 3477 1288 3535 lidelibus
1309 3478 1471 3546 celebraret,
1496 3479 1668 3550 multumque
1692 3494 1756 3535 eum

105 3586 232 3645 supernae
260 3571 447 3631 medicationis
482 3574 631 3649 absynthio
672 3591 720 3648 per
747 3576 902 3649 corporales
956 3573 1104 3630 attonitum
1114 3572 1276 3644 tristemque
1287 3569 1452 3628 reddiderat.
1463 3572 1590 3644 Cumque
1601 3571 1718 3628 haereret
1728 3572 1756 3627 in
1845 3590 1848 3595 ·
1890 3570 1911 3657 J

106 3665 281 3738 egritudines
297 3666 485 3725 ellicacissimc
504 3677 645 3744 purgatus,
660 3669 759 3728 divinae
777 3658 903 3727 consola·
956 3667 1149 3735 admiratione,
1172 3665 1305 3739 quidnam
1322 3664 1509 3737 impedimenti
1531 3664 1655 3722 futurum
1673 3673 1755 3734 esset,
1865 3712 1873 3723 .

106 3758 187 3816 tionis
213 3759 285 3817 dulci
307 3776 440 3835 responso
466 3763 566 3819 meruit
600 3762 753 3830 exhilarari,
780 3763 903 3821 videlicet
956 3761 1048 3817 subito
1058 3761 1201 3815 nuntiatur
1214 3758 1446 3814 ciallormaunis
1459 3757 1530 3815 iacta
1540 3757 1757 3814 circumvallatio

107 3854 282 3926 purgationes
298 3854 364 3913 istas
378 3856 403 3912 ei
421 3857 449 3912 in
463 3865 624 3929 perpetuum
638 3857 768 3930 prolicere
782 3865 810 3914 et
829 3856 903 3914 suili-
957 3852 1101 3927 cujusdam
1114 3853 1215 3909 castelli
1231 3868 1282 3909 suo
1300 3853 1468 3908 monasterio
1480 3852 1594 3925 subjecti
1609 3872 1616 3908 :
1635 3861 1664 3909 et
1678 3867 1755 3909 com·

106 3962 249 4015 cere3nec
264 3949 349 4006 ullam
360 3950 565 4023 castigationem
583 3960 709 4023 oportere
723 3959 783 4024 post
797 3951 902 4007 obitum
956 3949 1051 4020 pulsus
1066 3947 1229 4004 necessitate
1251 3943 1430 4003 succurrendi
1452 3945 1518 4013 suis,
1535 3945 1652 4001 abeundi
1673 3945 1755 4001 liceu-

105 4040 226 4097 timerc:
253 4040 380 4116 denique,
401 4044 550 4117 insignum
566 4043 738 4117 sempiternae
756 4044 901 4118 sospitatis,
956 4042 1024 4099 tiam
1045 4042 1176 4112 accepit:
1196 4039 1378 4112 sicque,licet
1399 4038 1666 4112 inritus,expleudae
1684 4042 1755 4097 Pro-
1818 4077 1823 4085 -
1911 4124 1919 4131 ·

104 4135 287 4207 temporalem
309 4136 525 4195 incolumitatem
549 4138 660 4211 recepit,
681 4146 718 4206 et,
740 4139 814 4212 quod
827 4139 903 4196 valde
956 4135 1057 4210 phetiae
1074 4136 1165 4191 locum
1177 4134 1262 4191 dedit.

104 4227 257 4301 gloriosum
282 4229 366 4287 videri
392 4240 491 4305 potest,
519 4233 589 4288 circa
613 4230 752 4289 Kalendas
780 4231 903 4288 ianuarii
997 4236 1058 4287 102.
1070 4233 1176 4286 luteres
1194 4226 1318 4286 Pontiiex
1333 4229 1429 4285 beatus
1447 4229 1596 4301 Gregorius
1606 4243 1689 4300 super
1701 4227 1755 4299 bis,

105 4336 245 4394 prteuossc
269 4324 354 4395 coepit
378 4325 586 4383 dissolutionem
613 4326 734 4399 corporis
759 4326 801 4383 sui
828 4324 902 4383 futu·
957 4340 1027 4398 quos
1045 4322 1306 4392 excommunicarat,
1323 4323 1481 4394 requisitus,
1502 4322 1525 4380 si
1545 4320 1754 4394 quamdispen-
1866 4334 1876 4345 ³

106 4431 168 4471 ram
193 4416 265 4473 circa
292 4418 431 4476 Kalendas
451 4420 534 4477 Junii.
552 4420 656 4493 Quibus
676 4436 740 4478 cum
758 4420 904 4495 appropin-
956 4418 1090 4475 sationem
1109 4416 1199 4473 iacere
1221 4417 1312 4482 vellet,
1327 4417 1484 4490 respoudit:
1503 4419 1564 4473 Prae
1572 4426 1642 4472 terea
1657 4413 1756 4471 lienri·

106 4518 270 4581 quaereas
288 4511 375 4568 ultimi
390 4513 495 4570 doloris
514 4514 614 4571 luctam
628 4514 789 4583 inchoasset,
810 4523 902 4571 astan-
916 4533 942 4595 1)
956 4529 1020 4569 cum
1035 4514 1139 4585 Regem
1150 4510 1269 4579 dictum,
1282 4519 1310 4567 et
1322 4511 1487 4568 Guibertum
1502 4507 1756 4580 apostolicaesedis

105 4603 178 4659 tibus
188 4604 214 4660 ci
230 4604 370 4678 Episcopis
393 4615 421 4665 et
437 4607 636 4676 Cardinalibus‚
652 4623 777 4680 ‚eumque
789 4624 839 4683 pro
856 4609 901 4678 ,ta-
958 4606 1124 4676 invasorem,
1139 4613 1167 4661 ct
1185 4620 1284 4661 omncs
1299 4605 1358 4661 illas
1371 4605 1534 4676 principales
1547 4618 1678 4676 personas
1692 4618 1756 4675 quae

106 4695 222 4755 boribus
244 4708 346 4756 sanctae
364 4701 577 4758 conversationis
597 4711 625 4758 et
649 4700 782 4760 doctrinae
798 4703 902 4760 beatili·
956 4709 1005 4757 aut
1018 4686 1133 4756 consiilo
1144 4707 1193 4755 aut
1205 4698 1304 4755 auxilio
1318 4696 1409 4754 tavent
1424 4698 1552 4770 nequitiae
1566 4698 1609 4761 vei
1623 4698 1755 4769 impietati

105 4791 241 4862 cantibus,
256 4793 396 4867 respondit
410 4815 417 4852 :
431 4797 501 4868 Ego,
524 4798 633 4853 Fratres
652 4796 706 4852 mei
724 4796 901 4868 dilectissimi,
957 4793 1077 4861 illorum,
1088 4808 1183 4850 omnes
1202 4793 1313 4849 absolvo
1327 4801 1357 4849 ct
1372 4791 1515 4861 benedico,
1530 4793 1695 4865 quicumque
1709 4806 1756 4849 nte

103 4884 319 4947 nulloalabores
335 4902 412 4945 meos
422 4889 536 4963 alicujus
553 4890 687 4947 momenti
704 4888 834 4961 iacio;in
850 4891 904 4948 hoc
957 4887 1028 4944 hanc
1040 4886 1141 4944 habere
1154 4887 1301 4959 specialem
1315 4895 1480 4963 potestatem
1490 4887 1519 4943 in
1533 4887 1592 4942 vice
1606 4885 1755 4959 Apostolo·
1862 4884 1869 4895 “
1918 4880 1925 4887 “

105 4995 164 5035 uno
183 4980 359 5038 solummodo
378 4982 529 5052 confidens,
545 4982 620 5057 quod
638 5000 746 5057 semper
759 4984 839 5042 dilexi
860 4984 903 5058 ju·
957 4997 1020 5038 rum
1046 4981 1119 5038 Petri
1141 4989 1169 5037 et
1194 4981 1271 5037 Pauli
1303 4981 1419 5037 creduut
1435 4980 1633 5037 indubitanter:
1656 4988 1757 5053 praeter

105 5072 220 5143 stiriam,
234 5083 264 5132 et
276 5074 340 5132 odio
352 5075 432 5134 habui
447 5077 627 5150 iniquitatem.
641 5081 722 5148 ltem,
736 5067 800 5135 cum
811 5079 902 5136 auxie·
958 5078 1017 5133 haec
1030 5074 1182 5132 admonens
1195 5089 1243 5131 eos
1256 5073 1291 5130 de
1306 5074 1408 5141 multis,
1423 5080 1451 5130 et
1465 5074 1516 5130 hoc
1531 5074 1607 5132 dedit
1618 5074 1670 5130 illis
1685 5089 1758 5146 prro·

106 5174 189 5224 tatem
203 5184 281 5225 suam
296 5169 331 5227 de
356 5178 427 5227 statu
450 5186 500 5229 suo
520 5180 582 5244 post
597 5171 747 5230 discessum
773 5173 831 5246 ejus
844 5173 901 5245 de·
958 5180 1067 5244 ceptum
1084 5191 1091 5228 z
1107 5171 1149 5226 Ex
1163 5177 1239 5242 parte
1252 5168 1304 5227 Dei
1317 5168 1524 5242 omnipotentis,
1542 5177 1623 5242 atque
1638 5167 1755 5226 auctori-

145 5330 199 5393 (rt)
223 5328 378 5395 (lutbertus,
395 5328 429 5384 ab
452 5329 571 5386 ilenrico
584 5332 660 5402 Rege
683 5338 792 5387 creatus
807 5332 901 5388 drobi·
957 5336 1051 5401 patum
1065 5328 1178 5386 miserat
1193 5347 1200 5384 :
1214 5327 1264 5385 sed
1276 5327 1317 5409 'iis
1337 5342 1353 5382 a
1367 5327 1446 5384 Clero
1468 5342 1524 5383 non
1533 5325 1660 5400 acceptis,
1676 5326 1757 5387 Gcbc·

105 5397 248 5481 episcopus
273 5415 345 5456 auno
377 5405 446 5456 1019
471 5399 523 5457 fuit
554 5401 803 5458 excommunicatus
830 5418 902 5461 anno
957 5401 1059 5456 tardus
1072 5409 1231 5471 assumptus
1245 5398 1307 5456 iurt.

107 5471 368 5538 intemerariis
389 5473 901 5545 noman0v1‚cenrumr0reuptsco-
994 5476 1047 5537 (99)
1062 5473 1122 5529 Otto
1145 5480 1238 5543 postea
1255 5479 1362 5528 creatus
1384 5479 1424 5527 est
1442 5473 1515 5544 Papa
1536 5477 1711 5538 annorroae,
1727 5476 1756 5527 et
1852 5478 1855 5483 '
1909 5446 1912 5451 Ι

144 5549 251 5597 mmet
274 5542 342 5615 aliis,
365 5551 394 5600 et
417 5542 517 5600 iterum
543 5558 616 5599 auno
641 5550 719 5611 1090,
733 5544 760 5600 iu
780 5546 901 5604 Concilio
960 5545 1120 5600 Urbanusil
1132 5544 1289 5615 appellatus.
1733 5613 1740 5626 ·

131 5626 298 5670 manum.
436 5642 440 5653 =
992 5621 1066 5682 (100)
1086 5615 1138 5672 Hic
1160 5624 1201 5671 est
1225 5630 1308 5687 supra
1333 5622 1505 5675 memoratus
1533 5616 1612 5684 Huqc
1637 5614 1755 5671 celebras

140 5688 195 5750 (99)
216 5684 316 5741 Fuerat
335 5689 501 5743 constantie
526 5700 633 5742 summa
656 5688 824 5759 perturbatio
853 5705 903 5763 per
955 5687 1106 5758 Episcopus
1117 5689 1231 5755 biensis,
1249 5696 1276 5741 et
1289 5688 1405 5759 iegstm
1419 5686 1544 5759 Gregorii
1557 5688 1605 5740 Vll
1627 5702 1675 5756 per
1694 5684 1757 5741 Gal·

99 5770 191 5812 annos
203 5769 263 5823 ses,
277 5755 353 5829 quod
368 5755 500 5815 lieuricus
526 5759 581 5813 Res
594 5773 658 5814 suos
673 5761 829 5818 sacellanos
841 5763 899 5819 tta·
956 5758 1022 5815 lias:
1037 5759 1085 5832 qui
1109 5765 1141 5813 ut
1153 5762 1289 5830 majorem
1311 5756 1422 5814 haberet
1442 5754 1645 5839 auctoritatem,
1666 5758 1757 5815 lactus

101 5834 224 5903 perlem
234 5826 297 5885 dein
312 5827 489 5899 unholdum
504 5829 541 5886 ad
558 5829 771 5903 gubernandum
788 5830 901 5904 Episco·
956 5839 1008 5900 est,
1024 5844 1097 5886 anuo
1110 5834 1189 5900 1080,
1203 5828 1440 5902 arciepiscopus
1453 5827 1658 5900 Lugdunensis.

1359 6074 1377 6125 i
