3870 6164
79 208 139 315 W!=
401 260 415 279 ⁸
631 256 730 313 tibuit
748 256 915 327 OCTAVUS.
931 286 968 303 -·
985 256 1090 313 erist.
1111 254 1175 311 xxt.
1677 264 1728 317 598

79 385 129 439 labi
143 384 226 448 dabo,
241 386 268 439 st
285 383 430 455 procidens
444 384 601 441 adoraveris
616 384 675 438 rue?
690 383 796 448 (lllattb.
819 389 875 449 ru.)
887 389 915 451 Α
930 383 1022 454 cipum
1044 379 1171 437 submitti
1189 378 1303 452 genibus
1321 380 1509 451 sacerdotum,
1526 391 1555 438 et
1568 385 1726 441 exosculata

78 480 145 554 Quis
156 478 262 537 dubitet
272 478 431 537 sacerdotes
440 478 537 535 Christi
545 493 671 550 reguum,
682 486 710 534 et
718 477 871 550 principum
928 492 1026 533 eorum
1046 474 1159 530 dextera
1175 473 1346 531 orationibus
1362 490 1457 531 eorum
1472 476 1586 535 credant
1598 493 1629 533 se
1648 494 1726 535 com-

78 570 261 642 omniumque
280 568 407 626 bdelium
426 576 516 640 patras
536 575 564 623 et
583 567 731 639 magistros
752 567 873 623 censeri?
927 566 1065 626 muniri.»
1077 569 1185 639 Etpost
1197 583 1302 638 pauca:
1320 590 1334 615 ι
1346 570 1413 624 llaec
1422 578 1532 640 cuncta,
1545 570 1652 641 iratres,
1662 572 1725 629 ideo

77 660 178 716 donne
190 659 353 717 miserabilis
364 656 476 714 insanias
486 672 546 713 esse
559 656 744 728 cognoscitur,
759 657 782 712 si
800 655 873 713 lilius
928 679 980 720 uos
992 661 1149 734 promisisse
1161 660 1266 717 debetis
1280 676 1445 735 cognoscere
1463 672 1495 721 ut
1517 665 1726 725 ostenderemus

77 761 198 825 patrem,
220 752 370 823 discipulus
391 750 555 823 magistrum
570 749 621 806 sibi
647 758 763 806 conetur
776 750 871 822 subju·
928 756 997 813 nihil
1011 770 1071 813 essa
1090 755 1117 810 in
1138 754 1190 810 boc
1210 753 1313 811 saeculo
1333 756 1508 814 excellentius
1521 759 1723 824 sacerdotibus,

75 861 155 919 gare,
176 846 320 919 etiniquis
341 844 553 918 obligationibus
567 842 643 898 illum
663 843 791 916 potestati
814 860 873 900 suae
928 850 995 905 nibil
1029 846 1175 905 sublimius
1200 848 1333 920 episcopis
1360 851 1481 920 reperiri.
1514 875 1527 901 ι
1565 853 1725 911 Meminisse

76 940 227 1012 subjicere,
247 956 266 996 a
289 954 346 1012 quo
367 937 642 995 credituousolum
663 936 800 1005 interra,
824 937 873 994 scd
928 944 1011 999 etiam
1036 942 1118 998 debet
1142 939 1294 997 iratemitas
1323 950 1371 999 tua
1397 944 1458 1015 quia
1488 944 1579 1018 major
1603 955 1723 1019 potestas

76 1034 158 1089 aum
181 1035 209 1089 in
224 1033 301 1090 coelis
313 1048 344 1089 se
362 1032 438 1104 ligari
454 1047 532 1103 posse
544 1040 572 1088 et
593 1030 683 1088 solvi?
699 1032 781 1098 Haec,
803 1032 873 1088 sicut
928 1037 1072 1093 exorcistas
1090 1035 1259 1103 conceditur,
1275 1051 1340 1091 cnm
1360 1036 1508 1108 spiritualis
1521 1040 1674 1111 imperator
1687 1040 1721 1097 ad

76 1125 171 1183 beatus
184 1127 335 1200 Gregorius
348 1126 376 1181 in
392 1124 507 1197 epistola
527 1123 585 1191 (lib.
603 1139 645 1194 tr,
665 1126 748 1195 epist.
777 1124 820 1197 tl)
838 1125 873 1182 ad
928 1130 1093 1202 abjiciendos
1106 1129 1247 1186 daemones
1260 1130 1445 1199 constituitur,
1466 1147 1549 1203 quam
1570 1132 1648 1189 alicui
1672 1133 1718 1189 lai

78 1220 445 1290 ldauriciumimperatorem
459 1218 784 1287 directacommemorat,
798 1220 873 1275 Con·
928 1238 1027 1281 corum
1051 1239 1131 1279 causa
1146 1222 1283 1279 saecularis
1305 1222 1501 1280 dominationis
1520 1225 1604 1281 tribui
1625 1227 1723 1299 possit.

79 1316 227 1381 murinus,
251 1328 370 1385 magnus
396 1312 556 1384 imperator,
579 1312 706 1367 omnium
725 1327 822 1384 regum
845 1322 874 1369 et
928 1318 1064 1375 omnibus
1082 1331 1183 1387 nempe
1204 1315 1315 1388 regibus
1338 1325 1367 1373 et
1389 1317 1553 1390 principibus
1571 1327 1654 1377 terrm
1673 1320 1722 1392 qui

81 1407 231 1479 principum
262 1404 318 1463 lere
347 1406 432 1462 totius
456 1405 532 1461 orbis
559 1404 704 1475 domiuus,
733 1405 873 1461 evidenter
927 1411 1054 1484 religiose
1073 1425 1131 1467 non
1152 1409 1246 1465 vivunt
1269 1417 1297 1465 et
1311 1409 1339 1464 iu
1350 1410 1457 1466 actibus
1475 1412 1547 1481 suis,
1573 1415 1676 1481 Deum,
1692 1421 1724 1469 ut

82 1498 242 1573 intelligens,
265 1500 295 1556 in
314 1507 409 1556 sancta
430 1498 540 1556 Nieaeua
564 1497 671 1571 synodo
694 1507 756 1570 post
776 1515 873 1556 omnes
927 1513 1045 1576 oportet,
1066 1519 1123 1560 uon
1137 1508 1274 1565 metuunt.
1296 1502 1453 1573 daemones,
1469 1503 1523 1561 beu
1539 1505 1608 1577 proli
1631 1506 1724 1563 dolor!

83 1595 218 1667 epscopus
231 1594 344 1651 ultimus
362 1592 503 1657 residens,
522 1592 625 1648 nullam
643 1591 739 1664 judicii
760 1602 871 1651 senten·
927 1597 1112 1663 dominentur,
1127 1605 1155 1653 et
1177 1596 1276 1652 misera
1293 1596 1422 1653 servitute
1440 1596 1622 1655 confundunt.
1645 1599 1724 1657 Tales

80 1687 139 1745 fiam
158 1704 244 1761 super
263 1703 311 1745 eos
335 1688 400 1743 darc
420 1685 613 1758 praesumpsit3
633 1685 683 1742 sed
704 1686 766 1741 illos
787 1686 872 1743 etiam
927 1707 984 1748 non
998 1690 1093 1747 divino
1107 1689 1180 1746 ducti
1194 1705 1301 1757 amore,
1325 1689 1396 1745 sicut
1409 1690 1526 1761 religiosi
1547 1690 1723 1761 sacerdotes,
1833 1704 1836 1709 ·
1919 1720 1922 1731 ·

80 1779 142 1839 deos
156 1796 270 1849 vocans,
286 1798 341 1837 nou
352 1797 402 1837 suo
415 1780 516 1837 debere
525 1779 637 1836 subesse
648 1778 764 1852 judicio,
777 1795 875 1839 verum
888 1748 912 1812 B
927 1784 963 1841 ad
983 1784 1117 1840 honorem
1141 1781 1191 1838 Dei
1215 1790 1243 1838 et
1263 1781 1405 1839 utilitatem
1428 1783 1583 1840 animarum
1605 1799 1724 1856 praeesse

74 1888 105 1930 se
122 1875 159 1931 ad
182 1875 293 1932 illorum
313 1873 430 1945 pendere
450 1872 594 1930 arbitrium
615 1871 757 1943 Judicavit.
771 1874 892 1944 supra-1
928 1878 1049 1951 cupiunt,
1081 1876 1130 1934 sed
1162 1885 1192 1933 ut
1224 1875 1421 1933 intolerabilem
1453 1877 1608 1949 superbiam
1645 1894 1725 1937 suam

68 1966 147 2025 dcto
166 1984 278 2043 quoque
296 1967 440 2024 Anastasio
457 1965 615 2039 imperatori
632 1965 788 2036 praelibatus
801 1982 873 2039 papa
926 1977 1075 2040 ostentent,
1091 1968 1228 2041 animique
1240 1967 1380 2024 libidinem
1394 1967 1530 2040 expleant,
1551 1970 1659 2027 caeteris
1672 1958 1724 2051 doss

64 2061 203 2119 (talasius
221 2061 399 2133 persuadens,
420 2076 456 2116 ne
475 2060 521 2116 ille
541 2058 695 2115 intimatam
716 2060 773 2116 suis
785 2061 872 2117 sensi·
927 2065 1025 2122 minari
1046 2063 1187 2121 affectant.
1210 2066 1250 2119 De
1272 2063 1372 2135 quibus
1390 2061 1488 2120 beatus
1502 2064 1676 2136 Augustinus
1694 2066 1724 2121 iu

62 2150 127 2211 ltus
157 2156 301 2212 veritatem
334 2155 513 2210 arbitraretur
539 2153 678 2226 injuriam,
714 2152 869 2224 subintulit,
926 2155 996 2212 libro
1010 2156 1100 2228 primo
1114 2156 1152 2211 [ie
1170 2152 1295 2210 doctrina
1308 2153 1463 2211 Christiana
1488 2152 1583 2210 dicit:
1608 2177 1622 2203 ι
1649 2155 1722 2213 Cum

55 2243 169 2306 diceus
192 2269 199 2302 z
228 2252 325 2305 «Duo
347 2257 411 2305 sunt
432 2248 542 2320 quippe,
566 2247 715 2318 imperator
738 2251 871 2320 Auguste,
927 2266 993 2307 vero
1008 2250 1092 2306 etiam
1108 2247 1205 2319 eisqui
1220 2247 1272 2304 slbi
1292 2248 1452 2304 naturaliter
1475 2257 1649 2319 parescunt,
1668 2250 1722 2307 boc

54 2342 176 2409 quibus
195 2342 378 2415 principaliter
393 2340 514 2397 mundus
533 2339 579 2396 bic
597 2339 711 2412 regitur,
725 2341 872 2397 auctoritas
927 2352 969 2402 est
988 2342 1154 2407 bominibus,
1170 2340 1284 2413 quilibet
1302 2340 1441 2397 dominari
1454 2340 1578 2410 allectat,
1594 2343 1722 2400 intolera-

50 2442 181 2493 ueram
202 2435 364 2509 pontificum
384 2443 412 2491 et
432 2434 530 2506 regalis
555 2441 691 2505 potestas,
718 2434 748 2490 in
773 2435 872 2506 quibus
927 2438 992 2494 bilis
1005 2437 1117 2493 omniuo
1138 2435 1264 2506 snperbia
1284 2443 1336 2491 est.
1361 2456 1375 2484 a
1402 2439 1489 2491 Porro
1512 2437 1667 2504 exorcista,
1692 2432 1750 2493 ut''‘

51 2526 151 2586 tanto
172 2530 284 2603 gravius
299 2529 404 2601 pondus
419 2537 462 2584 est
475 2527 650 2583 secerdotum
671 2535 773 2599 quanto
788 2526 872 2584 edam
926 2530 1057 2596 diximus,
1071 2544 1154 2599 super
1167 2527 1310 2584 daemoues
1327 2531 1414 2585 alico
1428 2530 1573 2600 imperium
1588 2529 1694 2587 babent
1714 2551 1720 2587 :

51 2625 122 2680 Pro
146 2624 215 2695 ipsis
229 2623 341 2690 regibus
364 2622 488 2677 omnium
503 2621 531 2675 in
545 2619 640 2676 divino
656 2619 785 2677 reddituri
808 2629 873 2677 suut
927 2630 1029 2696 quanto
1041 2621 1123 2693 igitur
1138 2623 1224 2692 magis
1237 2636 1320 2693 super
1338 2622 1444 2693 eosqui
1464 2621 1640 2679 demonibus
1660 2623 1725 2679 sub-

49 2716 202 2773 examine
215 2717 365 2772 rationem.
380 2738 393 2763 ι
409 2717 455 2782 Et,
466 2714 559 2787 paucis
570 2713 746 2784 interpositis,
763 2714 869 2788 inquit:
925 2698 1029 2788 jecti‘et
1040 2714 1164 2770 membra
1179 2722 1245 2769 sunt
1255 2713 1426 2769 daemonum.
1443 2715 1545 2787 Siergo
1559 2715 1603 2771 bis
1613 2723 1724 2773 tantum

54 2816 71 2843 ⁸
100 2808 189 2866 Nosti
199 2809 291 2879 itaque
303 2810 376 2865 inter
391 2807 451 2864 baec
466 2807 576 2863 illorum
589 2815 616 2861 te
632 2804 751 2877 pendere
758 2806 872 2878 judicio,
928 2808 1108 2881 praeminent
1121 2807 1273 2873 exorcistas,
1288 2814 1392 2878 quanto
1412 2808 1531 2879 amplius
1549 2809 1727 2865 sacerdotes?

51 2901 128 2959 ι1οη
139 2904 202 2960 illos
213 2903 249 2959 ad
259 2913 336 2959 tuam
352 2901 422 2958 velle
437 2899 523 2972 redigi
531 2901 713 2956 voluntatem.
729 2920 743 2953 a
760 2900 874 2956 Talibus
928 2905 1062 2959 Praeterea
1074 2900 1164 2957 omnis
1178 2915 1224 2956 rex
1240 2899 1409 2956 Christianus
1420 2899 1455 2955 ad
1473 2900 1578 2956 exitum
1597 2901 1721 2970 veniens,

53 2996 137 3065 ergo
159 2996 293 3053 institutis
316 2996 469 3068 talibusque
492 2993 553 3051 iulti
574 2993 792 3061 auctoritatibus,
817 2995 874 3066 ple·
929 3005 960 3052 ut
973 2994 1070 3053 infami
1083 3008 1223 3050 carcerem
1241 2992 1347 3061 eradat,
1363 3001 1394 3048 ut
1407 2990 1443 3048 de
1454 2992 1576 3049 tenebris
1590 2993 1620 3049 in
1635 2995 1726 3051 lucem

53 3078 150 3159 ri(turc
165 3089 326 3163 pontificum
345 3089 392 3146 alii
404 3104 493 3161 reges,
505 3089 550 3143 alii
563 3090 746 3158 imperatores
763 3103 874 3145 ercom-
893 3089 1039 3155 ctendat,
1055 3096 1086 3144 ut
1108 3087 1144 3143 dc
1163 3095 1337 3157 peccatorum
1360 3085 1474 3143 ducalis
1498 3086 1528 3142 iu
1547 3087 1599 3143 Dei
1620 3088 1725 3161 judicio

55 3180 292 3241 manicaverunt.
309 3185 380 3239 llam
402 3181 424 3238 si
447 3182 561 3251 speciale
574 3179 686 3253 aliquod
698 3179 734 3237 de
749 3183 874 3252 personis
928 3183 1069 3240 absolutus
1099 3188 1246 3252 appareat,
1269 3178 1417 3236 sacerdotis
1441 3195 1522 3251 opem
1552 3180 1667 3252 supplex
1690 3196 1723 3238 ac

58 3274 228 3350 anuapum
242 3278 399 3349 requiratur
419 3275 591 3346 exemplum,
619 3275 714 3331 beatus
735 3278 874 3333 luuocen-
927 3275 1099 3333 miserandus
1115 3274 1240 3347 requirit.
1257 3272 1324 3343 Quis
1344 3279 1436 3330 autem
1459 3288 1517 3329 non
1530 3273 1615 3330 modo
1629 3289 1724 3331 mosr-

57 3358 123 3427 tius
144 3386 216 3444 papa
230 3369 377 3427 Arcadum
396 3369 608 3441 imperatorem,
622 3368 667 3439 qui
688 3369 829 3425 consensit
843 3377 874 3425 ut
927 3369 1036 3435 dotum,
1055 3383 1151 3423 renim
1170 3367 1254 3423 etiam
1268 3364 1411 3434 laicorum,
1435 3367 1464 3422 iu
1477 3367 1606 3423 exuenda
1620 3368 1726 3439 positura

57 3462 182 3521 ⁸‘stactus
203 3465 323 3519 loannes
346 3463 562 3535 Cbrysostomus
593 3460 695 3519 asede
717 3461 871 3533 pelleretur,
927 3480 978 3536 pro
1008 3477 1065 3518 sua
1094 3461 1192 3519 animas
1219 3460 1306 3516 salute
1337 3459 1436 3516 terreni
1468 3460 1539 3533 regis
1571 3460 1727 3532 imploravit
1817 3536 1822 3545 Ι

56 3556 327 3615 excommunicavit.
927 3556 1075 3614 auxilium?
1097 3554 1165 3624 Quis
1187 3568 1251 3611 vcro
1272 3568 1367 3626 regum
1390 3552 1431 3609 vel
1455 3552 1652 3625 imperatorum
1673 3555 1724 3611 ali·

98 3652 185 3709 Alius
199 3651 266 3707 item
275 3653 420 3707 Romanus
430 3646 565 3720 pontifex,
579 3646 725 3704 Zacharias
736 3646 871 3716 videlicet,
928 3665 1011 3721 quem
1033 3648 1219 3706 christianum
1246 3663 1281 3707 ex
1309 3646 1437 3718 imposito
1460 3647 1514 3703 sibi
1537 3646 1627 3704 officio
1650 3647 1724 3705 salet

56 3744 163 3815 ‘egem
187 3745 371 3812 Francorum,
398 3758 453 3797 nou
468 3750 525 3798 tam
540 3757 589 3812 pro
608 3741 667 3797 suis
686 3741 873 3813 iniquitatibus
927 3758 1005 3799 sacro
1026 3741 1190 3814 baptismate
1215 3756 1248 3796 ex
1269 3739 1371 3797 diaboli
1394 3746 1530 3812 potestate
1553 3739 1668 3813 eripere,
1695 3750 1725 3798 et
1766 3726 1776 3745 ⁶

55 3840 152 3899 auam
172 3837 295 3909 eoquod
315 3844 400 3893 tantae
423 3836 549 3908 potestati
573 3850 634 3891 nou
658 3843 717 3890 erat
742 3834 835 3902 utilis,
856 3851 872 3893 a
927 3839 998 3894 inter
1018 3836 1091 3892 lilios
1105 3835 1154 3892 liei
1175 3850 1390 3902 connumerare,
1412 3843 1561 3909 sanctoque
1574 3836 1724 3895 chrismate

52 3930 348 4003 'eguodeposuiuet
362 3929 520 4001 Pippinum,
536 3927 628 3985 Caroli
650 3928 741 4001 Magni
755 3926 872 4000 impera·
927 3930 1110 4004 praemunire?
1129 3940 1167 3998 et,
1189 3928 1264 4001 quod
1284 3928 1436 3985 maximum
1457 3929 1549 3986 estin
1572 3929 1723 3987 christiam

55 4018 138 4083 torta
168 4033 290 4098 patrem,
314 4024 342 4079 iu
369 4023 430 4095 ejus
458 4023 519 4079 loco
540 4021 697 4086 substituit,
721 4037 872 4093 omnesque
927 4025 1068 4098 religione,
1083 4023 1143 4096 quis
1157 4039 1256 4081 eorum
1278 4023 1350 4079 valet
1373 4024 1483 4095 proprio
1504 4038 1553 4079 ore
1570 4038 1672 4095 corpus
1696 4033 1725 4080 et

54 4104 253 4191 Praneigeum
272 4134 288 4173 a
308 4117 468 4189 juramento
484 4114 625 4171 lidclitutis
645 4113 720 4185 quod
740 4114 777 4171 illi
800 4113 872 4171 isce—
927 4119 1089 4190 sangninem
1102 4116 1219 4174 Domini
1231 4116 1388 4173 conficeret
1408 4117 1463 4185 vel,
1481 4117 1524 4173 cui
1540 4132 1637 4174 corum
1658 4116 1722 4174 data

54 4212 135 4269 rant
152 4212 279 4269 absoluit.
301 4211 381 4281 Quod
396 4210 480 4266 ctiam
504 4225 537 4265 ex
555 4208 691 4279 frequenti
711 4207 873 4265 auctoritate
927 4220 969 4268 est
984 4219 1105 4284 potestas
1118 4211 1218 4281 ligandi
1231 4210 1408 4282 solvendique
1422 4211 1450 4265 iu
1462 4210 1531 4267 coelo
1546 4218 1574 4267 et
1587 4211 1615 4267 in
1630 4214 1725 4267 terrai
1804 4234 1808 4239 ·

54 4304 146 4378 ⁸Epa
167 4306 224 4378 agit
243 4313 338 4361 sancta
360 4303 490 4367 Ecclesia,
515 4318 580 4358 cum
601 4300 703 4358 milites
718 4300 835 4357 absolvit
854 4316 871 4358 a
927 4307 970 4360 Er
990 4304 1089 4376 quibus
1106 4312 1198 4375 aperte
1219 4303 1357 4375 colligitur
1370 4311 1469 4375 quanta
1493 4312 1628 4374 potestate
1651 4320 1721 4375 prae·

53 4389 183 4455 'inusto
191 4397 355 4471 juramenti,
380 4396 455 4469 quod
475 4395 582 4452 factum
604 4402 647 4450 est
672 4394 713 4450 liis
738 4394 872 4469 episcopis
925 4397 1006 4455 cellat
1019 4397 1134 4469 dignitas
1154 4395 1338 4453 sacerdotum.
1361 4400 1418 4451 Ant
1437 4397 1609 4467 quiseorum
1629 4407 1723 4469 potest

55 4490 286 4563 (luitpottolica
304 4491 498 4548 auctoritates
515 4487 663 4561 pontificali
680 4487 770 4560 ffgrfldu
790 4488 1046 4563 semanimem
1078 4491 1210 4547 clericum
1244 4491 1271 4545 iu
1295 4498 1388 4545 sancta
1425 4489 1547 4545 Ecclesia
1578 4488 1720 4561 ordinare,

56 4582 186 4642 ¹¹utitur.
211 4587 247 4641 Et
268 4584 366 4640 beatus
388 4582 563 4651 Ambrosius,
585 4581 648 4637 iicet
671 4587 799 4649 sanctus,
813 4598 871 4637 non
925 4593 1028 4657 quanto
1054 4585 1145 4640 miuus
1170 4598 1219 4656 pro
1244 4582 1333 4654 aliqua
1364 4582 1444 4655 culpa
1471 4597 1534 4637 eum
1563 4582 1722 4655 deponere?

58 4668 168 4734 titttsen
187 4678 353 4735 universalis
375 4676 507 4733 Ecclesiae
528 4675 685 4747 episcopus,
712 4690 762 4746 pro
790 4675 869 4747 culpa
924 4681 1049 4749 Namque
1079 4678 1108 4733 in
1139 4676 1326 4733 ecclesiasticis
1359 4675 1504 4732 ordinibus
1534 4677 1646 4749 maioris
1682 4676 1731 4735 est'

59 4769 139 4829 (1¹¹ae
155 4771 213 4829 aliis
232 4770 417 4829 sacerdob'bus
437 4786 494 4826 non
515 4768 585 4825 adeo
605 4767 695 4840 gravis
717 4767 870 4835 videbatur,
925 4766 1064 4838 potestatis
1078 4765 1215 4836 deponere
1238 4780 1322 4837 quam
1342 4764 1479 4821 ordinare.
1506 4766 1633 4837 Episcopi
1648 4768 1721 4823 enim

59 4846 263 4923 Theodosium
275 4880 412 4937 magnum
425 4864 621 4936 imperatorem
631 4861 870 4918 excommunicans
925 4858 1125 4932 possuntalios
1138 4859 1280 4932 episcopos
1301 4857 1439 4927 ordinare,
1464 4858 1512 4915 sed
1535 4860 1611 4916 nullo
1634 4860 1722 4916 modo

58 4944 110 5005 *b
138 4959 256 5016 Ecclesia
285 4956 410 5015 exclusit.
438 4956 491 5026 Qui
518 4955 601 5012 etium
628 4954 657 5010 in
683 4954 741 5010 suis
765 4955 872 5026 scriptis
925 4955 986 5011 siue
1008 4954 1168 5011 actuoritate
1190 4954 1349 5025 apostolice
1377 4953 1450 5010 sedis
1476 4953 1624 5026 deponere.
1651 4955 1722 5024 Quis

58 5044 195 5109 “undu
207 5050 284 5125 quod
301 5065 400 5107 summ
414 5065 471 5105 non
481 5058 540 5106 tam
554 5047 701 5121 pretiosius
710 5048 746 5103 sit
759 5048 871 5120 plumbo
926 5048 1019 5121 igitur,
1044 5048 1085 5103 rel
1101 5047 1218 5103 tenuiter
1241 5047 1352 5109 sciolus.
1369 5045 1527 5103 sacerdotes
1551 5045 1657 5103 dubitet
1675 5061 1720 5102 re·

55 5136 160 5203 (tuan
172 5148 246 5219 regia
261 5152 398 5217 potestate
406 5143 443 5199 sit
457 5142 538 5199 altior
550 5141 668 5214 dignitas
682 5141 872 5211 sacerdotalis,
926 5141 1004 5213 gibus
1025 5138 1173 5197 anteferri?
1186 5140 1267 5212 Quod
1289 5141 1312 5196 ai
1326 5155 1405 5213 reges
1423 5156 1473 5212 pro
1493 5140 1610 5212 peccatis
1632 5139 1688 5195 suis
1706 5154 1721 5193 a

53 5210 133 5293 ¹²00
141 5238 225 5297 modo
238 5240 310 5296 circa
327 5237 489 5311 principium
504 5236 545 5292 sui
568 5234 714 5293 Pastorelis
727 5234 869 5291 scribens:
926 5234 1114 5292 sacerdotibus
1135 5242 1200 5290 suut
1207 5233 1359 5306 judicandi,
1380 5249 1464 5305 aquo
1489 5232 1589 5289 rectius
1608 5247 1721 5304 quama

50 5325 70 5356 ³
113 5330 219 5400 Houor,
246 5331 360 5398 iratres,
388 5339 415 5387 et
435 5328 589 5385 sublimitas
610 5327 772 5400 episcopalis
791 5327 872 5383 nullis
927 5327 1056 5381 Romano
1072 5323 1199 5396 pontilice
1220 5323 1334 5396 judicari
1353 5321 1473 5378 debent?

43 5408 176 5483 ”baut
185 5424 440 5498 comparationibus
451 5422 602 5497 adaequari.
616 5422 644 5479 Si
663 5437 756 5494 regum
771 5420 871 5495 fulgori
963 5415 1008 5472 Ad
1032 5431 1174 5472 summum
1187 5416 1327 5487 quoslibet
1344 5415 1432 5471 bonos
1451 5414 1618 5471 Christianos
1631 5413 1722 5470 multo

39 5498 227 5591 ἢ(ἱιιιῐιιιτει,
249 5526 278 5575 et
296 5518 450 5591 principum
469 5516 626 5584 diademati,
644 5517 725 5590 longe
738 5515 871 5572 eritinlc-
927 5509 1134 5568 convenientius
1153 5524 1236 5581 quam
1257 5510 1346 5565 malos
1361 5508 1494 5581 principes
1509 5522 1587 5577 reges
1608 5506 1710 5577 intellig
1788 5532 1791 5537 ·

34 5586 136 5667 ’ἡκ
151 5628 236 5685 quam
258 5612 282 5669 si
305 5610 410 5685 plumbi
431 5611 573 5668 metallum
596 5611 632 5668 ad
653 5612 711 5669 auri
734 5609 872 5683 fulgorem
926 5607 1014 5664 decet.
1040 5605 1087 5662 lati
1114 5604 1190 5662 enim
1214 5604 1331 5679 gloriam
1364 5600 1416 5659 Dei
1438 5600 1588 5674 quaereudo
1618 5599 1721 5671 seipsos

31 5682 228 5779 ‘numm
242 5707 350 5780 Quippe
361 5704 531 5763 cumvideas
545 5720 644 5777 regum
663 5707 734 5763 oolla
756 5714 784 5761 et
798 5704 872 5777 prin·
926 5712 1036 5762 strenue
1049 5705 1164 5775 regunt3
1178 5709 1208 5759 at
1227 5700 1275 5768 illi,
1290 5715 1345 5756 non
1370 5711 1432 5767 quse
1445 5697 1497 5752 Dei
1517 5700 1583 5750 sunt
1606 5692 1655 5749 sed
1673 5706 1723 5748 sua
1800 5702 1824 5768 Α
