3870 6164
82 271 152 327 rosr
533 272 677 327 seusun.
697 271 739 326 ιιι.
758 300 793 310 -
813 236 1023 329 ιιοιιιιιιιιιιιιι
1041 271 1270 330 cuneorum.
1326 222 1330 231 ¹
1661 266 1730 338 rosi
1833 300 1838 313 ·-

80 395 135 451 Dei
147 394 298 450 reverentia
313 393 349 451 ad
359 393 483 451 officium
495 394 625 466 perrexit,
639 403 667 451 et
683 393 782 451 devote
797 394 876 453 audi·
890 401 917 462 Α
931 396 977 453 ubi
990 403 1019 453 et
1031 397 1219 472 progenitores
1231 398 1291 472 ejus
1304 398 1459 471 quiescunt,
1473 402 1537 472 quia
1547 411 1640 460 tamen
1656 420 1728 464 sem·

78 489 119 544 vit
134 507 141 543 ε
161 487 211 544 sed
223 488 390 544 immensum
407 489 497 545 noetis
510 489 572 562 gelu
587 488 655 545 adeo
669 489 728 562 ejus
746 488 873 546 membra
927 504 975 562 per
989 505 1054 546 eum
1066 489 1164 547 devote
1177 491 1273 560 coluit,
1286 500 1352 548 ante
1366 493 1444 565 pium
1457 508 1551 567 regem
1565 511 1616 567 pro
1630 513 1662 555 ea
1680 514 1728 556 ve-

78 581 195 656 diriguit
212 589 240 638 et
260 580 478 653 corpusalllixit,
496 590 527 638 ut
546 581 724 654 postmodum
738 581 809 639 iacto
823 581 874 638 de·
928 582 1004 639 niam
1028 583 1205 655 deprecetur,
1233 601 1290 641 non
1310 593 1406 642 tamen
1432 587 1528 643 scribit
1549 587 1574 643 in
1590 604 1644 661 quo
1666 590 1728 649 loeo

77 675 223 732 cumberet
241 689 325 748 aegra.
350 674 564 748 superveniente
582 683 675 732 autem
693 675 874 748 apparitionis
926 673 1011 733 fuerit
1026 679 1173 734 tumulata.
1192 681 1294 736 Verum
1312 687 1403 735 tamen
1422 681 1592 737 mausoleum
1606 683 1726 740 ostendi·

77 768 135 838 die,
159 769 259 825 iterum
275 768 403 842 languida
417 769 532 825 missam
545 768 661 838 audivit,
675 768 816 826 etiterum
835 768 873 825 le·
926 769 1017 824 turin
1030 771 1198 827 monasterio
1215 774 1242 828 S.
1259 771 1401 830 Benedicti
1420 774 1455 829 de
1468 774 1634 832 Padolirone
1649 776 1727 833 Man·

78 870 125 920 oto
148 861 288 919 decubuit.
302 863 427 935 Cumque
441 863 526 919 abbas
543 862 579 918 ab
595 879 626 919 ea
640 863 789 932 recederet,
802 865 873 936 ipsa,
927 867 1018 918 tuanae
1036 861 1173 930 diaecesis,
1189 879 1205 919 a
1222 864 1344 936 quodam
1358 864 1481 923 Tedaldo
1494 866 1630 924 Bonilacii
1650 879 1729 941 patre

77 956 138 1029 ejus
151 956 276 1028 precibus
289 955 389 1023 fidens,
404 956 485 1028 pallia
504 964 646 1028 vestesque
659 972 763 1024 sacras,
775 972 874 1029 urgen—
927 955 1058 1027 genitoris
1082 956 1228 1012 comitissae
1245 957 1321 1028 juxta
1344 957 1448 1014 Padum
1466 957 1593 1029 fundato,
1613 963 1689 1034 quod
1710 978 1727 1019 a

75 1053 124 1102 tea
136 1059 212 1113 vasa,
229 1060 280 1100 nec
293 1038 350 1101 nori
363 1053 641 1101 etcruoemsanctam
656 1045 775 1116 gemmis
789 1060 874 1102 orna·
927 1050 1042 1105 Mantua
1060 1048 1155 1105 decem
1176 1049 1311 1105 milliariis
1330 1049 1427 1120 distat,
1453 1051 1483 1107 in
1505 1069 1560 1124 quo
1583 1054 1685 1112 dieitur
1699 1064 1728 1112 et

76 1146 149 1205 tarn,
169 1139 195 1195 ei
215 1138 259 1210 pia
277 1138 329 1195 Dei
342 1138 443 1195 cultrix
456 1138 578 1196 donavit.
594 1137 765 1195 adveniente
780 1147 874 1195 autem
926 1141 1047 1198 ereditur
1059 1142 1205 1199 tumulata.
1230 1145 1278 1198 Est
1295 1143 1372 1199 enim
1391 1144 1502 1217 grandis
1524 1161 1588 1203 arca
1610 1147 1727 1219 lapidea,

76 1232 307 1307 quadragesimali
322 1231 437 1305 jeiunio,
449 1248 525 1300 oum,
540 1231 700 1288 infirmitate
710 1231 817 1300 debilis,
828 1232 874 1304 je·
926 1248 959 1290 ex
975 1233 1169 1291 candidissimo
1187 1251 1219 1291 ac
1232 1235 1427 1307 limpidissimo
1442 1237 1597 1311 alabastro,
1615 1255 1678 1313 quas
1691 1241 1728 1296 ob

70 1327 174 1401 junare
187 1325 374 1394 contenderet,
391 1334 513 1382 astantes
528 1326 650 1399 episcopi
670 1326 874 1397 contradicunt,
928 1326 987 1399 eJus
997 1328 1162 1384 memoriam
1172 1328 1199 1384 in
1213 1326 1312 1401 magna
1324 1330 1617 1389 reverentiaservatur.
1633 1336 1729 1406 ipsum

75 1421 265 1488 decernentes,
276 1429 308 1477 ut
319 1419 410 1492 potins
418 1419 555 1494 jejunium
567 1421 808 1493 eleemosynarnm
822 1421 876 1478 lar·
927 1419 1040 1491 quidem
1060 1421 1217 1478 coenobium
1241 1421 1276 1478 ab
1296 1439 1346 1480 avo
1369 1423 1429 1496 ejus
1448 1433 1643 1483 constructum
1665 1442 1728 1482 am·

73 1518 182 1592 gitium
192 1517 365 1588 persolveret
382 1515 575 1571 succrescente
592 1530 657 1571 vero
669 1514 810 1587 languore,
826 1530 874 1571 eo·
929 1513 1060 1585 piissimis
1072 1513 1178 1570 dotavit
1189 1515 1419 1586 possessionibus,
1438 1525 1466 1573 et
1478 1518 1567 1575 aureis
1581 1519 1730 1593 argenteis·

73 1611 174 1670 elesias
188 1610 250 1679 Dei,
264 1610 382 1666 maxime
394 1607 571 1679 Canusinam,
588 1608 696 1680 praediis
708 1608 876 1681 amplificare
928 1623 982 1680 que
1000 1607 1073 1664 vasis
1086 1616 1113 1663 et
1134 1607 1221 1680 palliis
1233 1624 1265 1664 ac
1277 1609 1362 1665 etiam
1376 1611 1547 1682 paramentis
1565 1612 1728 1684 pretiosissi-

73 1705 205 1775 studens,
223 1705 249 1761 ei
266 1703 354 1761 multa
374 1702 494 1760 donavit.
518 1702 650 1759 Famulos
668 1719 733 1760 suos
745 1704 875 1760 innume·
929 1699 982 1756 mis
1001 1698 1099 1756 ditavit
1116 1701 1268 1779 pariterque
1286 1702 1432 1760 decoravit
1453 1702 1496 1760 lbi
1517 1703 1601 1762 etiarn
1618 1705 1727 1763 libellus

74 1813 124 1856 ros
148 1806 212 1869 post
229 1797 289 1871 ejus
309 1807 431 1853 mortem
456 1796 588 1868 ingenuos
608 1811 668 1852 esse
680 1795 776 1868 jussit.
800 1800 873 1853 Ante
887 1776 912 1839 Β
925 1792 1041 1850 habetur
1052 1793 1080 1849 in
1089 1793 1226 1850 thesauris
1237 1795 1405 1864 reconditus,
1416 1805 1531 1870 argento
1540 1797 1686 1856 redimitus
1698 1807 1727 1856 et

76 1892 195 1950 domum
208 1906 317 1965 quoque
330 1890 359 1946 in
378 1905 433 1963 qua
452 1905 524 1962 tegra
537 1890 609 1946 lecto
624 1888 745 1962 iacebat,
767 1889 800 1946 ad
821 1890 872 1946 Dei
926 1903 1005 1957 amo,
1015 1887 1046 1943 in
1055 1901 1110 1959 quo
1124 1887 1183 1944 brec
1195 1888 1318 1945 Historia
1328 1889 1443 1945 metrice
1451 1889 1647 1962 estdescripta.
1659 1895 1728 1950 Haeo

75 1986 217 2044 bonorem
230 1983 282 2042 sub
300 1984 383 2041 titulo
401 1982 517 2056 apostoli
531 1982 627 2040 iacobi
641 1983 769 2040 Zebedaei
789 1984 874 2040 eoele-
924 1978 1011 2035 etiam
1025 1979 1177 2049 comitissa,
1193 1988 1225 2036 ut
1237 1980 1363 2037 scribitur
1376 1981 1407 2037 in
1421 1982 1573 2052 chronicis,
1586 1999 1651 2041 oum
1664 1999 1727 2042 arn-

74 2081 149 2138 siam
160 2079 242 2153 jussit
252 2077 392 2145 fabricari,
405 2092 491 2150 quam
500 2077 586 2132 etiam
597 2076 764 2148 paramentis
775 2074 873 2133 ditarit
925 2070 1055 2143 piissimis
1075 2070 1230 2128 abundaret
1247 2072 1477 2145 possessionibus,
1498 2083 1526 2131 et
1539 2075 1597 2132 lilio
1617 2076 1727 2133 haerede

78 2182 108 2231 et
132 2172 216 2246 egris,
230 2186 314 2244 quam
335 2169 470 2227 dedicavit
491 2169 579 2226 adhuc
593 2184 625 2225 ea
638 2169 746 2225 virente
765 2169 872 2242 episoo·
925 2171 1039 2231 wetti·
1054 2171 1145 2221 totum
1159 2164 1361 2236 patrimonium
1377 2181 1460 2223 suum
1474 2182 1556 2238 super
1569 2167 1653 2224 uitare
1666 2184 1728 2225 san·

73 2282 128 2340 pus
149 2265 281 2339 Reginus.
297 2266 423 2337 Cumque
437 2263 573 2320 laboraret
591 2263 619 2318 in
636 2262 778 2331 extremis,
798 2263 872 2320 idem
925 2256 960 2313 cti
976 2257 1051 2314 Petri
1065 2256 1174 2325 obtulit,
1195 2264 1223 2315 ti
1246 2258 1297 2314 1)θί
1311 2257 1456 2316 ecelesiam
1477 2268 1657 2335 sanctumque
1675 2265 1727 2319 Pe·
1755 2279 1757 2283 ’

71 2360 220 2433 episcopus
238 2358 361 2431 Reginus
379 2372 480 2430 corpus
500 2357 682 2414 Dominicum
702 2355 870 2426 eitradidit,
925 2358 1002 2406 uum
1019 2350 1071 2407 sibi
1092 2348 1155 2408 iecit
1172 2349 1313 2408 heredem.
1328 2351 1410 2421 Quod
1431 2353 1629 2426 patrimonium
1644 2354 1727 2414 hodie
1825 2422 1828 2427 ¹

72 2452 189 2510 mittens
199 2453 231 2508 in
241 2452 298 2525 ejus
310 2450 440 2508 manibus
454 2466 565 2507 oruoem
578 2450 695 2518 Christi3
707 2465 792 2521 quam
805 2449 873 2507 dum
927 2441 1029 2498 dicitiu
1042 2443 1240 2515 patrimonium
1255 2445 1283 2499 s.
1302 2446 1387 2512 Petri,
1402 2445 1477 2517 quod
1490 2454 1533 2503 est
1549 2462 1566 2503 a
1579 2447 1727 2505 Radicala·

69 2546 220 2619 baiularet,
245 2552 273 2603 et
295 2545 324 2601 in
335 2560 368 2601 ea
382 2543 478 2601 crebra
491 2542 587 2616 figeret
598 2543 692 2599 oscula
709 2561 716 2597 :
735 2544 803 2609 Oro,
826 2542 875 2597 in-
926 2551 964 2590 no
977 2550 1064 2607 usque
1075 2535 1212 2591 Centum
1227 2540 1312 2603 (959).

69 2638 143 2712 quit,
158 2647 196 2706 te,
206 2638 326 2707 Christe,
338 2653 423 2711 quem
436 2652 545 2709 semper
558 2636 641 2703 colui,
652 2651 761 2708 semper
773 2634 873 2699 amavi,
944 2638 1067 2708 Erplieit
1080 2640 1203 2694 Historia
1211 2640 1393 2696 memorandae
1401 2643 1542 2698 mmdissoe
1554 2645 1708 2701 hatuildis.

72 2741 104 2790 ut
116 2731 243 2790 sordium
255 2747 381 2788 mearum
395 2730 516 2803 digneris
528 2729 662 2786 mundare
674 2729 792 2801 piacula.
809 2731 875 2784 Post
963 2734 1045 2787 Anno
1058 2733 1143 2786 Dom.
1165 2735 1246 2799 1445,
1260 2730 1307 2787 die
1320 2739 1338 2790 s
1352 2733 1456 2789 mensis
1476 2736 1602 2806 Augusti,
1625 2738 1673 2810 qui
1687 2745 1728 2793 est

70 2826 133 2885 haec
144 2833 275 2883 sanctum
289 2824 427 2897 accipiens
437 2832 651 2890 sacramentum,
662 2837 763 2895 corpus
771 2821 874 2879 Christi
927 2821 1057 2896 vigilias.
1076 2823 1217 2880 Laurentii
1234 2832 1298 2895 post
1317 2840 1453 2897 vesperas,
1474 2826 1637 2884 translatum
1658 2829 1726 2887 olim

71 2919 180 2978 scilieet
193 2917 464 2986 reverendissimum,
487 2917 525 2973 ait
545 2937 552 2972 :
572 2920 616 2974 Tu
634 2932 696 2987 spes
715 2931 777 2972 mea
796 2915 875 2971 unica
928 2932 1027 2989 eorpus
1046 2932 1154 2990 magnae
1168 2925 1195 2973 et
1206 2917 1386 2975 nobilissime
1402 2918 1555 2977 comitissas
1574 2920 1725 2990 blathildis,

72 3021 103 3070 et
119 3012 261 3087 singulare
278 3010 433 3083 refugium,
456 3025 549 3082 quaeso
567 3026 612 3066 me
633 3010 737 3065 saluam
755 3008 875 3081 digneris
927 3009 1080 3082 imperialis
1096 3010 1213 3083 generis,
1233 3024 1295 3082 quae
1314 3009 1366 3067 luit
1379 3011 1515 3083 praeoipua
1531 3022 1558 3069 et
1578 3013 1726 3087 singularis

72 3105 234 3179 suscipere,
257 3112 286 3161 et
303 3102 364 3161 haeo
387 3102 486 3161 dicens
503 3102 633 3175 migravit
652 3101 687 3158 ad
708 3101 872 3170 Dominum,
928 3103 1048 3160 dotatrix
1069 3102 1154 3176 hujus
1168 3103 1331 3160 monasterii
1352 3106 1380 3161 S.
1396 3104 1537 3162 Benedicti
1560 3105 1596 3163 de
1614 3106 1726 3164 Padoli-

71 3214 151 3257 anno
167 3198 326 3254 humanatae
346 3196 602 3263 Divinitatis'1115,
625 3195 757 3268 vigesima
774 3202 873 3267 quarta
928 3212 1003 3262 rone,
1015 3205 1078 3268 post
1086 3205 1193 3270 patrem
1206 3213 1288 3253 suum
1300 3196 1475 3256 Bonifaoium
1486 3199 1685 3269 marchionem,
1700 3208 1728 3258 et

71 3286 119 3350 die
131 3291 207 3365 julii,
219 3291 310 3348 aetatis
323 3299 417 3346 autem
432 3304 488 3345 suae
508 3303 580 3344 anno
596 3293 642 3356 69,
656 3287 704 3360 qrri
719 3286 771 3345 luit
784 3303 875 3344 annus
927 3299 990 3363 post
1002 3305 1084 3346 arum
1100 3306 1183 3348 suum
1196 3290 1368 3349 Tbedaldum
1383 3292 1566 3350 marchionem
1577 3304 1606 3351 et
1624 3293 1726 3352 funda·

71 3383 186 3457 imperii
196 3383 484 3448 HenriciVoctevus,
500 3380 601 3437 insede
619 3381 770 3453 apostolica
782 3380 875 3453 praesi-
926 3392 1017 3440 torem
1034 3382 1117 3456 hujus
1137 3385 1310 3454 monasterii,
1325 3384 1402 3457 quod
1420 3385 1495 3458 prius
1510 3393 1625 3444 amterat
1643 3404 1728 3460 super

71 3477 158 3536 dente
168 3475 295 3534 Paschali
305 3475 386 3548 hujus
397 3475 519 3533 nominis
534 3476 569 3544 ll,
584 3473 709 3546 Philippo
724 3473 808 3546 hujus
822 3488 873 3530 no·
919 3485 989 3543 ¹octo
1003 3476 1146 3533 columnas
1160 3476 1189 3532 in
1200 3477 1326 3550 ingressu
1343 3478 1464 3536 ecclesia
1475 3479 1548 3536 inter
1560 3480 1679 3552 puniam
1699 3489 1728 3538 et

71 3571 323 3645 minislrognsnte
333 3570 503 3626 Francorum
514 3584 588 3641 rege.
926 3569 1084 3626 columnam
1109 3569 1275 3638 secundam,
1295 3586 1312 3627 a
1336 3571 1456 3628 sinistris
1480 3573 1564 3645 ipsius
1587 3574 1727 3643 ecclcsiae,

348 3671 470 3728 CAPUT
488 3670 594 3726 XVIII.
926 3663 1057 3737 quoniam
1070 3663 1130 3736 jaru
1143 3680 1194 3736 pro
1215 3680 1315 3738 magna
1330 3666 1423 3733 (mole)
1438 3667 1504 3738 ipsa
1516 3667 1653 3725 columnae
1663 3677 1728 3726 uoto

270 3765 309 3820 De
319 3764 376 3837 ans
384 3764 530 3836 sepulture
541 3765 677 3834 opinione
927 3757 1022 3817 fracta
1031 3769 1110 3818 erant
1125 3779 1132 3818 :
1149 3770 1177 3818 et
1189 3760 1354 3818 collocatum
1368 3761 1422 3818 luit
1432 3762 1547 3819 ulterius
1565 3763 1593 3818 in
1606 3764 1728 3823 srnrmu

109 3861 154 3916 De
169 3856 307 3930 sepultura
321 3856 402 3929 hujus
415 3856 564 3913 comitissae
580 3855 723 3912 Mathildis
737 3854 812 3911 nulla
829 3870 873 3911 er·
924 3853 1004 3926 juxta
1017 3854 1150 3926 parietem
1169 3853 1293 3911 ecclesiae
1306 3870 1339 3911 ex
1356 3855 1442 3912 latere
1455 3856 1602 3913 tumbas.
1617 3858 1727 3915 Simeo-

71 3964 170 4025 pressc
183 3949 296 4007 historia
318 3950 453 4017 continet,
469 3965 555 4023 quarn
579 3949 742 4005 invenerim.
758 3947 875 4004 Videtur
926 3946 988 4015 nis,
1011 3954 1106 4020 aperto
1126 3946 1202 4018 prius
1218 3947 1329 4004 tumulo
1342 3947 1379 4004 ad
1391 3947 1616 4006 certificationem
1629 3950 1727 4007 venta-

71 4054 173 4102 tamen
183 4040 329 4101 manifeste
339 4041 413 4116 quod
423 4042 495 4115 apud
506 4043 659 4099 canossam
676 4050 736 4097 tum
750 4040 874 4097 latanon
927 4040 963 4096 tis
977 4056 1071 4097 eoram
1092 4039 1241 4099 reverendo
1263 4041 1378 4098 domino
1397 4041 1524 4100 Guidoue
1537 4042 1572 4100 de
1594 4044 1725 4116 Gonzaga

71 4138 118 4196 sit.
143 4137 315 4210 Gompiiator
337 4137 411 4192 enirn
433 4135 598 4208 supradictae
620 4134 761 4201 Historiae,
784 4149 873 4206 aqrro
926 4133 1120 4190 reedificatum
1133 4135 1220 4205 ipsius
1237 4134 1408 4204 monasterii,
1429 4144 1458 4193 et
1475 4135 1590 4193 domino
1608 4137 1727 4196 Eusebio

72 4233 135 4290 brec
147 4238 259 4303 sumpta
269 4237 344 4296 suut,
359 4230 388 4285 in
407 4229 530 4285 carmine
542 4244 598 4301 quo
610 4229 672 4300 eius
692 4235 811 4283 mortem
828 4226 875 4282 de-
926 4226 1026 4283 abbate
1037 4227 1124 4299 ipsius
1138 4227 1312 4296 monasterii,
1325 4243 1357 4284 ac
1371 4238 1511 4285 conventu
1525 4229 1652 4302 ejusdem
1664 4246 1725 4288 mo·

72 4326 183 4398 plorat,
199 4331 261 4380 orat
273 4325 304 4380 S.
320 4322 500 4396 Apollonium
518 4312 648 4380 Canusini
667 4320 759 4393 oppidi
778 4328 873 4392 patro·
925 4319 1034 4375 nasterii
1053 4328 1081 4375 et
1095 4318 1189 4376 multis
1201 4319 1276 4385 aliis3
1290 4328 1318 4376 et
1336 4307 1479 4393 comperto
1499 4322 1596 4379 eodem
1610 4339 1726 4397 corpore

72 4433 161 4484 num,
183 4416 274 4490 quod,
297 4415 360 4472 lieet
383 4415 520 4489 injustum
543 4414 579 4471 sit
602 4424 631 4470 ut
656 4414 713 4485 ipsa
732 4413 872 4471 comitissa
929 4411 1046 4485 integro,
1061 4412 1151 4478 unico,
1166 4428 1198 4469 ac
1211 4410 1341 4482 femineo,
1356 4421 1385 4469 et
1402 4428 1497 4471 coram
1510 4414 1550 4471 eis
1562 4415 1678 4472 clauso:
1698 4423 1727 4473 et

70 4526 158 4568 suurn
180 4509 211 4566 in
230 4508 290 4581 ejus
303 4508 417 4566 eeclesia
430 4509 586 4581 sepulcrum
604 4507 704 4579 habere
727 4507 875 4580 respuerit,
890 4492 916 4554 li
931 4514 974 4562 est
983 4506 1062 4578 juxta
1074 4502 1161 4562 altare
1175 4506 1205 4564 S.
1220 4505 1345 4563 lustinae.

238 4799 320 4889 DE
350 4797 638 4891 AUCTORE
672 4798 1066 4905 SEQUENTIUM
1099 4795 1557 4921 OPUSGULORUM.

608 4986 804 5055 (Gnersenus,
820 4988 893 5060 Opp.
905 4994 975 5044 tom.
991 4988 1037 5057 Vl,
1052 5001 1117 5059 pag.
1134 4989 1193 5053 ts.)

105 5298 315 5374 Manuscriptos
328 5299 415 5358 codex
439 5299 601 5357 cathedralis
621 5299 743 5357 eeclesiae
761 5297 969 5356 Ratisbonensis
983 5306 1128 5356 auctorem
1147 5306 1226 5355 vocat
1239 5300 1413 5356 hunoldum.
1429 5299 1558 5370 Suspicor
1574 5297 1652 5355 illum
1666 5313 1726 5357 esse

67 5374 106 5431 de
119 5388 180 5448 qno
196 5371 258 5430 brae
264 5372 432 5429 'tritbemius
451 5372 479 5427 iu
492 5372 542 5428 lib.
560 5374 602 5428 De
614 5371 766 5428 illustribus
780 5372 844 5427 viris
858 5370 1026 5438 Germanice,
1041 5371 1113 5427 etin
1128 5370 1254 5442 caulogo
1268 5370 1436 5442 scriptorum
1451 5370 1697 5427 ecclesiasticorum
1715 5390 1723 5428 :

67 5444 225 5503 &numne
239 5444 382 5515 mesbpter
394 5445 517 5501 Εοοιοιιο
532 5444 741 5500 constantiensis
756 5447 785 5497 in
803 5443 911 5512 Sumus,
928 5444 1036 5497 michae
1058 5445 1226 5506 Teutonicus,
1245 5443 1289 5497 uir
1300 5443 1420 5508 ἀουοιιιο,
1433 5442 1501 5495 etin
1511 5443 1662 5512 scripturis
1675 5444 1724 5502 SS.

66 5516 222 5584 medinm,
246 5518 273 5571 n
284 5515 418 5582 eruditas,
432 5519 514 5586 elque
526 5518 556 5569 in
570 5515 716 5584 disciplina
734 5516 904 5569 soeculorium
918 5514 1071 5568 litterarum
1086 5515 1255 5584 suffimenta
1269 5515 1431 5577 instructus,
1451 5512 1559 5581 'inponis
1575 5513 1675 5583 donn,
1698 5519 1725 5570 et

68 5592 198 5659 sompnis
289 5588 296 5601 ‘
310 5626 319 5656 ,
331 5587 444 5657 reliquit
455 5586 541 5642 studii
553 5588 599 5641 sui
610 5587 742 5640 nmnullu
754 5587 888 5656 opusculo
900 5600 961 5655 qum
975 5589 1065 5639 tomen
1078 5585 1114 5639 od
1126 5586 1253 5641 notitiem
1267 5588 1368 5640 nostre
1386 5581 1507 5639 lectionis
1520 5584 1631 5640 minime
1643 5600 1723 5641 oene-

67 5663 154 5724 runt,
169 5664 224 5715 ste.
259 5658 346 5714 hrrrit
359 5658 523 5729 tenporibus
537 5659 649 5712 ilenrico·
657 5658 710 5725 IV,
727 5659 805 5714 1060.
823 5658 891 5714 Haeo
900 5654 1079 5712 Trithemius.

110 5799 189 5873 (⁹⁶⁹)
202 5800 383 5872 &imm
