3870 6164
137 242 186 299 tlt
609 238 638 296 S.
658 238 820 299 Gttaooatt
838 241 883 299 vll
903 242 1000 299 PAPAE
1019 241 1156 299 oesautt
1174 240 1261 299 PARS
1279 243 1313 299 ll.
1552 250 1555 260 '
1575 274 1584 285 ·
1733 244 1779 301 iii

483 365 589 422 XXVI.
949 371 975 433 Α
990 366 1111 440 nequitia
1122 367 1299 439 pertinaciter
1311 373 1385 423 stare
1400 367 1574 441 agnovimus,
1589 367 1665 424 sicut
1677 364 1778 441 dignam

987 458 1778 535 erat‚sacrilegosadministrosetmembradieboliacon·

989 552 1778 627 munioneetcorporetotiusEcclesiaesepararimus,etre

988 664 1051 721 gem
1062 656 1093 703 ut
1102 663 1175 704 eosa
1189 647 1276 704 domo
1287 663 1374 717 suaa
1387 647 1518 717 consiliis,
1530 655 1558 705 et
1572 648 1654 705 omni
1664 662 1776 705 mutatu·

436 736 528 802 (Anno
555 739 645 803 1076.)
989 741 1775 815 menceus,sieutexcommunicatosexpeileret,admorti-

325 876 447 945 fflm,
464 874 565 933 coma·
584 875 650 944 xx,
670 874 746 948 3774
989 851 1061 891 mus.
1072 836 1269 906 interimvero,
1278 835 1482 909 ingravescente
1494 842 1593 893 contra
1603 851 1701 910 regem
1716 837 1776 894 Sero

987 945 1055 986 aum
1065 945 1227 997 causacum
1235 930 1306 986 vires
1316 937 1343 985 et
1353 930 1476 1002 praesidia
1487 930 1566 1003 regni
1575 946 1611 988 ex
1620 933 1775 1003 partemtti

174 1026 937 1100 Gnoonus,serrasservotumDei,omnibusepisco
990 1021 1594 1096 maasedeiicerevelieconspiceret,interim
1602 1021 1776 1083 direxitnobis

139 1124 190 1198 pis,
202 1121 333 1190 ducibus,
344 1121 504 1189 comitibus,
520 1120 679 1194 caterisque
694 1122 721 1177 in
735 1138 819 1195 regno
834 1125 936 1180 Teuto-
988 1118 1133 1192 epistolam
1148 1118 1309 1191 supplicem,
1319 1125 1348 1173 et
1361 1119 1438 1174 omni
1453 1115 1613 1175 bumilitate
1628 1118 1776 1191 plenamin

136 1218 263 1276 nicomm
286 1215 466 1275 Christianam
488 1214 571 1272 fidem
584 1213 794 1273 defendentibus
818 1218 936 1274 salutem
988 1229 1040 1287 qua
1060 1212 1241 1284 omnipotenti
1256 1213 1323 1281 Deo,
1336 1218 1364 1267 et
1377 1211 1456 1268 beato
1470 1213 1553 1269 Petro
1573 1227 1607 1268 ac
1622 1211 1705 1268 nobis
1716 1210 1777 1269 vaide

138 1309 357 1383 etapostolicam
371 1308 597 1367 benedictionem.
988 1322 1018 1363 se
1042 1305 1207 1378 culpabilem
1233 1303 1362 1373 reddens,
1387 1319 1483 1376 preces
1505 1304 1591 1362 etiam
1615 1304 1723 1374 obtulit,
1743 1312 1777 1373 at,

174 1403 341 1462 Audivimus
365 1403 438 1460 inter
459 1419 508 1459 vos
528 1403 662 1475 quosdam
684 1402 718 1461 de
751 1404 936 1462 excommuni·
988 1399 1063 1474 quod
1083 1416 1120 1457 ex
1142 1415 1190 1455 sua
1214 1399 1293 1472 culpa
1320 1400 1349 1454 in
1373 1398 1569 1456 ecclesiasticis
1591 1400 1685 1456 cauas
1698 1406 1779 1456 maur

138 519 261 590 &marii
279 518 332 575 ΠΙ
343 517 455 589 epistola
467 516 506 573 cd
530 519 686 575 demones.
707 547 744 560 -
766 520 866 577 comae
887 535 935 576 ea·

174 592 419 647 mactationis
439 590 561 646 Hdnrt'ci
580 592 751 660 imperotores
769 593 897 662 esplicot.

138 1497 256 1566 catione,
270 1512 354 1570 quam
369 1495 396 1553 in
409 1512 502 1570 regem
518 1495 642 1566 fecimus,
657 1496 792 1563 dubitare,
814 1515 847 1555 ac
861 1514 936 1571 qnae-
990 1495 1154 1552 canonicam
1164 1493 1304 1566 justitiam
1329 1500 1356 1548 et
1370 1491 1481 1549 decreta
1495 1500 1661 1549 sanctornm
1682 1495 1780 1550 Ruunt

138 1607 198 1649 rere
223 1599 318 1649 utrum
335 1590 412 1663 iuste
435 1589 471 1647 sit
494 1591 756 1659 excommunicatus,
784 1600 812 1649 et
843 1593 865 1648 si
887 1608 938 1649 no·
991 1588 1095 1645 iactum
1119 1585 1226 1656 fuisset,
1245 1594 1342 1642 nostra
1361 1585 1510 1657 apostolica
1533 1585 1683 1659 prudentie
1704 1595 1780 1643 etau-

138 1692 196 1743 stre
218 1683 356 1741 sententia
379 1700 412 1741 er
437 1684 600 1741 auctoritate
624 1685 718 1757 legalis
743 1701 878 1753 censurae,
895 1703 938 1754 ea,
955 1683 1119 1763 gotoritate
1138 1680 1275 1752 corrigere
1298 1677 1485 1747 studeremus,
1500 1688 1582 1752 atque
1606 1680 1640 1735 in
1658 1695 1691 1736 eo
1715 1694 1782 1737 suam

137 1795 192 1853 qua
226 1776 330 1846 debuit,
365 1775 562 1835 deliberatione
597 1793 706 1851 egressa
740 1780 785 1836 sit.
810 1783 939 1854 Quapro-
993 1773 1280 1840 nobisobedientiam,
1296 1772 1491 1840 consiliumet
1509 1772 1587 1829 fidele
1600 1773 1729 1845 promisit
1745 1771 1782 1831 ad

19 1848 32 1873 ’
137 1879 209 1947 pter,
227 1871 344 1946 qualiter
362 1870 397 1928 ad
420 1871 713 1930 excommunicandum
732 1873 811 1931 illum
829 1873 938 1933 adducti
988 1869 1134 1942 jutorium.
1153 1869 1213 1923 Hoc
1234 1866 1310 1922 idem
1324 1867 1408 1922 etiam
1423 1874 1518 1939 postea
1532 1882 1547 1922 ⁸
1561 1864 1746 1923 confratibus
1757 1874 1783 1923 et

138 1982 246 2034 mmas,
268 1974 350 2038 prout
364 1967 453 2023 verius
474 1965 656 2038 potuerimus,
680 1975 750 2023 teste
773 1969 939 2025 conscientia
994 1962 1090 2036 legatis
1116 1960 1218 2017 nostris
1239 1959 1396 2017 liumberto
1409 1960 1581 2017 Praenestino
1607 1960 1743 2034 epistolio,
1759 1967 1786 2017 2¹

138 2067 242 2125 aomra,
267 2057 353 2115 oeulis
383 2065 411 2115 et
434 2058 614 2115 intellectibus
635 2060 762 2116 omnium
785 2060 938 2133 patefacere
993 2053 1114 2114 Geraldo
1128 2052 1642 2127 Hostiensieptscopo,quosadiiium
1653 2053 1784 2118 misimffi.

138 2151 308 2220 curabimus,
322 2166 378 2207 noa
391 2158 447 2207 tam
472 2160 505 2208 ut
522 2152 642 2224 singulas
664 2167 774 2221 causas,
796 2153 861 2210 beu!
876 2170 939 2225 qaae
993 2149 1027 2205 ad
1042 2149 1235 2220 peonitentiam
1249 2155 1392 2220 susceptus
1406 2148 1436 2202 in
1448 2146 1558 2204 illoram
1570 2162 1675 2204 manus
1687 2162 1735 2222 per
1745 2161 1788 2205 sa·

137 2245 257 2303 nimium
264 2253 339 2302 notar
346 2250 422 2311 sunt,
431 2244 508 2318 quasi
517 2253 612 2301 nosuo
623 2246 744 2302 clamore
758 2247 939 2321 projiciamus
992 2258 1053 2299 cras
1068 2243 1153 2298 stolas
1180 2256 1249 2315 quas
1275 2242 1304 2296 in
1318 2240 1389 2298 collo
1401 2241 1547 2312 tenebant,
1570 2238 1789 2315 repromittendo

138 2339 168 2397 in
191 2337 343 2412 publicam,
358 2353 443 2410 mam
466 2345 496 2394 ut
518 2354 617 2395 eorum
639 2338 811 2411 opinionibus
828 2341 938 2397 satisia-
992 2334 1174 2392 confirmavit.
1200 2335 1271 2392 Dein
1285 2343 1349 2406 post
1369 2334 1482 2408 aliquod
1505 2342 1618 2407 tempus
1643 2335 1795 2393 commisso

139 2430 244 2489 ciamus
258 2431 305 2504 qui
318 2439 416 2503 putent
429 2446 480 2488 ans
496 2431 666 2502 spiritualem
687 2431 808 2505 gladium
821 2441 935 2499 temere,
992 2443 1056 2485 cum
1071 2427 1225 2484 saxonibus
1238 2427 1344 2499 predio,
1362 2443 1421 2494 rex,
1438 2443 1487 2499 pro
1500 2428 1616 2483 victoria
1631 2444 1720 2502 quem
1732 2426 1792 2486 ade·

138 2532 168 2582 et
184 2525 273 2597 megs
294 2531 375 2581 motu
396 2522 481 2580 animi
506 2523 593 2580 nostri
607 2538 692 2596 quam
706 2525 801 2582 divino
815 2532 891 2583 metu
911 2535 938 2584 et
992 2530 1056 2594 ptus
1075 2529 1127 2589 est,
1144 2520 1213 2577 tales
1231 2523 1290 2576 Deo
1311 2528 1402 2593 grates
1424 2528 1452 2576 et
1473 2521 1604 2577 victimas
1626 2520 1740 2589 obtulit,
1761 2528 1793 2578 ut

136 2617 251 2690 iustitiae
272 2618 344 2685 zelo,
368 2617 527 2688 arripuisse.
556 2617 628 2675 Cum
653 2617 743 2675 adbuc
761 2619 788 2675 in
810 2619 940 2677 diacona·
990 2623 1054 2673 rota
1065 2630 1128 2688 quae
1136 2614 1170 2671 de
1181 2613 1373 2671 emendatione
1384 2629 1433 2670 sua
1446 2610 1561 2683 iecerat,
1571 2614 1702 2671 mutiano
1717 2612 1793 2671 iran-

138 2718 183 2768 tus
203 2710 295 2769 cilicio
318 2710 400 2782 positi
420 2725 556 2779 essemus,
575 2710 678 2783 perlata
693 2711 726 2768 ad
748 2729 799 2769 nos
812 2713 846 2770 de
868 2714 938 2787 regis
990 2717 1078 2783 geret,
1092 2716 1120 2764 et
1133 2707 1203 2764 nibil
1216 2723 1315 2764 eorum
1333 2722 1396 2779 quae
1413 2707 1493 2763 nobis
1509 2709 1685 2779 promiserat,
1697 2714 1790 2764 atten-

139 2803 291 2861 actionibus
304 2802 411 2860 sinistra
427 2812 454 2860 et
467 2804 587 2861 multam
602 2804 746 2862 inhonesta
761 2805 836 2863 fama
854 2827 860 2863 :
875 2823 938 2880 pro·
991 2802 1069 2872 dens,
1078 2801 1330 2859 excommunicatos
1337 2800 1452 2856 insuam
1459 2798 1676 2858 familiaritatem
1683 2808 1712 2857 et
1719 2816 1793 2858 com·

138 2904 200 2972 pter
210 2896 381 2970 imperialem
394 2896 567 2970 dignitatem,
581 2905 609 2955 et
620 2899 801 2976 reverentiam
813 2901 897 2972 patris
911 2909 939 2957 et
991 2897 1156 2953 munionem
1169 2896 1311 2966 reciperet,
1321 2902 1349 2950 et
1361 2892 1491 2950 ecclesias
1505 2892 1535 2950 in
1546 2909 1611 2951 eam
1625 2910 1713 2968 quam
1724 2909 1790 2951 coa-

138 2991 373 3063 matrisejus‚nec
387 2991 937 3065 nonpropterspemetdesideriumcor-
992 2998 1138 3046 sueverant
1156 2988 1349 3045 conitrsionem
1371 2989 1501 3045 traheret.
1526 2990 1588 3060 Qua
1611 2987 1647 3046 de
1667 3005 1699 3047 re
1722 2990 1819 3064 gravii

136 3086 267 3145 medonis
287 3086 345 3158 ejus
360 3102 408 3158 per
428 3085 532 3142 litteras
557 3101 629 3157 saepe
644 3085 844 3144 admonuimus
867 3097 899 3144 ut
922 3104 938 3146 a
955 3078 1088 3142 Cdolorc
1103 3082 1232 3155 perculsi,
1247 3097 1404 3155 quanquam
1419 3082 1520 3154 potius,
1542 3090 1712 3155 contempta
1725 3082 1819 3157 regin

138 3180 269 3254 pravitate
278 3195 327 3236 sua
337 3178 490 3245 desisteret,
505 3186 543 3245 et,
553 3193 661 3234 memor
672 3179 817 3236 clarissimi
829 3182 938 3253 generis
992 3177 1112 3234 coelcstis
1123 3174 1313 3245 beneficentia,
1330 3191 1399 3247 pene
1414 3176 1510 3233 omnis
1529 3191 1593 3248 spes
1612 3177 1819 3234 correctioni:

139 3287 171 3330 ac
190 3271 334 3346 dignitatis
348 3285 414 3337 sua,
438 3269 522 3324 vitam
543 3284 622 3325 suam
642 3271 766 3327 moribus
779 3272 878 3345 quibus
891 3288 937 3330 re·
990 3269 1048 3343 eius
1069 3269 1150 3326 uobis
1169 3269 1259 3324 ablata
1273 3269 1310 3324 sit
1320 3268 1419 3337 adbuc,
1434 3275 1528 3325 tamen
1541 3269 1672 3327 animum
1685 3278 1819 3343 tempe-

138 3380 203 3440 gem
217 3373 245 3422 et
253 3364 389 3431 futuram,
400 3364 460 3419 Deo
470 3359 602 3428 donante,
612 3362 723 3420 deceret
731 3365 936 3438 imperatorem,
991 3364 1110 3420 randum
1125 3360 1184 3418 iore
1203 3361 1375 3419 decrevimus
1389 3362 1477 3435 magis
1490 3362 1635 3434 capientes
1648 3379 1716 3421 eunt
1728 3378 1819 3437 apo-

140 3459 305 3516 institueret.
316 3459 467 3531 Postquam
479 3463 570 3512 autem
585 3455 620 3513 ad
633 3457 806 3529 pontificatus
819 3460 936 3532 apicem,
990 3457 1117 3516 stolicam
1133 3455 1224 3513 audire
1246 3454 1497 3524 mansuetudinem,
1512 3471 1597 3529 quam
1620 3456 1743 3531 experiri
1754 3470 1808 3514 se-

139 3552 203 3609 licet
220 3550 337 3624 indigni,
357 3550 494 3615 venimus,
516 3558 545 3605 et
560 3549 597 3604 illi
612 3558 679 3607 aetas
698 3551 799 3624 pariter
816 3569 937 3613 crescere
990 3551 1142 3608 veritatem.
1159 3551 1253 3622 ltaque
1276 3549 1401 3606 misimus
1416 3550 1441 3605 ei
1455 3549 1584 3622 epistolas
1603 3550 1819 3608 commonito-

138 3644 221 3718 coepit
234 3653 263 3699 et
283 3643 420 3717 iniquitas,
444 3641 626 3713 intelligentes
650 3646 740 3701 Deum
763 3647 936 3720 omnipoten·
989 3646 1055 3714 rias,
1074 3652 1106 3700 ut
1118 3643 1277 3699 meminerit
1291 3643 1370 3716 quid,
1387 3651 1415 3698 et
1428 3644 1474 3699 cui
1491 3642 1664 3716 promiserit,
1687 3658 1819 3702 neae-

138 3744 197 3794 tem
210 3742 289 3792 tamo
302 3733 451 3793 districtius
472 3734 505 3794 de
528 3750 611 3791 manu
629 3746 722 3794 nostra
742 3740 867 3798 animam
879 3740 937 3813 ejas
990 3736 1039 3795 dat
1059 3752 1088 3794 sc
1103 3752 1184 3810 posse
1203 3735 1301 3793 saliere
1315 3738 1419 3806 Deum,
1434 3736 1513 3810 cujus
1536 3744 1644 3809 quanto
1663 3738 1819 3811 prolixiu:

137 3827 344 3903 requisiturum,
364 3837 467 3901 quanto
482 3826 562 3884 nobis
587 3828 664 3885 illum
683 3828 717 3886 ad
736 3831 937 3905 increpandum
991 3840 1033 3889 est
1056 3831 1198 3903 patientia,
1226 3838 1304 3886 tanto
1331 3831 1453 3888 severior
1480 3837 1533 3898 est,
1559 3844 1626 3887 cum
1652 3829 1819 3889 vindicer·

137 3937 195 3996 prae
209 3921 314 3977 cunctis
322 3919 436 3977 libertas
448 3920 515 3978 data
530 3920 626 3978 inisset
640 3931 667 3979 et
678 3924 836 3992 auctoritas,
850 3924 937 3982 multo
991 3925 1114 3997 coeperit,
1134 3926 1190 3992 ira;
1209 3939 1245 3980 ne
1270 3924 1419 3981 inhonoret
1436 3927 1527 3981 Deum
1547 3922 1738 3983 honorantem
1755 3938 1817 3983 β

137 4014 279 4072 sollicitius
309 4029 374 4070 eum
407 4012 499 4071 modis
526 4013 654 4072 omnibus
687 4015 840 4088 arguendo,
861 4017 939 4077 obse-
991 4035 1042 4075 nec
1070 4019 1221 4092 potentiam
1242 4033 1322 4075 suam
1341 4017 1375 4075 ad
1389 4018 1440 4074 Dei
1455 4025 1661 4091 contemptum,
1685 4026 1714 4075 et
1728 4034 1819 4095 apo·

138 4106 254 4176 mendo,
264 4106 440 4182 increpando,
453 4106 489 4165 ad
499 4106 724 4166 emendationem
738 4109 800 4167 vita
810 4126 868 4169 suaa
876 4111 940 4170 bor·
991 4114 1116 4170 stolicam
1144 4119 1234 4168 tentet
1271 4111 1420 4169 extendere
1453 4112 1667 4182 contumeliam,
1702 4111 1819 4171 scien!

138 4201 186 4258 tati
200 4216 306 4258 sumus.
320 4201 373 4272 Qui
391 4216 455 4258 cum
467 4199 548 4258 nobis
570 4216 642 4274 saepe
654 4203 837 4262 salutationes
850 4214 879 4263 et
893 4207 939 4264 lit·
993 4206 1066 4277 quod
1099 4203 1225 4278 superbis
1259 4205 1365 4261 resistit
1398 4207 1485 4277 Deus,
1511 4204 1668 4263 humilibus
1701 4214 1809 4264 autem

136 4301 210 4351 teras
223 4292 353 4365 mitteret,
368 4309 503 4352 exeamas
517 4309 546 4351 se
560 4310 626 4352 cum
638 4312 671 4353 ex
682 4305 774 4368 cmm,
789 4314 852 4371 quar
864 4301 937 4357 tlara
992 4297 1040 4355 dat
1050 4300 1179 4371 gratiam.
1191 4302 1328 4355 Praeterea
1344 4299 1475 4355 misimus
1489 4297 1522 4356 ad
1536 4313 1604 4356 eum
1617 4306 1675 4357 tres
1688 4299 1803 4373 religio¹

137 4395 210 4447 esset
225 4396 252 4445 et
271 4386 387 4463 fragilis,
400 4396 463 4444 tum
488 4387 564 4462 quod
587 4389 623 4446 ab
643 4390 727 4447 bisin
742 4407 862 4465 quorum
881 4410 936 4451 ma·
992 4408 1037 4448 sos
1051 4393 1134 4458 viros,
1154 4407 1219 4448 suos
1234 4392 1328 4465 atique
1343 4391 1447 4461 fideles,
1464 4407 1510 4463 per
1523 4407 1596 4464 qnos
1610 4409 1677 4450 eam
1691 4397 1793 4452 aweit

136 4482 216 4541 nibus
241 4498 307 4541 eura
329 4482 390 4556 ejus
415 4490 485 4548 erat,
505 4482 645 4540 multoties
665 4483 715 4540 sibi
730 4486 800 4543 male
824 4503 933 4546 suasum
949 4451 975 4514 D
990 4484 1150 4542 monuimus
1164 4492 1194 4542 ut
1206 4487 1397 4556 poenitentiam
1411 4493 1504 4557 ageret
1515 4484 1550 4541 de
1563 4486 1623 4543 suis
1636 4487 1786 4552 sceleribus.

136 4586 219 4649 atque
233 4579 390 4634 consultum
405 4576 451 4643 sit,
465 4577 571 4633 monita
591 4586 686 4635 nostra
699 4578 734 4635 de
747 4578 793 4635 die
807 4580 836 4635 in
858 4581 933 4639 diem
987 4594 1060 4653 quae,
1069 4578 1297 4652 quamborrenda
1306 4581 1462 4649 suntdicta,
1476 4579 1710 4652 pluribustamen
1718 4589 1780 4647 nota,

137 4684 168 4725 se
189 4671 393 4742 promptissime
415 4678 607 4742 suscepturum
630 4670 720 4727 verbis
734 4670 848 4745 quidem
871 4691 935 4748 pro·
989 4681 1016 4729 et
1030 4674 1058 4728 in
1073 4673 1168 4729 multis
1181 4672 1304 4746 partibus
1323 4681 1405 4730 terrae
1428 4672 1580 4746 divulgata.
1596 4678 1716 4748 Propter
1730 4686 1778 4749 qve

137 4760 226 4829 mieit3
241 4770 373 4819 cteoerum
386 4778 427 4831 re,
448 4770 477 4820 et
496 4765 706 4838 exaggeratione
730 4766 872 4839 culparum
887 4784 934 4842 pe-
988 4783 1046 4824 non
1058 4768 1159 4824 solam'
1172 4768 1405 4824 excommunicari
1423 4782 1512 4840 usque
1532 4766 1567 4824 ad
1580 4767 1701 4843 dignam
1713 4768 1776 4827 saie

137 4854 934 4933 nitusconculcavit.laterhaecquosdamfamiliaressuos,
989 4861 1148 4929 factionem,
1171 4859 1221 4918 sed
1249 4860 1334 4917 etiam
1359 4861 1394 4917 ab
1412 4862 1490 4918 omni
1503 4861 1613 4920 bonore
1627 4863 1708 4937 regni
1729 4872 1776 4919 ean

136 4963 255 5023 quorum
271 4947 392 5005 consiliis
406 4956 435 5005 et
458 4950 708 5008 machinationibus
722 4953 895 5027 episcopatus
909 4962 937 5013 et
989 4955 1094 5028 absque
1113 4954 1188 5011 omni
1202 4969 1250 5027 spe
1261 4956 1481 5027 recuperationis
1495 4954 1597 5012 debere
1611 4955 1734 5027 destitui,
1743 4951 1776 5011 tii·

136 5040 226 5099 muita
247 5042 424 5111 monasteria,
438 5041 558 5101 inductis
580 5060 629 5117 per
646 5046 767 5117 pretium
790 5047 860 5120 iupis
885 5064 935 5121 pro
990 5049 1116 5106 vinarum
1131 5058 1158 5105 et
1176 5047 1359 5107 humanarum
1379 5049 1471 5123 legum
1485 5054 1603 5106 testatur
1618 5051 1774 5125 etiubettt
1816 5042 1819 5117 ξ

136 5134 304 5210 pastoribus,
320 5135 476 5194 simoniaca
496 5136 595 5195 haeresi
616 5136 740 5208 foedavit,
756 5141 791 5198 ad
803 5143 936 5214 poeniten·
990 5144 1112 5201 ctoritas.
1124 5145 1280 5210 Postremo,
1292 5143 1346 5198 nisi
1360 5143 1626 5212 excommunicatos,
1642 5152 1774 5217 asueptt·
1815 5136 1819 5193 ’ἶ

136 5229 205 5285 tiam
227 5229 388 5286 vocavimus
409 5249 416 5286 :
442 5238 576 5302 quatenus
599 5239 628 5288 ct
649 5231 722 5290 bona
746 5233 935 5306 ecclesiaram,
991 5238 1148 5310 ticipatione
1162 5236 1307 5305 divideret,
1323 5237 1455 5294 nosnibil
1468 5235 1543 5294 aliud
1556 5235 1594 5295 de
1607 5237 1773 5296 eovindiottt
1814 5204 1819 5257 Ι

135 5336 198 5394 quae
212 5338 260 5395 per
273 5322 459 5381 interventum
472 5332 531 5382 tam
545 5325 669 5383 scelerati
680 5328 840 5385 commercii
855 5331 939 5387 sacri·
991 5340 1040 5390 aut
1052 5331 1202 5387 decernere
1215 5346 1393 5404 posse,quam
1407 5339 1450 5403 ut,
1462 5339 1606 5403 separatus
1617 5333 1653 5389 ab
1660 5328 1772 5390 Eccledt·

135 5414 195 5489 lega
209 5430 295 5473 manu
308 5427 497 5491 susceperant,
512 5419 715 5477 venerabilibus
730 5420 807 5490 locis,
827 5421 937 5497 adquae
992 5426 1021 5481 in
1032 5424 1341 5482 excommunicatorum·
1353 5426 1493 5482 consortio
1506 5421 1591 5492 foret,
1612 5441 1678 5483 cnm
1692 5423 1772 5500 quitto

135 5509 322 5582 pertinebant,
333 5526 396 5568 cum
410 5510 499 5570 adbuc
513 5512 587 5570 locus
601 5522 674 5571 esset
686 5514 865 5587 emendandi,
880 5517 939 5577 red·
991 5518 1146 5590 ipsepotius
1157 5533 1239 5591 quam
1249 5534 1312 5575 cum
1322 5519 1432 5576 Christo
1442 5517 1661 5591 baberepartem
1669 5512 1772 5593 cicadi-

134 5601 246 5677 derent,
257 5610 285 5659 et
308 5604 359 5676 ipsi
374 5604 407 5664 de
422 5614 576 5680 perpetrata
591 5608 740 5683 iniquitate
754 5625 802 5682 per
817 5609 938 5668 lamenta
992 5612 1065 5668 sane
1092 5612 1113 5667 ai
1141 5619 1236 5668 nostra
1250 5613 1357 5669 monita
1382 5613 1529 5686 suscipere,
1557 5620 1585 5669 et
1599 5613 1688 5671 vitam
1710 5616 1771 5669 aad!

134 5696 315 5770 poenitudinis
335 5701 395 5756 Deo
418 5700 617 5759 satisfacerent.
633 5702 710 5773 Quos
730 5717 795 5760 cum
819 5702 855 5761 ad
881 5704 940 5764 bac
992 5705 1128 5775 corrigere
1142 5705 1233 5775 vellet,
1247 5708 1338 5762 Deum
1352 5714 1451 5763 testem
1465 5706 1659 5766 invocavimus
1673 5712 1701 5766 et
1712 5704 1772 5762 intv-

134 5792 308 5866 exsequenda
329 5792 405 5854 detes
419 5792 546 5854 induciae
556 5810 698 5871 spernere,
713 5804 744 5854 et
761 5796 792 5853 in
806 5808 939 5857 consuete
993 5812 1100 5869 camus,
1115 5808 1249 5873 mantum
1262 5814 1314 5856 nos
1333 5799 1367 5858 de
1380 5800 1440 5873 eius
1456 5799 1544 5858 alate
1555 5799 1738 5874 gauderemus
1752 5792 1773 5847 ti
