3884 6158
87 283 139 337 sss
300 264 303 269 '
483 279 746 341 aaocuaoueua.
767 309 803 325 -
821 281 993 340 crotous
1012 280 1080 338 rao
1098 280 1272 340 aaaeomo
1290 285 1346 342 vu.
1614 348 1618 353 ,
1646 286 1649 290 ⁴
1687 295 1738 350 sao

84 424 1741 468 -—-·-——----—..-......-..-

381 585 730 705 APOLOGIA
774 587 910 703 PRO
952 587 1311 705 GREGORIO
1354 592 1455 713 Vll

667 817 863 904 CONTRA
897 817 1165 902 SECTARIOS

89 998 128 1059 la
151 1014 209 1081 quo
230 995 262 1059 rit
277 1004 351 1059 suat
369 994 509 1058 hactenus
525 994 642 1058 tradita
655 997 794 1078 mudum
813 1014 873 1079 pra
893 994 993 1158 adem
1009 998 1146 1079 poata'che
1159 998 1303 1077 opusmsla
1325 996 1481 1064 Banasam
1503 1002 1734 1067 oomtauama

822 1095 891 1156 pres
944 1096 1004 1151 ara,

390 1239 523 1303 Auctore
537 1248 568 1304 et
581 1237 700 1301 editore
712 1237 829 1302 laccho
841 1238 1014 1318 Gnarssno,
1031 1237 1191 1301 societatis
1203 1241 1275 1302 lesu
1289 1239 1444 1321 theologo.

723 1399 1108 1475 mmstmm

120 1712 287 1770 Incredibile
306 1727 421 1787 prorsus
443 1721 472 1771 et
488 1712 680 1787 inexplicabile
696 1721 755 1781 est,
781 1721 885 1786 quanto
900 1718 927 1783 Α
975 1716 1079 1771 Verum
1096 1715 1172 1772 enim
1196 1729 1258 1772 aero
1272 1714 1391 1773 tremant
1412 1717 1471 1784 isti,
1484 1715 1645 1785 frendeant,
1667 1717 1739 1774 insa·

84 1807 149 1865 odia
165 1807 297 1865 hodierni
306 1816 453 1865 novatores
463 1807 491 1864 in
504 1806 648 1881 pontifices
657 1810 817 1876 Romanos,
829 1808 887 1880 pri·
941 1808 1031 1878 uiant,
1046 1823 1160 1878 manus,
1176 1809 1273 1883 pedes,
1288 1811 1379 1868 calces
1392 1811 1514 1885 eteapita
1524 1811 1636 1869 demum
1649 1827 1699 1868 sua
1712 1811 1740 1868 in

83 1916 145 1958 scos
159 1900 242 1975 juxta
262 1916 296 1959 ac
312 1903 478 1960 mcentiores
503 1899 635 1970 ardeant,
658 1910 686 1958 et
710 1910 780 1975 quot
796 1901 888 1958 modis
942 1911 1064 1975 petram,
1088 1918 1271 1976 superquam
1290 1904 1370 1963 sedes
1388 1906 1537 1979 apostoliea
1551 1904 1662 1963 lundata
1686 1913 1739 1970 est,

84 1995 138 2052 hoo
162 2009 250 2052 mrum
267 2010 325 2052 non
347 1994 519 2063 humanum,
544 1995 594 2053 sed
619 1995 700 2068 plane
723 1998 888 2053 Tartareum
941 1995 1238 2068 illidant3quihabttat
1256 2001 1286 2054 in
1300 2000 1388 2069 culm,
1402 2000 1596 2065 irridebtteos,
1614 2004 1640 2056 at
1654 2002 1741 2058 namt·

83 2087 182 2147 mium
195 2096 346 2162 testantur,
368 2091 514 2164 palamque
533 2088 652 2160 facum3
671 2090 700 2147 in
717 2089 819 2163 qulbus
831 2088 886 2162 pri·
940 2106 992 2148 nus
1001 2092 1180 2148 subsannabit
1191 2094 1328 2160 eoslPsal.
1345 2097 1390 2161 ιι).
1407 2093 1544 2152 conviciis
1561 2101 1671 2161 tonent,
1685 2092 1741 2150 lui·

84 2182 551 2242 mumlocumobtinentmendacia
561 2183 887 2252 ,maledicta,conricia,
942 2185 1062 2250 minent,
1081 2185 1231 2259 fulgurent,
1246 2186 1365 2243 millenis
1381 2186 1534 2244 maledictis
1547 2194 1575 2244 et
1589 2186 1743 2244 mendacia·

84 2277 237 2350 ligmenta,
252 2285 410 2334 commenta
431 2277 654 2348 innumerabilia,
669 2278 770 2351 quibus
790 2290 888 2334 omnes
942 2280 1020 2336 simis
1044 2278 1182 2351 figmentis
1196 2281 1354 2353 apostolice
1373 2280 1444 2338 sedis
1465 2281 1599 2338 mustias
1622 2280 1742 2338 lacerent

83 2371 289 2445 propemodum
312 2370 398 2428 libros
420 2384 486 2428 suos
510 2372 648 2446 complent
669 2386 701 2428 ac
720 2368 886 2444 inferciunt3
941 2388 974 2431 nc
991 2374 1144 2446 lancinant3
1160 2388 1212 2431 nos
1225 2390 1289 2431 cum
1307 2380 1341 2432 l).
1358 2375 1507 2446 Augustino
1527 2374 1574 2432 lib.
1600 2389 1624 2431 ιι
1638 2375 1742 2432 Contra

84 2463 532 2538 tamimmadicectimpotenter,
549 2473 582 2523 ut
593 2465 672 2523 multi
685 2480 719 2523 ex
732 2465 834 2523 horum
847 2465 888 2522 ol·
942 2467 1122 2538 Petilianum,
1136 2484 1196 2540 cap.
1215 2474 1266 2538 ol,
1282 2469 1370 2540 palam
1385 2477 1412 2526 et
1426 2466 1557 2540 intrepide
1576 2468 1629 2525 illis
1646 2469 1743 2526 recini-

84 2558 165 2616 lleina
181 2557 301 2632 proiecti
319 2558 382 2615 libri
401 2558 439 2616 nil
461 2559 606 2618 rideantur
625 2558 711 2619 aliuds
726 2574 786 2617 etto
804 2574 888 2632 quarn
942 2577 1005 2619 nius
1024 2564 1176 2622 :cetheum
1191 2564 1260 2634 quid
1280 2565 1332 2619 tibi
1343 2565 1410 2632 sealt
1424 2564 1548 2619 Ecclesia
1563 2566 1698 2632 Romana,
1711 2564 1744 2618 ta

84 2668 172 2710 unum
183 2651 331 2727 quoddam
344 2652 457 2726 perenni
472 2663 501 2711 et
513 2668 652 2727 nusquam
669 2653 823 2726 interrupto
839 2652 888 2712 llio
942 2674 998 2728 qua
1013 2659 1110 2713 Petrus
1120 2656 1201 2725 sedit,
1212 2662 1238 2712 et
1248 2659 1276 2712 ta
1291 2673 1346 2727 quo
1359 2656 1439 2713 hodie
1445 2659 1628 2723 Anastasius(
1641 2658 1742 2714 Paulus

86 2754 250 2805 contextum
278 2747 453 2805 mendacium
477 2755 506 2805 et
529 2746 696 2805 candalum.
722 2749 780 2804 Nec
802 2747 888 2805 ullius
942 2753 976 2817 V)
990 2751 1085 2806 sedet:
1106 2752 1148 2806 cel
1162 2752 1286 2807 molesia
1300 2751 1674 2822 hierosolymitanumque
1695 2753 1742 2808 Ja-

86 2841 174 2914 superi
184 2841 227 2898 val
240 2839 322 2899 interi
336 2842 489 2899 reverentia
500 2842 648 2899 morerise
662 2842 770 2909 sinunt,
783 2848 814 2898 ut
823 2855 887 2898 mo·
942 2845 1024 2900 cobus
1042 2845 1122 2911 sedit,
1138 2848 1164 2899 et
1178 2846 1207 2898 m
1223 2860 1277 2914 msa
1299 2843 1377 2899 bodie
1390 2846 1505 2901 Ioannes
1525 2845 1597 2900 sedet
1617 2865 1625 2897 :
1647 2845 1745 2915 quibus
1855 2886 1863 2893 .

87 2934 210 2993 deratina
225 2942 324 3008 agant,
339 2943 370 2993 et
384 2935 470 2994 sobrii
489 2936 613 2994 hominis
631 2936 827 3010 cogitationem
844 2935 885 2992 rel
912 2983 914 2987 .
942 2953 989 2994 aas
1001 2940 1031 2993 iu
1048 2938 1178 2993 catholica
1196 2940 1300 2993 unitate
1313 2939 1504 3002 emmeramus,
1520 2942 1546 2993 ct
1558 2953 1575 2993 a
1588 2939 1745 3008 qulbusuos

86 3029 118 3086 ad
131 3037 270 3102 punctum
287 3030 423 3104 temporis
441 3030 608 3104 suscipiant3
627 3038 656 3087 et
671 3030 798 3103 quamvis
808 3043 887 3102 apar-
942 3033 1049 3100 retorto
1059 3033 1152 3100 tlsrore
1170 3033 1338 3102 separastis?
1352 3033 1440 3100 Quare
1453 3029 1575 3104 appellas
1588 3030 1745 3087 cathedram

86 3123 202 3183 tissima
223 3120 349 3181 falsitatis
367 3124 576 3193 continuantur,
600 3132 630 3181 et
648 3125 676 3180 in
696 3122 889 3181 manifestariia
904 3107 928 3170 Β
941 3126 1111 3197 petulentia,
1132 3125 1288 3181 cathedram
1309 3124 1502 3197 apostolicam?
1520 3127 1545 3182 ss·
1566 3130 1677 3198 propter
1695 3125 1745 3181 ho·

88 3216 274 3291 praedologiis
289 3216 447 3276 etloedorlis
461 3217 714 3293 deprehendantur,
727 3216 834 3274 nullum
848 3224 888 3272 ta·
916 3250 921 3259 ·
945 3221 1030 3275 mines
1049 3235 1115 3291 quos
1128 3223 1212 3290 putas
1229 3220 1313 3289 leuem
1335 3221 1419 3292 loqui,
1441 3224 1467 3275 et
1486 3236 1538 3276 noa
1557 3222 1656 3288 (amre,
1671 3235 1743 3276 aun·

89 3326 152 3368 men
166 3311 280 3369 ruboris
293 3312 402 3386 signum
417 3311 518 3381 edunt,
537 3311 586 3369 sed
602 3309 770 3380 calumnias,
788 3310 840 3368 etsi
856 3307 890 3367 ab
944 3314 1014 3384 quid
1029 3315 1159 3370 mutuus
1179 3316 1254 3369 lasus
1270 3313 1391 3370 Christus
1407 3318 1518 3384 propter
1536 3314 1698 3378 Phariaene,
1714 3314 1747 3369 dc

90 3405 164 3462 omni
185 3419 253 3463 sero
270 3405 469 3474 alienissimus,
490 3405 636 3479 ingerunt,
665 3411 801 3478 aggerunt
820 3404 892 3461 occi·
944 3407 1359 3478 quibusas‘t:s1)s‘cualauim,
1377 3410 1402 3462 et
1417 3422 1469 3461 uon
1482 3408 1605 3475 [aarum
1623 3428 1634 3454 ι
1655 3408 1747 3462 cathe-

90 3507 175 3567 nnnt,
184 3500 330 3569 recinunt,
343 3499 526 3573 privatimque
537 3507 564 3556 et
579 3498 687 3571 publice
699 3499 890 3571 ingeminant,
945 3502 1001 3556 dra
1014 3503 1043 3554 iu
1051 3514 1106 3569 quaa
1118 3500 1245 3555 sedebant
1259 3499 1344 3554 ullam
1355 3501 1422 3568 fecit
1436 3501 1568 3569 insumam
1583 3501 1699 3558 titanae
1709 3501 1747 3554 s'l-

91 3600 120 3649 ut
137 3592 283 3666 pontiliaco
307 3596 451 3651 Romanos
464 3592 597 3650 omnibus
618 3606 717 3650 exosos
736 3592 891 3664 invisosque
945 3596 1002 3650 lum
1024 3593 1182 3648 cathedram
1194 3594 1284 3663 llopsa'
1296 3593 1499 3657 commendasdt,
1514 3597 1540 3648 at
1556 3593 1629 3661 lllos,
1642 3596 1747 3648 seruato

90 3687 224 3758 alliciant,
236 3702 375 3745 memoret
385 3687 460 3745 illius
474 3688 558 3745 Dolus
576 3689 726 3752 oaohtus,
740 3684 844 3744 falsitas
856 3699 891 3741 an
945 3689 1041 3743 honore
1058 3686 1200 3751 cathedra,
1218 3687 1377 3757 redas-quit?
1393 3689 1443 3743 Ait
1454 3689 1525 3742 cutm
1539 3703 1549 3742 .·
1572 3708 1585 3734 s
1603 3688 1689 3757 Super
1702 3700 1746 3740 ca·

91 3781 203 3850 veritus,
215 3784 276 3853 quis
288 3785 320 3837 a'st
338 3784 410 3839 hoste
423 3783 567 3853 requirat?
945 3782 1068 3837 thedram
1077 3782 1165 3850 Mopsi
1173 3781 1265 3837 seamt
1278 3801 1285 3836 ι
1297 3796 1357 3851 quse
1370 3782 1572 3849 dimersurum
1588 3795 1648 3851 qun
1657 3783 1746 3836 autern

123 3877 301 3948 Quamquam
314 3883 408 3932 autem
421 3875 466 3932 vix
478 3875 632 3932 inveniatur
644 3874 804 3943 hareticus,
823 3889 892 3946 prae·
945 3877 1062 3944 (amant,
1080 3876 1170 3942 tmere
1185 3875 1268 3930 notite
1279 3890 1289 3929 .·
1299 3874 1393 3930 dmum
1402 3876 1484 3938 euim,
1498 3878 1586 3930 staua
1597 3874 1714 3941 sumunt.
1731 3892 1745 3922 u

92 3970 187 4027 aarum
203 3968 281 4026 serbi
303 3984 412 4043 preco,
435 3977 464 4028 et
476 3976 560 4028 sectae
573 3984 631 4026 suae
651 3983 702 4040 per
723 3968 892 4041 scriptorum
945 3972 1007 4026 Huc
1021 3970 1280 4039 stmatturectsnm
1289 3974 1403 4040 propter
1413 3969 1531 4024 homines
1542 3983 1609 4038 quos
1623 3968 1747 4036 iuramu-

90 4072 272 4121 monumenta
291 4071 494 4137 propugnator,
514 4063 562 4136 qui
581 4062 610 4118 in
624 4060 678 4118 hac
696 4069 755 4118 arte
770 4076 828 4118 non
843 4076 891 4118 ex·
946 4065 981 4120 tis
1005 4064 1225 4135 blasphemaretis
1249 4061 1406 4119 cathedram
1428 4063 1610 4134 apostolicam,
1630 4063 1676 4117 cus·
1694 4077 1747 4117 aare

89 4158 186 4225 cellat,
196 4157 326 4214 omnibus
336 4167 444 4227 tamen,
454 4164 487 4214 nt
500 4156 627 4213 omnium
636 4154 757 4228 primus,
773 4155 893 4226 palmam
946 4159 1159 4226 communicatis,
1170 4156 1219 4213 sed
1233 4157 1302 4227 qus'd
1313 4156 1445 4213 estuliud
1458 4172 1542 4228 quam
1561 4158 1662 4212 msca'rs
1680 4155 1747 4226 quid

89 4250 232 4325 praeripuit
244 4249 402 4319 Lutlrcrus,
415 4250 495 4325 cnjus
508 4249 611 4308 chartae
622 4264 712 4323 usque
726 4247 796 4306 adeo
808 4249 893 4306 male·
947 4251 1042 4316 dicere,
1059 4257 1083 4307 et
1097 4255 1185 4307 tamea
1197 4266 1250 4306 aaa
1265 4266 1344 4323 possa
1359 4252 1414 4307 uisi
1427 4250 1611 4320 maledicere?

88 4345 249 4403 dicendain
267 4358 392 4402 nummos
411 4343 557 4418 pontifices
576 4341 687 4401 refertae
698 4350 778 4414 sunt,
797 4349 828 4400 ut
846 4341 891 4399 rix
982 4348 1070 4402 Porro
1083 4352 1113 4399 ut
1126 4343 1211 4415 aliqui
1227 4343 1282 4399 rita
1305 4352 1334 4399 et
1346 4343 1473 4399 moribus
1492 4342 1583 4399 minus
1598 4341 1748 4400 laudabiles

88 4454 135 4496 me
148 4438 319 4512 sapiamprae
333 4437 530 4506 admiratione,
547 4436 761 4511 quomodonat,
776 4437 890 4494 utullus
944 4448 972 4496 et
995 4435 1230 4495 commendabiles
1257 4436 1416 4493 cathedram
1446 4435 1520 4492 Petri
1547 4434 1747 4503 obtinuissent,

87 4533 252 4590 mortalium
279 4532 540 4590 maledicentissima
568 4540 597 4588 et
621 4528 805 4589 furiosissima
827 4529 892 4587 huic
906 4512 928 4574 (ἶ
944 4532 988 4589 vel
1010 4531 1177 4600 tenuissent,
1200 4528 1364 4603 quidinde?
1386 4524 1615 4602 Quandoquidem
1629 4528 1662 4583 de
1673 4543 1748 4600 pra·

88 4626 269 4684 muriciatori
280 4625 362 4684 iidem
375 4626 491 4684 habeat?
504 4625 592 4698 Quid,
602 4624 686 4682 iidem
699 4622 823 4682 habeat?
837 4624 892 4681 imo
944 4628 1042 4700 positu
1063 4626 1139 4690 mali,
1154 4632 1186 4682 ut
1199 4625 1236 4680 ait
1252 4626 1280 4680 S.
1297 4624 1477 4697 Augustinus,
1497 4623 1573 4696 epist
1596 4627 1659 4690 toll,
1675 4630 1748 4679 secu·

87 4730 116 4778 et
129 4720 224 4778 meum
244 4720 316 4777 inter
332 4721 479 4793 prophetas
501 4728 530 4777 et
547 4718 749 4793 propemodum
765 4719 835 4775 inter
850 4717 893 4790 ip·
947 4736 1006 4778 ram
1031 4723 1096 4790 feeit
1112 4719 1216 4791 plebem
1237 4734 1324 4784 suem,
1353 4735 1387 4774 aa
1405 4722 1518 4790 propter
1541 4718 1602 4774 s‘llos
1621 4717 1749 4789 doctrina

86 4830 135 4872 tos
153 4815 334 4884 euaaqels‘stas
350 4823 378 4871 et
397 4816 528 4886 apostolos
544 4811 752 4870 concedendum
765 4810 894 4885 suffragio
948 4815 1079 4871 salutaris
1093 4812 1222 4868 cathedra
1236 4814 1386 4878 deseratur,
1401 4815 1431 4868 a'u
1445 4828 1500 4883 qua
1520 4817 1653 4883 coquntur
1668 4812 1750 4868 edom

85 4924 138 4966 sno
151 4907 290 4966 decernat.
303 4909 366 4965 Non
381 4908 461 4981 longe
476 4907 601 4966 abierim.
620 4908 668 4964 Vel
684 4907 813 4963 ultimum
832 4907 891 4962 Lu·
947 4908 1094 4965 mcliboaa
1108 4907 1203 4964 dicere.
1220 4910 1309 4978 Neque
1323 4909 1394 4964 mim
1408 4923 1458 4963 sua
1477 4909 1550 4971 suat,
1563 4922 1624 4978 qua
1640 4907 1747 4974 dicuat5

87 5002 157 5059 theri
169 5001 273 5059 librum
283 5004 322 5060 De
330 5007 437 5074 papatu
442 5019 494 5075 per
501 5002 642 5060 diabolum
649 5003 766 5071 fundato
776 5005 802 5057 et
811 5003 893 5057 erecto
947 5003 995 5059 sed
1012 5004 1072 5070 ller',
1088 5002 1139 5074 qus·
1157 5003 1187 5058 s'u
1201 5002 1334 5058 cathedra
1350 5004 1468 5058 uadetis
1482 5001 1635 5057 doctrinam
1654 5002 1749 5071 posuit

88 5096 207 5168 inspice3
228 5110 313 5170 quem
328 5096 432 5153 vicium
448 5095 507 5170 jam
525 5103 553 5154 et
570 5104 697 5153 maturus
721 5094 797 5169 Stygi
814 5108 893 5151 eom·
947 5099 1082 5154 ueritatis.
1107 5097 1230 5152 Etiamsi
1251 5098 1282 5151 a'n
1302 5097 1381 5151 illum
1405 5096 1529 5152 ordinem
1551 5096 1747 5166 episcoporum,

89 5191 180 5262 posuit
199 5196 228 5247 et
239 5190 268 5247 in
280 5189 420 5262 publicum
432 5188 522 5259 dedit3
539 5189 586 5263 qui
605 5189 672 5246 nihil
693 5188 765 5245 aliud
785 5197 828 5245 est
841 5186 893 5244 nisi
947 5191 1035 5265 inquit
1053 5190 1126 5248 idem
1140 5191 1170 5247 S.
1189 5189 1372 5262 Augustinus,
1386 5189 1464 5261 epist.
1487 5194 1549 5258 tot,
1569 5190 1620 5260 qua·
1638 5188 1749 5244 ducihrr

90 5284 234 5341 continuus
249 5282 362 5355 quidam
376 5282 407 5338 in
419 5298 518 5357 papam
531 5281 622 5349 inror,
640 5281 717 5355 isque
729 5297 780 5339 nec
797 5280 894 5338 huma·
946 5287 981 5340 ab
1005 5288 1064 5356 ipsa
1080 5287 1161 5342 Petra
1184 5298 1268 5356 usque
1293 5283 1331 5338 cd
1349 5284 1529 5341 Anactorium
1549 5281 1679 5354 (Paulum
1700 5285 1746 5352 V),

31 5446 34 5457 ¹
89 5392 221 5445 nns,ncc
233 5375 443 5446 belluinns‚sed
455 5376 533 5449 plane
547 5375 762 5444 diabolicus,ita
777 5375 892 5432 utnulla
947 5382 997 5450 qus·
1010 5394 1081 5434 auno
1095 5379 1214 5434 eamdem
1231 5378 1389 5434 cathedram
1405 5377 1488 5441 sedet,
1503 5379 1640 5449 quosaam
1660 5378 1749 5434 hodi·

89 5471 223 5529 dubitatio
237 5485 282 5528 me
297 5478 406 5540 tenum,
419 5471 511 5544 ipsum
520 5470 615 5528 salutis
633 5478 734 5527 nostrae
748 5468 892 5543 capitalem
946 5478 988 5528 tor
1008 5471 1173 5544 (improbus)
1191 5488 1240 5544 per
1264 5473 1313 5527 illa
1328 5476 1447 5544 tempora
1469 5470 1656 5543 subrepsisset,
1678 5473 1750 5527 achil

88 5565 207 5632 hosmm,
225 5573 254 5622 ct
266 5565 394 5624 omnium
415 5563 644 5622 calumniatorum
665 5562 891 5638 archistrategum
941 5567 1138 5639 prajmtaaret
1155 5568 1288 5636 Ecclesiae,
1316 5570 1342 5623 et
1365 5566 1547 5622 taumatibus
1572 5567 1745 5633 Christsum‘s,

88 5669 116 5717 et
137 5666 397 5733 progeneratorem,
416 5658 478 5716 libri
492 5658 574 5732 hujus
595 5667 737 5732 parentem
758 5673 818 5715 esse
838 5674 846 5711 s
864 5664 892 5714 et
945 5662 1044 5733 qulbus
1056 5664 1185 5717 llams'uus
1195 5661 1340 5733 prouidens
1354 5664 1405 5730 aa't,
1420 5661 1453 5715 de
1466 5662 1621 5731 masuam
1636 5660 1718 5713 mults
1732 5675 1742 5710 :

89 5768 262 5828 quacunque
272 5752 302 5810 in
318 5768 352 5810 ea
369 5751 559 5821 continentur,
579 5753 752 5823 Lutherum,
766 5749 891 5810 dictante
948 5775 962 5807 a
979 5757 1043 5824 Qua
1062 5733 1157 5812 dicur'st
1175 5757 1269 5823 tacite,
1286 5770 1347 5825 qua
1366 5758 1456 5811 autem
1473 5755 1582 5822 faciunt
1600 5750 1680 5806 nolite
1696 5752 1744 5818 tc·

89 5846 216 5915 diabolo,
230 5846 399 5905 inchoatam
412 5845 544 5904 retulisse.
944 5863 1008 5904 aare.
