3870 6164
155 223 224 277 roos
577 196 580 201 '
656 214 704 271 ao
722 214 837 273 orans
856 212 884 272 s.
903 212 1067 272 caenoso
1083 211 1304 271 anunntiare.
1367 198 1371 205 “
1571 274 1575 279 ,
1742 211 1806 267 roae

153 345 246 404 lariter
263 340 387 404 admeas
408 320 651 399 manus‘redtrent
664 349 766 413 puncto
781 340 949 415 proscripta,
964 337 1105 410 Arentire
1135 353 1168 396 ex
1199 352 1301 411 magna
1327 341 1406 410 parte
1427 333 1641 409 compellerem,
1665 331 1692 390 si
1719 346 1806 393 aarum

152 449 202 497 aut
221 456 272 513 pro
294 453 373 511 posse
392 435 518 491 detonsas
538 434 581 491 uel
594 434 751 493 emendatas
765 436 814 492 tibi
828 434 952 493 remitte-
1003 434 1103 501 thesin,
1124 432 1341 500 distinctionem,
1362 429 1638 515 subdistinctionem,
1661 424 1753 485 media
1771 427 1806 485 rel

153 550 228 601 rem;
244 533 284 588 sin
298 539 402 600 numm,
414 528 539 587 dexteras
549 528 644 586 dando
657 538 714 586 tuae
722 528 953 587 cavillationimo·
1004 527 1128 602 periodo,
1151 525 1212 584 eolo
1232 534 1261 582 ct
1280 533 1428 594 commate,
1445 522 1519 597 quod
1539 521 1632 580 absit!
1649 536 1744 578 carere
1755 537 1806 594 pcr-

154 642 213 683 rem
236 640 372 698 gererem.
399 625 424 681 0
449 623 571 696 lepidum
587 627 682 695 caput!
699 639 783 696 quam
802 624 951 697 eleganter,
1004 622 1147 695 spicerem,
1168 620 1220 677 nisi
1253 620 1282 676 in
1302 628 1412 676 tantum
1440 615 1630 690 opprobrium
1655 614 1739 672 malae
1757 623 1805 673 ter-

154 721 232 792 quast
245 717 393 791 providens
407 734 469 776 meo
494 717 603 786 honori,
617 718 723 775 simeae
736 726 838 786 essent,
853 717 888 775 ad
902 733 954 774 cu·
1005 715 1126 772 nationis
1157 729 1259 787 rugosa
1287 711 1378 770 fronte
1409 711 1653 783 obstupescerem.
1689 711 1720 766 Si

154 812 316 869 malardum
340 828 434 869 meum
447 811 575 881 dedecus,
598 811 789 884 percuntando
808 809 952 869 dubitasti.
1006 825 1070 867 vero
1089 810 1120 866 in
1143 808 1197 865 tuis
1219 807 1315 864 litteris
1327 806 1537 879 macrologiam,
1552 820 1646 877 quam
1662 804 1803 877 saepem

153 906 226 964 Vah!
246 906 375 963 callidum
397 906 553 975 consilium,
568 913 649 964 mum
672 904 794 963 amicum
810 905 952 963 sicretra·
1006 918 1083 961 scere
1105 908 1176 970 (982)
1202 905 1296 975 [quam
1317 916 1391 974 saepe
1412 901 1484 958 soles
1507 898 1714 973 frequentaret
1737 913 1801 955 catc-

153 1000 220 1057 here
232 999 259 1057 in
273 998 469 1073 praecipitium!
481 999 508 1056 Si
525 1007 618 1056 autem
631 1006 658 1055 te
670 1014 794 1072 eraequo
809 998 954 1057 convenis-
1007 1014 1063 1068 res,
1083 1013 1139 1055 non
1162 1012 1207 1055 me
1227 998 1306 1071 quasi
1327 996 1493 1054 silicernium
1513 994 1543 1051 in
1561 992 1670 1052 taciem
1688 991 1800 1051 edeta

153 1109 223 1164 sem,
237 1101 299 1151 tuas
313 1093 434 1151 carbone
454 1093 544 1151 notari
558 1092 667 1166 dignas,
681 1101 710 1150 te
725 1093 753 1149 in
767 1092 794 1150 id
807 1092 874 1151 mihi
887 1109 954 1150 con-
1008 1092 1098 1150 Habe.

381 1446 740 1541 SUPERIORIS
773 1445 1084 1539 EPISTOLAE
1120 1442 1585 1557 RETRAGTATUS,

779 1652 816 1694 BT
840 1651 923 1694 SAEPB
941 1651 1028 1695 Tm!
1045 1649 1187 1693 wirunt

621 1785 946 1848 tnflnuaauabmts
975 1781 1347 1847 ANATHEMATISMUS.

881 1966 1080 1981 m

192 2118 314 2176 Domino
330 2121 479 2188 annotato,
496 2119 524 2173 in
540 2116 646 2190 templo
661 2117 776 2175 Domini
789 2133 846 2174 non
858 2117 957 2176 idonee
972 2123 996 2186 Β
1009 2134 1058 2191 per
1071 2117 1259 2175 charitativam
1270 2114 1487 2173 admonitionem
1507 2113 1661 2172 volucrunt
1671 2126 1794 2170 revomu.

32 2266 38 2273 .
155 2209 955 2284 nemusplantantiBrauatnus:nonlabulosaverborum
1044 2213 1107 2270 lion
1120 2220 1212 2269 autem
1227 2209 1312 2267 modo
1326 2208 1565 2266 estneeessarium
1583 2215 1616 2265 ut
1634 2208 1718 2264 etiarn
1731 2205 1799 2278 laps

156 2305 232 2373 lolia,
255 2304 303 2361 sed
328 2306 477 2361 sententias
498 2302 670 2361 indubitabili
687 2304 952 2363 veritatemhnixas.
1009 2305 1130 2379 epistolae
1150 2304 1336 2378 singulasnon
1357 2302 1421 2360 dico
1435 2302 1558 2360 rahones
1582 2300 1636 2359 sed
1656 2299 1798 2373 pronmtia

192 2398 318 2469 Acceptis
333 2397 461 2454 litterisa
479 2404 525 2453 tua
540 2396 712 2455 fraternitate
725 2399 794 2455 mihi
808 2400 955 2456 transmis-
1009 2401 1100 2457 tiones
1117 2414 1283 2473 expugnem,
1305 2412 1374 2471 quas
1392 2397 1420 2453 in
1442 2395 1584 2470 prioribus
1608 2394 1678 2453 meis
1697 2392 1800 2468 ΜΕ

156 2492 206 2559 sis,
226 2490 327 2563 aliquid
349 2490 379 2547 in
392 2490 432 2548 eis
454 2491 573 2564 reperire
594 2490 742 2549 desideravi
763 2492 837 2566 qnod
856 2501 883 2550 et
897 2493 955 2550 ani·
1008 2493 1195 2551 indubitanter
1213 2491 1368 2561 annullavi3
1386 2489 1527 2563 inquibus
1541 2505 1641 2547 meam
1652 2488 1800 2549 aemonio

158 2599 236 2640 mum
258 2599 351 2641 meum
377 2584 413 2640 ob
437 2583 568 2657 injuriam
593 2585 691 2658 prioris
710 2584 833 2658 epistolae
856 2587 955 2644 merito
1008 2604 1073 2645 nem
1095 2586 1286 2644 rationabilem
1301 2593 1331 2642 et
1352 2584 1482 2653 amicam,
1498 2593 1639 2658 tuamque
1654 2582 1800 2656 rescriptio·

157 2686 331 2735 commotum
353 2678 499 2751 mitigaret,
514 2687 595 2752 teque
617 2679 717 2738 saltem
741 2679 834 2752 aliquo
857 2680 955 2737 deien·
1007 2697 1073 2739 nem
1097 2680 1149 2736 tibi
1168 2679 1353 2753 perniciosam
1367 2678 1491 2752 mihique
1503 2678 1742 2736 contumeliosam
1754 2676 1799 2734 eri

156 2771 242 2828 sionis
263 2771 357 2828 colore
369 2772 403 2828 de
415 2780 473 2829 tam
485 2773 635 2845 perniciosa
655 2772 822 2846 blasphemia
843 2789 955 2848 quonum
1009 2775 1175 2833 deotissimis
1192 2775 1345 2832 rationibus
1359 2773 1482 2847 probari,
1502 2789 1629 2848 quaram
1639 2782 1672 2831 tu
1684 2787 1735 2831 nec
1746 2769 1798 2829 ulti·

156 2863 242 2922 modo
255 2873 427 2938 expurgaret.
442 2864 497 2924 Sed
511 2864 595 2924 eheu!
606 2865 673 2923 silut
685 2866 849 2940 huJ'usmodi
864 2867 894 2924 in
904 2868 954 2926 eis
1009 2885 1085 2927 mam
1099 2870 1128 2925 in
1142 2869 1194 2926 hac
1210 2869 1323 2942 epistola
1336 2865 1507 2925 dmmuusti.

155 2959 219 3016 dem
232 2958 330 3016 litteris
341 2960 462 3017 invenire
478 2960 564 3033 potui,
579 2960 679 3034 quippe
691 2976 753 3033 quae
765 2960 801 3018 ad
809 2963 955 3019 cumulum
1043 2963 1095 3021 liis
1119 2964 1204 3037 igitur
1230 2961 1453 3037 irrefragabiliter
1466 2960 1608 3034 probatis,
1629 2959 1741 3018 ultimm
1759 2956 1798 3015 tili

155 3051 253 3124 prioris
265 3052 372 3125 injuriae
384 3069 461 3110 meas
481 3053 595 3122 litteras,
609 3054 683 3111 nulla
694 3054 802 3112 ratione
822 3054 954 3125 adhibita,
1007 3056 1176 3130 respondere
1198 3055 1299 3113 merito
1324 3055 1558 3129 detrectarem,si
1585 3071 1643 3112 non
1657 3051 1798 3113 mach&

154 3145 251 3204 dicunt
271 3145 431 3214 maledicas,
459 3163 559 3221 meque
584 3146 703 3220 priorem
724 3147 835 3221 injurias
859 3148 952 3207 conei-
1007 3150 1058 3207 tati
1073 3158 1101 3206 ct
1115 3149 1235 3206 baculos
1250 3165 1359 3207 morem
1369 3165 1464 3223 gerere
1473 3147 1661 3212 destinarem,
1672 3148 1799 3222 puppes

154 3247 237 3309 tasse,
252 3249 333 3314 teque
346 3239 388 3297 nil
399 3241 628 3299 contumeliosum
644 3241 713 3299 mihi
733 3241 831 3300 dixisse
844 3250 955 3323 tantum
1007 3253 1035 3300 et
1048 3243 1077 3299 in
1089 3242 1141 3300 hac
1154 3242 1268 3316 epistola
1279 3251 1338 3312 tua,
1352 3242 1417 3316 quid
1431 3251 1510 3300 tuam
1522 3243 1707 3301 eruditionem
1721 3248 1799 3297 tuam

155 3334 341 3406 pronuntiant,
365 3351 423 3392 non
443 3335 533 3409 aliqua
546 3336 646 3393 saltem
659 3335 812 3394 ratiuncula
826 3336 953 3409 probant.
1007 3353 1061 3410 que
1073 3337 1238 3410 religionem
1251 3336 1393 3408 dedeceat,
1417 3352 1462 3395 me
1475 3336 1526 3394 tibi
1548 3336 1668 3396 fideliter
1680 3333 1798 3393 indicare

155 3406 297 3498 anurm
320 3436 415 3486 autem
438 3428 489 3485 hac
509 3445 604 3488 earum
623 3429 812 3505 pronuntiatio
833 3429 955 3488 devicta
1007 3447 1064 3490 non
1077 3430 1187 3488 taedeat.

155 3538 230 3593 vero,
250 3523 317 3581 nulli
331 3523 414 3581 etiam
434 3523 529 3582 idiota
550 3524 659 3593 latebit,
676 3523 723 3598 qui
743 3523 884 3599 uniusque
904 3500 990 3582 noc
1042 3528 1075 3582 ln
1102 3526 1200 3599 primis
1225 3525 1318 3600 itaque
1346 3526 1409 3584 volo
1440 3531 1469 3583 te
1490 3524 1564 3583 scire
1589 3523 1798 3583 circumstantias

154 3624 242 3673 strum
258 3616 389 3689 epistolas
401 3616 546 3690 diligenter
559 3619 739 3690 perspexerit.
1007 3618 1149 3676 rhetorum
1176 3619 1242 3676 huic
1264 3627 1361 3676 nostro
1386 3618 1498 3694 negotm
1512 3635 1575 3677 non
1597 3628 1762 3693 competere,
1773 3630 1797 3671 er

190 3709 281 3764 Prima
310 3709 386 3765 enim
413 3709 528 3782 epistola
549 3726 633 3783 quam
655 3711 705 3768 tibi
729 3710 763 3768 de
783 3709 836 3770 hac
859 3722 954 3771 nostra
1007 3713 1108 3788 quibus
1135 3721 1256 3771 oratores
1279 3713 1385 3788 lingunt
1404 3729 1467 3771 suas
1481 3713 1676 3786 conjecturas,
1689 3719 1796 3771 nmtm

155 3802 307 3874 quaestione
320 3803 474 3871 transmisi,
495 3812 522 3860 te
535 3811 645 3860 tantum
657 3820 705 3876 per
719 3806 879 3863 testimonia
892 3823 956 3863 san·
1007 3806 1042 3864 de
1055 3807 1171 3864 veritate
1183 3822 1268 3880 quam
1288 3807 1323 3865 de
1335 3805 1580 3865 verisimilitudine
1591 3815 1736 3865 curantes.
1746 3806 1797 3862 flat

140 3900 246 3952 ¹torum
268 3898 383 3952 Patrum
400 3895 516 3954 fideliter
539 3905 567 3953 et
580 3897 668 3954 amice
681 3899 848 3970 praemonuit
861 3900 896 3957 de
909 3916 954 3957 ca·
1007 3900 1080 3958 euim
1100 3909 1194 3959 nostra
1206 3916 1288 3958 causa
1302 3901 1394 3974 potins
1407 3901 1442 3959 ad
1463 3900 1554 3957 thesin
1566 3917 1656 3975 quam
1679 3900 1794 3973 aloyae

154 3988 244 4046 vendo
266 3987 453 4057 anathemate,
467 3996 500 4044 ut
516 4005 567 4046 nec
581 3999 611 4047 tu
626 3990 684 4061 ipse
705 3990 809 4064 aliquid
821 3991 851 4048 in
865 4008 897 4049 ea
912 4008 975 4070 res
1005 3994 1095 4052 thesin
1116 3995 1250 4067 pertinere
1263 4003 1402 4064 censetur,
1415 4010 1466 4052 nec
1485 3995 1635 4054 tractanda
1651 4004 1696 4053 est
1708 4006 1795 4066 pcttt·

154 4082 280 4154 perisses,
296 4082 372 4155 quod
382 4089 439 4140 tuae
454 4082 551 4140 litterae
561 4084 659 4140 saltem
671 4084 786 4157 alicujus
796 4083 954 4144 ostensione
1005 4089 1148 4146 risimilem
1171 4097 1311 4147 oratorum
1334 4087 1485 4157 suadelam,
1506 4088 1558 4145 sed
1573 4105 1624 4162 per
1640 4084 1794 4161 irrefragabi-

153 4175 267 4248 dignum
281 4176 351 4233 mihi
364 4185 475 4249 possent
489 4178 616 4249 probare.
631 4181 707 4251 Quot
719 4186 811 4236 autem
825 4179 953 4253 blaspbe·
1007 4182 1062 4240 lem
1075 4183 1303 4256 philosophorum
1324 4182 1607 4241 demonstrationem.
1631 4183 1712 4240 Dicis
1730 4182 1796 4254 igitr

154 4270 235 4337 miae,
257 4286 342 4343 quam
364 4269 535 4341 inhonestas,
550 4287 634 4345 quam
652 4272 821 4345 perniciosas
835 4290 884 4346 pro
899 4275 953 4333 hac
1006 4277 1036 4332 in
1050 4277 1163 4349 epistola
1177 4285 1224 4334 tua
1245 4277 1393 4335 &comani
1407 4275 1561 4349 capitulum
1574 4274 1686 4334 idcireo
1698 4275 1794 4333 abac
1830 4312 1837 4327 .

152 4362 340 4421 benevolentia
364 4363 432 4421 mihi
447 4364 644 4436 rescripsisses,
664 4364 767 4424 reterre
779 4366 873 4440 pudet,
887 4385 953 4426 cum
1006 4369 1159 4428 thenticum
1173 4369 1258 4428 videri
1272 4370 1346 4442 quod
1368 4378 1442 4427 certo
1456 4368 1517 4426 looo
1532 4377 1561 4425 ct
1573 4377 1705 4443 tempore
1717 4385 1733 4426 a
1743 4380 1795 4442 pto·

152 4456 220 4513 adeo
240 4455 354 4525 feteant,
376 4467 408 4515 ut
425 4458 465 4515 rel
487 4457 598 4516 inimico
618 4458 688 4516 tales
706 4459 807 4517 inferre
827 4477 882 4519 non
903 4461 951 4519 dc·
1006 4464 1075 4521 batis
1092 4465 1216 4536 personis
1229 4464 1267 4521 sit
1277 4464 1431 4531 recitatum,
1443 4463 1581 4536 scriptum
1598 4474 1686 4537 atquc
1696 4459 1792 4522 trtrttlr⁴

153 4559 222 4607 caat.
1004 4566 1079 4625 tum;
1101 4557 1150 4614 sed
1170 4557 1272 4614 falleris
1288 4559 1317 4614 in
1339 4557 1390 4614 hac
1412 4557 1624 4630 consequentia.
1642 4561 1716 4616 tium
1736 4554 1796 4613 cin

187 4644 311 4702 Secunda
335 4661 400 4703 vcro
421 4661 483 4703 mea
503 4645 629 4721 epistola,
648 4653 745 4703 conus
767 4646 878 4704 easdem
891 4647 951 4705 bla·
1005 4651 1155 4726 categoria
1181 4651 1311 4724 praecipui
1336 4650 1457 4709 doctoris
1481 4651 1645 4724 Augustini,
1671 4652 1797 4725 ipsismet

152 4737 291 4809 splremias
312 4738 485 4809 tibidirecta,
508 4756 565 4797 non
576 4739 795 4798 remaledicendo
807 4739 855 4797 tihi
867 4743 952 4799 talio·
1004 4745 1139 4818 scriptum
1160 4750 1203 4803 De
1222 4745 1354 4802 electione
1368 4745 1455 4802 Jacob
1476 4752 1504 4801 et
1523 4746 1725 4817 reprobatione
1737 4746 1797 4803 int

16 4900 29 4913 Ι
152 4846 217 4888 nem
229 4831 360 4901 reddidit,
375 4832 425 4889 sed
437 4841 464 4889 ta
477 4841 595 4904 tantum,
609 4842 641 4891 ut
652 4835 783 4904 amicum,
797 4851 813 4893 a
824 4833 950 4909 blasphe·
962 4873 988 4938 D
1005 4840 1138 4912 exemplis
1165 4841 1242 4897 Pauli
1267 4841 1353 4909 (98³),
1375 4838 1410 4895 ab
1424 4839 1515 4911 aliquo
1541 4838 1604 4896 sani
1629 4840 1728 4913 capitis
1738 4834 1796 4893 reti·

153 4924 215 4982 miis
253 4939 309 4982 non
345 4924 413 4982 mihi
445 4925 493 4984 sed
520 4928 682 5002 tibimetipsi
708 4929 950 5002 perniciosissimis
1005 4933 1117 5006 piutrtur
1141 4950 1190 5006 pro
1213 4933 1398 4991 authenticis?
1419 4947 1481 5006 quae
1503 4940 1598 4990 tamen
1614 4942 1695 4991 certo
1710 4932 1797 4990 locuti

151 5034 326 5092 compescere
347 5017 464 5077 studuit.
477 5021 576 5078 Procul
598 5020 682 5078 dubio
703 5022 856 5080 enimnovi
875 5023 951 5096 qsrod
1003 5034 1129 5100 tempore
1153 5043 1190 5085 cx
1217 5042 1334 5100 persona
1358 5026 1552 5099 probatissima
1575 5043 1635 5085 non
1649 5026 1797 5084 dubitantis

152 5113 241 5186 ipsum
271 5129 320 5171 vas
346 5113 486 5171 electionis
511 5114 622 5184 Paulus,
651 5131 699 5189 per
724 5131 808 5188 quem
829 5116 951 5190 loquitur
1003 5119 1153 5194 descriplar
1176 5121 1329 5195 exquibus
1343 5120 1614 5194 categoriasnullus
1634 5119 1709 5178 hene
1728 5128 1797 5176 sa·

151 5205 208 5279 ipse
222 5207 357 5276 Christus,
383 5207 532 5266 maledicos
553 5208 697 5266 tradiderit
718 5211 836 5280 Satanas,
852 5213 884 5268 ut
905 5210 947 5268 di·
1003 5213 1167 5271 authenticis
1188 5213 1390 5283 annumerabit,
1418 5213 1539 5270 alterum
1562 5220 1662 5271 autem
1676 5213 1796 5285 seripm
1817 5268 1826 5289 ,

149 5309 258 5359 scerent
281 5317 339 5360 non
360 5300 552 5375 blasphemare
571 5306 595 5371 (l
620 5307 735 5373 liner).
765 5304 845 5361 Patet
869 5303 951 5378 igitur
1003 5306 1075 5364 idem
1089 5306 1186 5364 doctor
1203 5307 1233 5362 in
1246 5306 1318 5364 libro
1338 5306 1578 5366 Retractationum
1589 5307 1796 5382 repudiarent·
1835 5366 1837 5377 ,

150 5395 217 5449 satis
230 5394 368 5453 evidenter
382 5395 442 5470 quis
464 5405 555 5470 caput,
580 5397 639 5454 imo
653 5396 724 5471 ‘quis
745 5412 853 5456 summa
866 5397 951 5457 luerit
1003 5399 1120 5457 erubuit.
1136 5402 1215 5471 Hac,
1228 5400 1353 5474 inquam,
1366 5409 1395 5459 et
1404 5400 1456 5459 alia
1468 5399 1636 5473 hujusmodi
1650 5400 1796 5475 prades·

151 5485 233 5557 hujus
245 5487 362 5561 iniuria,
382 5497 409 5546 et
422 5505 509 5563 quam
529 5489 647 5548 indebite
661 5507 723 5548 mea
743 5491 845 5566 scripta
864 5493 951 5551 atatis
1003 5493 1150 5552 destruunt
1162 5495 1403 5569 consequentiam.
1418 5492 1500 5553 Unde
1511 5509 1581 5552 cum
1594 5493 1747 5554 Sonam
1757 5504 1796 5548 fl·

152 5587 282 5637 vocentur
301 5581 445 5652 maledica,
463 5599 525 5657 quse
542 5593 599 5642 tea
618 5585 803 5644 conviciorum
823 5586 950 5660 uoragine
1003 5596 1054 5660 put
1074 5587 1199 5647 nondum
1219 5603 1280 5648 csse
1299 5582 1488 5647 authenticum
1509 5588 1676 5662 probasses,
1697 5602 1747 5647 nec
1757 5596 1796 5659 t!

39 5636 59 5783 ἱ

186 5769 260 5837 (titt)
274 5766 376 5837 Meus,
390 5773 422 5822 ut
430 5766 545 5839 ddetur,
557 5767 716 5827 mendosos.
1040 5760 1113 5841 (aaa)
1130 5773 1246 5832 Videtur
1259 5773 1360 5847 aliquid
1374 5772 1479 5833 deesse.
