<?xml version="1.0" encoding="UTF-8"?>
<!DOCTYPE html PUBLIC "-//W3C//DTD XHTML 1.0 Transitional//EN"
    "http://www.w3.org/TR/xhtml1/DTD/xhtml1-transitional.dtd">
<html xmlns="http://www.w3.org/1999/xhtml" xml:lang="en" lang="en">
 <head>
  <title>
</title>
<meta http-equiv="Content-Type" content="text/html;charset=utf-8" />
  <meta name='ocr-system' content='tesseract 3.04.00' />
  <meta name='ocr-capabilities' content='ocr_page ocr_carea ocr_par ocr_line ocrx_word'/>
</head>
<body>
  <div class='ocr_page' id='page_1' title='image "./lta-11000/patrologiaecurs02unkngoog/patrologiaecurs02unkngoog_0542.png"; bbox 0 0 3870 6164; ppageno 0'>
   <div class='ocr_carea' id='block_1_1' title="bbox 9 2223 421 2296">
    <p class='ocr_par' dir='ltr' id='par_1_1' title="bbox 9 2223 421 2296">
     <span class='ocr_line' id='line_1_1' title="bbox 9 2223 421 2296; baseline 0 -16"><span class='ocrx_word' id='word_1_1' title='bbox 9 2228 18 2239; x_wconf 73' lang='lat'><em>¹</em></span> <span class='ocrx_word' id='word_1_2' title='bbox 140 2224 214 2296; x_wconf 88' lang='lat' dir='ltr'>quod</span> <span class='ocrx_word' id='word_1_3' title='bbox 228 2232 270 2281; x_wconf 84' lang='lat' dir='ltr'>cst</span> <span class='ocrx_word' id='word_1_4' title='bbox 283 2223 421 2280; x_wconf 88' lang='lat' dir='ltr'>Christus.</span> 
     </span>
    </p>
   </div>
   <div class='ocr_carea' id='block_1_2' title="bbox 1721 238 1780 293">
    <p class='ocr_par' dir='ltr' id='par_1_2' title="bbox 1721 238 1780 293">
     <span class='ocr_line' id='line_1_2' title="bbox 1721 238 1780 293; baseline 0.017 -1"><span class='ocrx_word' id='word_1_5' title='bbox 1721 238 1780 293; x_wconf 62' lang='lat' dir='ltr'>im</span> 
     </span>
    </p>
   </div>
   <div class='ocr_carea' id='block_1_3' title="bbox 136 216 273 306">
    <p class='ocr_par' dir='ltr' id='par_1_3' title="bbox 136 216 273 306">
     <span class='ocr_line' id='line_1_3' title="bbox 136 216 273 306; baseline 0.007 -1"><span class='ocrx_word' id='word_1_6' title='bbox 136 252 205 306; x_wconf 81' lang='lat' dir='ltr'>toro</span> <span class='ocrx_word' id='word_1_7' title='bbox 265 216 273 233; x_wconf 86' lang='grc'><strong>’</strong></span> 
     </span>
    </p>
   </div>
   <div class='ocr_carea' id='block_1_4' title="bbox 633 242 1358 329">
    <p class='ocr_par' dir='ltr' id='par_1_4' title="bbox 633 242 1358 329">
     <span class='ocr_line' id='line_1_4' title="bbox 633 242 1358 329; baseline -0.008 -25"><span class='ocrx_word' id='word_1_8' title='bbox 633 246 681 304; x_wconf 84' lang='lat' dir='ltr'>to</span> <span class='ocrx_word' id='word_1_9' title='bbox 700 246 813 329; x_wconf 61' lang='lat' dir='ltr'><strong>OPERA</strong></span> <span class='ocrx_word' id='word_1_10' title='bbox 831 247 859 304; x_wconf 86' lang='lat' dir='ltr'>S.</span> <span class='ocrx_word' id='word_1_11' title='bbox 880 245 1040 303; x_wconf 77' lang='lat' dir='ltr'>thnooutt</span> <span class='ocrx_word' id='word_1_12' title='bbox 1060 242 1278 303; x_wconf 79' lang='lat' dir='ltr'><strong>APPENDIOES.</strong></span> <span class='ocrx_word' id='word_1_13' title='bbox 1355 284 1358 289; x_wconf 84' lang='grc'><strong>-</strong></span> 
     </span>
    </p>
   </div>
   <div class='ocr_carea' id='block_1_5' title="bbox 171 550 1751 655">
    <p class='ocr_par' dir='ltr' id='par_1_5' title="bbox 171 550 1751 655">
     <span class='ocr_line' id='line_1_5' title="bbox 171 550 1751 655; baseline -0.01 0"><span class='ocrx_word' id='word_1_14' title='bbox 171 561 447 655; x_wconf 85' lang='lat' dir='ltr'>SYNODUS</span> <span class='ocrx_word' id='word_1_15' title='bbox 481 559 727 654; x_wconf 74' lang='lat' dir='ltr'>acutat</span> <span class='ocrx_word' id='word_1_16' title='bbox 761 560 873 654; x_wconf 87' lang='lat' dir='ltr'>SUB</span> <span class='ocrx_word' id='word_1_17' title='bbox 906 557 1218 654; x_wconf 83' lang='lat' dir='ltr'>GREGORIO</span> <span class='ocrx_word' id='word_1_18' title='bbox 1251 554 1343 650; x_wconf 91' lang='lat' dir='ltr'>Vll</span> <span class='ocrx_word' id='word_1_19' title='bbox 1377 550 1751 647; x_wconf 68' lang='lat' dir='ltr'>cristulis.</span> 
     </span>
    </p>
   </div>
   <div class='ocr_carea' id='block_1_6' title="bbox 270 744 1661 867">
    <p class='ocr_par' dir='ltr' id='par_1_6' title="bbox 270 744 1661 867">
     <span class='ocr_line' id='line_1_6' title="bbox 270 744 1661 824; baseline -0.006 -18"><span class='ocrx_word' id='word_1_20' title='bbox 270 751 408 818; x_wconf 84' lang='lat' dir='ltr'>(Dedimus</span> <span class='ocrx_word' id='word_1_21' title='bbox 418 766 504 824; x_wconf 85' lang='lat' dir='ltr'>supro</span> <span class='ocrx_word' id='word_1_22' title='bbox 516 754 586 808; x_wconf 82' lang='lat' dir='ltr'>iuter</span> <span class='ocrx_word' id='word_1_23' title='bbox 597 753 709 808; x_wconf 69' lang='lat' dir='ltr'>concido</span> <span class='ocrx_word' id='word_1_24' title='bbox 720 754 811 809; x_wconf 78' lang='lat' dir='ltr'>Romu</span> <span class='ocrx_word' id='word_1_25' title='bbox 823 751 960 808; x_wconf 82' lang='lat' dir='ltr'>celebrato</span> <span class='ocrx_word' id='word_1_26' title='bbox 972 751 1129 822; x_wconf 83' lang='lat' dir='ltr'>tempores.</span> <span class='ocrx_word' id='word_1_27' title='bbox 1147 750 1272 818; x_wconf 77' lang='lat' dir='ltr'>Gregorii</span> <span class='ocrx_word' id='word_1_28' title='bbox 1284 748 1347 803; x_wconf 82' lang='lat' dir='ltr'>Vll.</span> <span class='ocrx_word' id='word_1_29' title='bbox 1362 749 1411 804; x_wconf 77' lang='lat' dir='ltr'>Est</span> <span class='ocrx_word' id='word_1_30' title='bbox 1425 746 1521 801; x_wconf 80' lang='lat' dir='ltr'><strong><em>ordine</em></strong></span> <span class='ocrx_word' id='word_1_31' title='bbox 1534 744 1661 815; x_wconf 68' lang='lat' dir='ltr'>quium.)</span> 
     </span>
     <span class='ocr_line' id='line_1_7' title="bbox 721 840 737 867; baseline 0 -1"><span class='ocrx_word' id='word_1_32' title='bbox 721 840 737 867; x_wconf 65' lang='lat'>0</span> 
     </span>
    </p>
   </div>
   <div class='ocr_carea' id='block_1_7' title="bbox 437 1092 1491 1432">
    <p class='ocr_par' dir='ltr' id='par_1_7' title="bbox 437 1092 1491 1432">
     <span class='ocr_line' id='line_1_8' title="bbox 851 1092 1081 1186; baseline 0 -3"><span class='ocrx_word' id='word_1_33' title='bbox 851 1092 1081 1186; x_wconf 79' lang='lat' dir='ltr'>lNCtPlT</span> 
     </span>
     <span class='ocr_line' id='line_1_9' title="bbox 437 1230 1491 1432; baseline -0.005 -1"><span class='ocrx_word' id='word_1_34' title='bbox 437 1315 667 1432; x_wconf 82' lang='lat' dir='ltr'>uritis</span> <span class='ocrx_word' id='word_1_35' title='bbox 711 1230 1146 1432; x_wconf 76' lang='lat' dir='ltr'>thronorum</span> <span class='ocrx_word' id='word_1_36' title='bbox 1196 1309 1491 1431; x_wconf 86' lang='lat' dir='ltr'>ououuu</span> 
     </span>
    </p>
   </div>
   <div class='ocr_carea' id='block_1_8' title="bbox 746 1554 1183 1610">
    <p class='ocr_par' dir='ltr' id='par_1_8' title="bbox 746 1554 1183 1610">
     <span class='ocr_line' id='line_1_10' title="bbox 746 1554 1183 1610; baseline 0 -12"><span class='ocrx_word' id='word_1_37' title='bbox 746 1555 846 1599; x_wconf 74' lang='lat' dir='ltr'>sursit</span> <span class='ocrx_word' id='word_1_38' title='bbox 865 1554 992 1610; x_wconf 64' lang='lat' dir='ltr'><strong>QUODAM</strong></span> <span class='ocrx_word' id='word_1_39' title='bbox 1010 1554 1183 1608; x_wconf 75' lang='lat' dir='ltr'>CAPITULO,</span> 
     </span>
    </p>
   </div>
   <div class='ocr_carea' id='block_1_9' title="bbox 629 1691 1295 1781">
    <p class='ocr_par' dir='ltr' id='par_1_9' title="bbox 629 1691 1295 1781">
     <span class='ocr_line' id='line_1_11' title="bbox 629 1691 1295 1781; baseline -0.003 -26"><span class='ocrx_word' id='word_1_40' title='bbox 629 1695 681 1757; x_wconf 82' lang='lat' dir='ltr'>oa</span> <span class='ocrx_word' id='word_1_41' title='bbox 700 1693 1003 1781; x_wconf 80' lang='lat' dir='ltr'>mcourumuru</span> <span class='ocrx_word' id='word_1_42' title='bbox 1024 1691 1295 1756; x_wconf 80' lang='lat' dir='ltr'>stcaunonuu.</span> 
     </span>
    </p>
   </div>
   <div class='ocr_carea' id='block_1_10' title="bbox 139 2031 1786 2955">
    <p class='ocr_par' dir='ltr' id='par_1_10' title="bbox 139 2031 1778 2295">
     <span class='ocr_line' id='line_1_12' title="bbox 174 2031 1778 2108; baseline -0.003 -12"><span class='ocrx_word' id='word_1_43' title='bbox 174 2039 336 2096; x_wconf 86' lang='lat' dir='ltr'>Dominoao</span> <span class='ocrx_word' id='word_1_44' title='bbox 348 2038 504 2095; x_wconf 88' lang='lat' dir='ltr'>venerando</span> <span class='ocrx_word' id='word_1_45' title='bbox 513 2034 939 2104; x_wconf 62' lang='lat' dir='ltr'>sacerdotittsorrromeientia,</span> <span class='ocrx_word' id='word_1_46' title='bbox 953 2041 981 2102; x_wconf 76' lang='lat' dir='ltr'>A</span> <span class='ocrx_word' id='word_1_47' title='bbox 996 2035 1047 2093; x_wconf 89' lang='lat' dir='ltr'>rali</span> <span class='ocrx_word' id='word_1_48' title='bbox 1059 2049 1168 2093; x_wconf 80' lang='lat' dir='ltr'>curru</span> <span class='ocrx_word' id='word_1_49' title='bbox 1183 2037 1308 2103; x_wconf 84' lang='lat' dir='ltr'>Pahum,</span> <span class='ocrx_word' id='word_1_50' title='bbox 1327 2031 1616 2107; x_wconf 87' lang='lat' dir='ltr'>cuiegregiusdoctor</span> <span class='ocrx_word' id='word_1_51' title='bbox 1625 2036 1778 2108; x_wconf 74' lang='lat' dir='ltr'>Augurum</span> 
     </span>
     <span class='ocr_line' id='line_1_13' title="bbox 139 2127 1773 2200; baseline -0.002 -12"><span class='ocrx_word' id='word_1_52' title='bbox 139 2141 167 2188; x_wconf 87' lang='lat' dir='ltr'>et</span> <span class='ocrx_word' id='word_1_53' title='bbox 175 2128 933 2200; x_wconf 78' lang='lat' dir='ltr'>moribusadornato.Bsautnousbonumindeiiciens,</span> <span class='ocrx_word' id='word_1_54' title='bbox 989 2128 1125 2196; x_wconf 90' lang='lat' dir='ltr'>interluit,</span> <span class='ocrx_word' id='word_1_55' title='bbox 1162 2143 1225 2185; x_wconf 87' lang='lat' dir='ltr'>vero</span> <span class='ocrx_word' id='word_1_56' title='bbox 1253 2127 1337 2200; x_wconf 90' lang='lat' dir='ltr'>ipsius</span> <span class='ocrx_word' id='word_1_57' title='bbox 1351 2141 1436 2185; x_wconf 74' lang='lat' dir='ltr'>morae</span> <span class='ocrx_word' id='word_1_58' title='bbox 1460 2127 1614 2199; x_wconf 65' lang='lat' dir='ltr'>scriptume</span> <span class='ocrx_word' id='word_1_59' title='bbox 1628 2128 1773 2186; x_wconf 76' lang='lat' dir='ltr'>armarium.</span> 
     </span>
     <span class='ocr_line' id='line_1_14' title="bbox 990 2220 1778 2295; baseline -0.001 -15"><span class='ocrx_word' id='word_1_60' title='bbox 990 2222 1130 2281; x_wconf 80' lang='lat' dir='ltr'><strong>Deliberat</strong></span> <span class='ocrx_word' id='word_1_61' title='bbox 1154 2222 1231 2280; x_wconf 91' lang='lat' dir='ltr'>enim</span> <span class='ocrx_word' id='word_1_62' title='bbox 1263 2220 1409 2295; x_wconf 76' lang='lat' dir='ltr'>praedictus</span> <span class='ocrx_word' id='word_1_63' title='bbox 1436 2221 1664 2295; x_wconf 74' lang='lat' dir='ltr'><strong>archiepiscopus</strong></span> <span class='ocrx_word' id='word_1_64' title='bbox 1684 2223 1720 2279; x_wconf 78' lang='lat' dir='ltr'>its</span> <span class='ocrx_word' id='word_1_65' title='bbox 1743 2220 1778 2278; x_wconf 87' lang='lat' dir='ltr'>dl·</span> 
     </span>
    </p>

    <p class='ocr_par' dir='ltr' id='par_1_11' title="bbox 140 2315 1786 2955">
     <span class='ocr_line' id='line_1_15' title="bbox 176 2315 1781 2391; baseline 0.001 -16"><span class='ocrx_word' id='word_1_66' title='bbox 176 2320 248 2375; x_wconf 88' lang='lat' dir='ltr'>Cum</span> <span class='ocrx_word' id='word_1_67' title='bbox 261 2317 385 2390; x_wconf 82' lang='lat' dir='ltr'><strong>proxime</strong></span> <span class='ocrx_word' id='word_1_68' title='bbox 409 2317 491 2374; x_wconf 91' lang='lat' dir='ltr'>simul</span> <span class='ocrx_word' id='word_1_69' title='bbox 503 2332 636 2384; x_wconf 75' lang='lat' dir='ltr'>essemus,</span> <span class='ocrx_word' id='word_1_70' title='bbox 651 2317 773 2375; x_wconf 84' lang='lat' dir='ltr'>etrerba</span> <span class='ocrx_word' id='word_1_71' title='bbox 788 2315 825 2375; x_wconf 88' lang='lat' dir='ltr'>de</span> <span class='ocrx_word' id='word_1_72' title='bbox 851 2331 937 2375; x_wconf 86' lang='lat' dir='ltr'>cano·</span> <span class='ocrx_word' id='word_1_73' title='bbox 989 2335 1055 2376; x_wconf 89' lang='lat' dir='ltr'>oens</span> <span class='ocrx_word' id='word_1_74' title='bbox 1070 2323 1160 2388; x_wconf 57' lang='lat' dir='ltr'>(etth</span> <span class='ocrx_word' id='word_1_75' title='bbox 1176 2321 1268 2376; x_wconf 77' lang='lat' dir='ltr'><strong><em>Placet</em></strong></span> <span class='ocrx_word' id='word_1_76' title='bbox 1286 2323 1319 2374; x_wconf 86' lang='lat' dir='ltr'>ut</span> <span class='ocrx_word' id='word_1_77' title='bbox 1329 2318 1484 2374; x_wconf 65' lang='lat' dir='ltr'>sacedotes</span> <span class='ocrx_word' id='word_1_78' title='bbox 1506 2322 1535 2375; x_wconf 88' lang='lat' dir='ltr'>et</span> <span class='ocrx_word' id='word_1_79' title='bbox 1562 2320 1665 2385; x_wconf 63' lang='lat' dir='ltr'>toruo,</span> <span class='ocrx_word' id='word_1_80' title='bbox 1687 2321 1725 2376; x_wconf 85' lang='lat' dir='ltr'>oet</span> <span class='ocrx_word' id='word_1_81' title='bbox 1742 2320 1781 2391; x_wconf 79' lang='lat' dir='ltr'>osi</span> 
     </span>
     <span class='ocr_line' id='line_1_16' title="bbox 140 2409 1782 2486; baseline 0.001 -19"><span class='ocrx_word' id='word_1_82' title='bbox 140 2427 208 2469; x_wconf 86' lang='lat' dir='ltr'>rrum</span> <span class='ocrx_word' id='word_1_83' title='bbox 222 2411 412 2468; x_wconf 77' lang='lat' dir='ltr'>sanctionibus</span> <span class='ocrx_word' id='word_1_84' title='bbox 427 2409 461 2468; x_wconf 88' lang='lat' dir='ltr'>ad</span> <span class='ocrx_word' id='word_1_85' title='bbox 470 2411 590 2468; x_wconf 83' lang='lat' dir='ltr'>invicem</span> <span class='ocrx_word' id='word_1_86' title='bbox 599 2411 803 2479; x_wconf 83' lang='lat' dir='ltr'>conferremus,</span> <span class='ocrx_word' id='word_1_87' title='bbox 814 2411 938 2486; x_wconf 84' lang='lat' dir='ltr'>aliquan·</span> <span class='ocrx_word' id='word_1_88' title='bbox 991 2416 1168 2470; x_wconf 76' lang='lat' dir='ltr'>sacramentis</span> <span class='ocrx_word' id='word_1_89' title='bbox 1194 2415 1294 2470; x_wconf 80' lang='lat' dir='ltr'>diuinis</span> <span class='ocrx_word' id='word_1_90' title='bbox 1321 2415 1483 2481; x_wconf 77' lang='lat' dir='ltr'>inserviunt,</span> <span class='ocrx_word' id='word_1_91' title='bbox 1502 2415 1674 2470; x_wconf 67' lang='lat' dir='ltr'>eumcemss</span> <span class='ocrx_word' id='word_1_92' title='bbox 1689 2416 1740 2470; x_wconf 79' lang='lat' dir='ltr'>siat</span> <span class='ocrx_word' id='word_1_93' title='bbox 1759 2414 1782 2468; x_wconf 79' lang='lat' dir='ltr'>b</span> 
     </span>
     <span class='ocr_line' id='line_1_17' title="bbox 140 2504 1783 2580; baseline 0.002 -19"><span class='ocrx_word' id='word_1_94' title='bbox 140 2507 231 2562; x_wconf 89' lang='lat' dir='ltr'>tulum</span> <span class='ocrx_word' id='word_1_95' title='bbox 242 2504 277 2562; x_wconf 92' lang='lat' dir='ltr'>de</span> <span class='ocrx_word' id='word_1_96' title='bbox 290 2505 409 2577; x_wconf 88' lang='lat' dir='ltr'>capitulo</span> <span class='ocrx_word' id='word_1_97' title='bbox 423 2505 530 2562; x_wconf 79' lang='lat' dir='ltr'>Nioaeni</span> <span class='ocrx_word' id='word_1_98' title='bbox 543 2505 650 2562; x_wconf 91' lang='lat' dir='ltr'>concilii</span> <span class='ocrx_word' id='word_1_99' title='bbox 664 2504 855 2563; x_wconf 86' lang='lat' dir='ltr'>dissensimus.</span> <span class='ocrx_word' id='word_1_100' title='bbox 864 2507 936 2563; x_wconf 89' lang='lat' dir='ltr'>Cum</span> <span class='ocrx_word' id='word_1_101' title='bbox 991 2509 1124 2575; x_wconf 81' lang='lat' dir='ltr'>omuibus,</span> <span class='ocrx_word' id='word_1_102' title='bbox 1139 2523 1192 2578; x_wconf 77' lang='lat' dir='ltr'>quo</span> <span class='ocrx_word' id='word_1_103' title='bbox 1212 2510 1317 2578; x_wconf 75' lang='lat' dir='ltr'>possessi</span> <span class='ocrx_word' id='word_1_104' title='bbox 1331 2508 1490 2578; x_wconf 84' lang='lat' dir='ltr'>simpliciter</span> <span class='ocrx_word' id='word_1_105' title='bbox 1506 2507 1582 2577; x_wconf 81' lang='lat' dir='ltr'>quod</span> <span class='ocrx_word' id='word_1_106' title='bbox 1603 2523 1623 2562; x_wconf 88' lang='lat' dir='ltr'>o</span> <span class='ocrx_word' id='word_1_107' title='bbox 1643 2511 1696 2565; x_wconf 82' lang='lat' dir='ltr'>ltro</span> <span class='ocrx_word' id='word_1_108' title='bbox 1704 2512 1783 2580; x_wconf 78' lang='lat' dir='ltr'>puu-</span> 
     </span>
     <span class='ocr_line' id='line_1_18' title="bbox 141 2598 1786 2673; baseline 0.003 -19"><span class='ocrx_word' id='word_1_109' title='bbox 141 2598 373 2667; x_wconf 85' lang='lat' dir='ltr'>enimintcrnos,</span> <span class='ocrx_word' id='word_1_110' title='bbox 386 2607 418 2656; x_wconf 92' lang='lat' dir='ltr'>ut</span> <span class='ocrx_word' id='word_1_111' title='bbox 431 2599 539 2668; x_wconf 87' lang='lat' dir='ltr'>recolis,</span> <span class='ocrx_word' id='word_1_112' title='bbox 554 2598 589 2656; x_wconf 91' lang='lat' dir='ltr'>de</span> <span class='ocrx_word' id='word_1_113' title='bbox 613 2598 782 2671; x_wconf 87' lang='lat' dir='ltr'>prohibenda</span> <span class='ocrx_word' id='word_1_114' title='bbox 806 2599 938 2657; x_wconf 89' lang='lat' dir='ltr'>sacerdo·</span> <span class='ocrx_word' id='word_1_115' title='bbox 991 2603 1051 2658; x_wconf 84' lang='lat' dir='ltr'>torst</span> <span class='ocrx_word' id='word_1_116' title='bbox 1076 2605 1231 2673; x_wconf 84' lang='lat' dir='ltr'>impetrare,</span> <span class='ocrx_word' id='word_1_117' title='bbox 1244 2607 1275 2657; x_wconf 87' lang='lat' dir='ltr'>ut</span> <span class='ocrx_word' id='word_1_118' title='bbox 1288 2601 1360 2672; x_wconf 81' lang='lat' dir='ltr'>quod</span> <span class='ocrx_word' id='word_1_119' title='bbox 1379 2602 1498 2673; x_wconf 85' lang='lat' dir='ltr'>apostoli</span> <span class='ocrx_word' id='word_1_120' title='bbox 1519 2601 1674 2657; x_wconf 76' lang='lat' dir='ltr'>docummt</span> <span class='ocrx_word' id='word_1_121' title='bbox 1695 2604 1786 2673; x_wconf 81' lang='lat' dir='ltr'>stipsi</span> 
     </span>
     <span class='ocr_line' id='line_1_19' title="bbox 140 2691 1786 2768; baseline 0.002 -19"><span class='ocrx_word' id='word_1_122' title='bbox 140 2701 201 2749; x_wconf 92' lang='lat' dir='ltr'>tum</span> <span class='ocrx_word' id='word_1_123' title='bbox 216 2692 419 2751; x_wconf 90' lang='lat' dir='ltr'>incontinentia</span> <span class='ocrx_word' id='word_1_124' title='bbox 437 2709 532 2750; x_wconf 87' lang='lat' dir='ltr'>sermo</span> <span class='ocrx_word' id='word_1_125' title='bbox 549 2702 740 2752; x_wconf 79' lang='lat' dir='ltr'>consereretur</span> <span class='ocrx_word' id='word_1_126' title='bbox 755 2696 788 2763; x_wconf 74' lang='lat' dir='ltr'>[t.</span> <span class='ocrx_word' id='word_1_127' title='bbox 804 2691 939 2751; x_wconf 85' lang='lat' dir='ltr'>conierre·</span> <span class='ocrx_word' id='word_1_128' title='bbox 992 2699 1111 2753; x_wconf 75' lang='lat' dir='ltr'>remouit</span> <span class='ocrx_word' id='word_1_129' title='bbox 1124 2697 1286 2766; x_wconf 58' lang='lat' dir='ltr'>sethoitas,</span> <span class='ocrx_word' id='word_1_130' title='bbox 1298 2710 1345 2750; x_wconf 87' lang='lat' dir='ltr'>oos</span> <span class='ocrx_word' id='word_1_131' title='bbox 1371 2710 1477 2766; x_wconf 76' lang='lat' dir='ltr'>quoque</span> <span class='ocrx_word' id='word_1_132' title='bbox 1495 2695 1693 2752; x_wconf 68' lang='lat' dir='ltr'>mosmos.</span> <span class='ocrx_word' id='word_1_133' title='bbox 1716 2693 1786 2768; x_wconf 82' lang='lat' dir='ltr'>Quod</span> 
     </span>
     <span class='ocr_line' id='line_1_20' title="bbox 140 2785 1785 2862; baseline 0.002 -20"><span class='ocrx_word' id='word_1_134' title='bbox 140 2789 209 2858; x_wconf 79' lang='lat' dir='ltr'>turl,</span> <span class='ocrx_word' id='word_1_135' title='bbox 223 2802 287 2859; x_wconf 76' lang='lat' dir='ltr'>quar</span> <span class='ocrx_word' id='word_1_136' title='bbox 307 2786 431 2843; x_wconf 80' lang='lat' dir='ltr'>intortio</span> <span class='ocrx_word' id='word_1_137' title='bbox 446 2785 572 2859; x_wconf 85' lang='lat' dir='ltr'>ejusdcm</span> <span class='ocrx_word' id='word_1_138' title='bbox 595 2787 703 2845; x_wconf 91' lang='lat' dir='ltr'>concilii</span> <span class='ocrx_word' id='word_1_139' title='bbox 725 2787 846 2859; x_wconf 89' lang='lat' dir='ltr'>capitulo</span> <span class='ocrx_word' id='word_1_140' title='bbox 869 2786 938 2845; x_wconf 83' lang='lat' dir='ltr'>adeo</span> <span class='ocrx_word' id='word_1_141' title='bbox 992 2790 1173 2848; x_wconf 87' lang='lat' dir='ltr'>constitutum</span> <span class='ocrx_word' id='word_1_142' title='bbox 1191 2805 1206 2846; x_wconf 89' lang='lat' dir='ltr'>a</span> <span class='ocrx_word' id='word_1_143' title='bbox 1222 2786 1575 2862; x_wconf 83' lang='lat' dir='ltr'>legatisapostolicaesedis</span> <span class='ocrx_word' id='word_1_144' title='bbox 1602 2791 1735 2848; x_wconf 79' lang='lat' dir='ltr'>Faustino</span> <span class='ocrx_word' id='word_1_145' title='bbox 1745 2804 1785 2845; x_wconf 87' lang='lat' dir='ltr'>re-</span> 
     </span>
     <span class='ocr_line' id='line_1_21' title="bbox 141 2880 1786 2955; baseline 0.002 -17"><span class='ocrx_word' id='word_1_146' title='bbox 141 2880 311 2954; x_wconf 80' lang='lat' dir='ltr'>prohibetur,</span> <span class='ocrx_word' id='word_1_147' title='bbox 327 2895 362 2937; x_wconf 90' lang='lat' dir='ltr'>ne</span> <span class='ocrx_word' id='word_1_148' title='bbox 376 2880 475 2937; x_wconf 88' lang='lat' dir='ltr'>saltem</span> <span class='ocrx_word' id='word_1_149' title='bbox 497 2881 590 2938; x_wconf 89' lang='lat' dir='ltr'>clerici</span> <span class='ocrx_word' id='word_1_150' title='bbox 602 2880 723 2938; x_wconf 86' lang='lat' dir='ltr'>debeant</span> <span class='ocrx_word' id='word_1_151' title='bbox 736 2881 861 2938; x_wconf 87' lang='lat' dir='ltr'>babitare</span> <span class='ocrx_word' id='word_1_152' title='bbox 875 2897 939 2939; x_wconf 93' lang='lat' dir='ltr'>cum</span> <span class='ocrx_word' id='word_1_153' title='bbox 992 2883 1105 2942; x_wconf 88' lang='lat' dir='ltr'>nerabili</span> <span class='ocrx_word' id='word_1_154' title='bbox 1121 2882 1264 2955; x_wconf 89' lang='lat' dir='ltr'>episcopo,</span> <span class='ocrx_word' id='word_1_155' title='bbox 1279 2891 1307 2939; x_wconf 89' lang='lat' dir='ltr'>et</span> <span class='ocrx_word' id='word_1_156' title='bbox 1330 2883 1364 2939; x_wconf 91' lang='lat' dir='ltr'>ab</span> <span class='ocrx_word' id='word_1_157' title='bbox 1390 2881 1519 2938; x_wconf 89' lang='lat' dir='ltr'>omnibus</span> <span class='ocrx_word' id='word_1_158' title='bbox 1539 2881 1680 2955; x_wconf 86' lang='lat' dir='ltr'>episcopis</span> <span class='ocrx_word' id='word_1_159' title='bbox 1700 2882 1786 2940; x_wconf 77' lang='lat' dir='ltr'>unani·</span> 
     </span>
    </p>
   </div>
   <div class='ocr_carea' id='block_1_11' title="bbox 5 2972 1785 3048">
    <p class='ocr_par' dir='ltr' id='par_1_12' title="bbox 5 2972 1785 3048">
     <span class='ocr_line' id='line_1_22' title="bbox 5 2972 1785 3048; baseline 0.003 -21"><span class='ocrx_word' id='word_1_160' title='bbox 5 2972 39 3027; x_wconf 85' lang='grc'>.’</span> <span class='ocrx_word' id='word_1_161' title='bbox 140 2974 338 3032; x_wconf 85' lang='lat' dir='ltr'>feminisnnlls</span> <span class='ocrx_word' id='word_1_162' title='bbox 353 2974 585 3047; x_wconf 87' lang='lat' dir='ltr'>consanguinitate</span> <span class='ocrx_word' id='word_1_163' title='bbox 613 2975 782 3048; x_wconf 87' lang='lat' dir='ltr'>propinquis,</span> <span class='ocrx_word' id='word_1_164' title='bbox 802 2983 832 3032; x_wconf 89' lang='lat' dir='ltr'>tu</span> <span class='ocrx_word' id='word_1_165' title='bbox 848 2974 940 3047; x_wconf 88' lang='lat' dir='ltr'>quod·</span> <span class='ocrx_word' id='word_1_166' title='bbox 993 2979 1076 3033; x_wconf 91' lang='lat' dir='ltr'>miter</span> <span class='ocrx_word' id='word_1_167' title='bbox 1084 2992 1151 3034; x_wconf 91' lang='lat' dir='ltr'>cum</span> <span class='ocrx_word' id='word_1_168' title='bbox 1167 2974 1413 3048; x_wconf 88' lang='lat' dir='ltr'>subscriptionibus</span> <span class='ocrx_word' id='word_1_169' title='bbox 1423 2982 1466 3031; x_wconf 89' lang='lat' dir='ltr'>est</span> <span class='ocrx_word' id='word_1_170' title='bbox 1487 2974 1698 3034; x_wconf 78' lang='lat' dir='ltr'>confirmatum.</span> <span class='ocrx_word' id='word_1_171' title='bbox 1723 2979 1785 3035; x_wconf 85' lang='lat' dir='ltr'>item</span> 
     </span>
    </p>
   </div>
   <div class='ocr_carea' id='block_1_12' title="bbox 140 3067 1787 3330">
    <p class='ocr_par' dir='ltr' id='par_1_13' title="bbox 140 3067 1787 3330">
     <span class='ocr_line' id='line_1_23' title="bbox 141 3067 1784 3143; baseline 0.001 -17"><span class='ocrx_word' id='word_1_172' title='bbox 141 3068 207 3127; x_wconf 91' lang='lat' dir='ltr'>dam</span> <span class='ocrx_word' id='word_1_173' title='bbox 218 3067 293 3127; x_wconf 91' lang='lat' dir='ltr'>aliud</span> <span class='ocrx_word' id='word_1_174' title='bbox 306 3077 387 3141; x_wconf 87' lang='lat' dir='ltr'>caput</span> <span class='ocrx_word' id='word_1_175' title='bbox 401 3085 434 3125; x_wconf 84' lang='lat' dir='ltr'>ex</span> <span class='ocrx_word' id='word_1_176' title='bbox 451 3068 633 3126; x_wconf 86' lang='lat' dir='ltr'>ecclesiastica</span> <span class='ocrx_word' id='word_1_177' title='bbox 647 3069 780 3137; x_wconf 78' lang='lat' dir='ltr'>illatoris,</span> <span class='ocrx_word' id='word_1_178' title='bbox 794 3084 857 3142; x_wconf 77' lang='lat' dir='ltr'>quie</span> <span class='ocrx_word' id='word_1_179' title='bbox 868 3069 938 3125; x_wconf 90' lang='lat' dir='ltr'>dici·</span> <span class='ocrx_word' id='word_1_180' title='bbox 995 3070 1051 3143; x_wconf 90' lang='lat' dir='ltr'>ipsa</span> <span class='ocrx_word' id='word_1_181' title='bbox 1066 3070 1172 3126; x_wconf 87' lang='lat' dir='ltr'>Veritas</span> <span class='ocrx_word' id='word_1_182' title='bbox 1185 3069 1307 3125; x_wconf 80' lang='lat' dir='ltr'>sitirmat</span> <span class='ocrx_word' id='word_1_183' title='bbox 1330 3068 1357 3125; x_wconf 91' lang='lat' dir='ltr'>io</span> <span class='ocrx_word' id='word_1_184' title='bbox 1372 3068 1531 3142; x_wconf 84' lang='lat' dir='ltr'>Evangelio,</span> <span class='ocrx_word' id='word_1_185' title='bbox 1559 3069 1659 3128; x_wconf 85' lang='lat' dir='ltr'>dicens</span> <span class='ocrx_word' id='word_1_186' title='bbox 1685 3093 1692 3127; x_wconf 93' lang='lat'><strong>:</strong></span> <span class='ocrx_word' id='word_1_187' title='bbox 1707 3072 1784 3129; x_wconf 76' lang='lat' dir='ltr'>Arses</span> 
     </span>
     <span class='ocr_line' id='line_1_24' title="bbox 141 3162 1787 3236; baseline 0.001 -16"><span class='ocrx_word' id='word_1_188' title='bbox 141 3172 187 3221; x_wconf 89' lang='lat' dir='ltr'>tur</span> <span class='ocrx_word' id='word_1_189' title='bbox 204 3162 353 3235; x_wconf 83' lang='lat' dir='ltr'>Tripartita</span> <span class='ocrx_word' id='word_1_190' title='bbox 367 3165 447 3229; x_wconf 66' lang='lat' dir='ltr'>(ilat.</span> <span class='ocrx_word' id='word_1_191' title='bbox 461 3165 532 3220; x_wconf 84' lang='lat' dir='ltr'>Eoct.</span> <span class='ocrx_word' id='word_1_192' title='bbox 551 3166 681 3234; x_wconf 72' lang='lat' dir='ltr'>tripart,</span> <span class='ocrx_word' id='word_1_193' title='bbox 698 3162 865 3235; x_wconf 83' lang='lat' dir='ltr'>lib.11,eap.</span> <span class='ocrx_word' id='word_1_194' title='bbox 882 3168 939 3231; x_wconf 85' lang='lat' dir='ltr'>tt),</span> <span class='ocrx_word' id='word_1_195' title='bbox 991 3164 1054 3225; x_wconf 72' lang='lat' dir='ltr'>richo</span> <span class='ocrx_word' id='word_1_196' title='bbox 1063 3164 1147 3229; x_wconf 72' lang='lat' dir='ltr'>vobis,</span> <span class='ocrx_word' id='word_1_197' title='bbox 1162 3163 1787 3236; x_wconf 74' lang='lat' dir='ltr'>nutabunduverttjsstits&#39;ooestroplusosnss</span> 
     </span>
     <span class='ocr_line' id='line_1_25' title="bbox 140 3256 1787 3330; baseline 0 -16"><span class='ocrx_word' id='word_1_198' title='bbox 140 3257 289 3329; x_wconf 86' lang='lat' dir='ltr'>protulisti,</span> <span class='ocrx_word' id='word_1_199' title='bbox 318 3256 392 3330; x_wconf 87' lang='lat' dir='ltr'>quod</span> <span class='ocrx_word' id='word_1_200' title='bbox 416 3256 565 3330; x_wconf 88' lang='lat' dir='ltr'>quemdam</span> <span class='ocrx_word' id='word_1_201' title='bbox 578 3257 766 3329; x_wconf 85' lang='lat' dir='ltr'>Paphnucium</span> <span class='ocrx_word' id='word_1_202' title='bbox 780 3264 899 3315; x_wconf 84' lang='lat' dir='ltr'>testatur</span> <span class='ocrx_word' id='word_1_203' title='bbox 912 3257 941 3314; x_wconf 89' lang='lat' dir='ltr'>in</span> <span class='ocrx_word' id='word_1_204' title='bbox 995 3258 1150 3315; x_wconf 79' lang='lat' dir='ltr'>Scribarum</span> <span class='ocrx_word' id='word_1_205' title='bbox 1161 3261 1187 3312; x_wconf 88' lang='lat' dir='ltr'>et</span> <span class='ocrx_word' id='word_1_206' title='bbox 1198 3257 1407 3324; x_wconf 76' lang='lat' dir='ltr'>Phorisororuot,</span> <span class='ocrx_word' id='word_1_207' title='bbox 1420 3272 1473 3312; x_wconf 81' lang='lat' dir='ltr'>ooo</span> <span class='ocrx_word' id='word_1_208' title='bbox 1487 3257 1668 3314; x_wconf 81' lang='lat' dir='ltr'>intrabitiss&#39;o</span> <span class='ocrx_word' id='word_1_209' title='bbox 1682 3274 1787 3328; x_wconf 71' lang='lat' dir='ltr'>repom</span> 
     </span>
    </p>
   </div>
   <div class='ocr_carea' id='block_1_13' title="bbox 141 3350 979 3441">
    <p class='ocr_par' dir='ltr' id='par_1_14' title="bbox 141 3350 979 3441">
     <span class='ocr_line' id='line_1_26' title="bbox 141 3350 979 3441; baseline -0.001 -33"><span class='ocrx_word' id='word_1_210' title='bbox 141 3350 241 3408; x_wconf 89' lang='lat' dir='ltr'>codem</span> <span class='ocrx_word' id='word_1_211' title='bbox 253 3350 372 3408; x_wconf 81' lang='lat' dir='ltr'>concilio</span> <span class='ocrx_word' id='word_1_212' title='bbox 385 3350 545 3419; x_wconf 77' lang='lat' dir='ltr'>surrexisse,</span> <span class='ocrx_word' id='word_1_213' title='bbox 559 3359 615 3408; x_wconf 88' lang='lat' dir='ltr'>eta</span> <span class='ocrx_word' id='word_1_214' title='bbox 639 3356 697 3409; x_wconf 90' lang='lat' dir='ltr'>tota</span> <span class='ocrx_word' id='word_1_215' title='bbox 717 3350 824 3424; x_wconf 84' lang='lat' dir='ltr'>synodo</span> <span class='ocrx_word' id='word_1_216' title='bbox 845 3366 940 3408; x_wconf 86' lang='lat' dir='ltr'>sacer·</span> <span class='ocrx_word' id='word_1_217' title='bbox 954 3378 979 3441; x_wconf 74' lang='lat' dir='ltr'>B</span> 
     </span>
    </p>
   </div>
   <div class='ocr_carea' id='block_1_14' title="bbox 89 3443 969 4721">
    <p class='ocr_par' dir='ltr' id='par_1_15' title="bbox 140 3443 940 3690">
     <span class='ocr_line' id='line_1_27' title="bbox 140 3443 940 3503; baseline -0.001 -1"><span class='ocrx_word' id='word_1_218' title='bbox 140 3444 252 3503; x_wconf 88' lang='lat' dir='ltr'>dotibus</span> <span class='ocrx_word' id='word_1_219' title='bbox 272 3453 303 3503; x_wconf 91' lang='lat' dir='ltr'>ut</span> <span class='ocrx_word' id='word_1_220' title='bbox 316 3443 470 3503; x_wconf 87' lang='lat' dir='ltr'>dormirent</span> <span class='ocrx_word' id='word_1_221' title='bbox 490 3460 554 3502; x_wconf 92' lang='lat' dir='ltr'>cum</span> <span class='ocrx_word' id='word_1_222' title='bbox 568 3445 702 3502; x_wconf 80' lang='lat' dir='ltr'>uxoribus</span> <span class='ocrx_word' id='word_1_223' title='bbox 720 3444 777 3502; x_wconf 91' lang='lat' dir='ltr'>suis</span> <span class='ocrx_word' id='word_1_224' title='bbox 801 3444 940 3502; x_wconf 84' lang='lat' dir='ltr'>licentiam</span> 
     </span>
     <span class='ocr_line' id='line_1_28' title="bbox 140 3538 940 3612; baseline 0.001 -17"><span class='ocrx_word' id='word_1_225' title='bbox 140 3539 310 3612; x_wconf 82' lang='lat' dir='ltr'>impetrasse.</span> <span class='ocrx_word' id='word_1_226' title='bbox 328 3542 441 3612; x_wconf 87' lang='lat' dir='ltr'>iusuper</span> <span class='ocrx_word' id='word_1_227' title='bbox 456 3540 539 3595; x_wconf 88' lang='lat' dir='ltr'>etiam</span> <span class='ocrx_word' id='word_1_228' title='bbox 553 3539 731 3610; x_wconf 86' lang='lat' dir='ltr'>idemipsum</span> <span class='ocrx_word' id='word_1_229' title='bbox 744 3539 872 3611; x_wconf 90' lang='lat' dir='ltr'>capitulis</span> <span class='ocrx_word' id='word_1_230' title='bbox 890 3538 940 3596; x_wconf 89' lang='lat' dir='ltr'>Ni·</span> 
     </span>
     <span class='ocr_line' id='line_1_29' title="bbox 144 3632 840 3690; baseline -0.001 0"><span class='ocrx_word' id='word_1_231' title='bbox 144 3634 215 3690; x_wconf 79' lang='lat' dir='ltr'>caeni</span> <span class='ocrx_word' id='word_1_232' title='bbox 233 3632 339 3689; x_wconf 89' lang='lat' dir='ltr'>concilii</span> <span class='ocrx_word' id='word_1_233' title='bbox 350 3632 442 3689; x_wconf 88' lang='lat' dir='ltr'>micus</span> <span class='ocrx_word' id='word_1_234' title='bbox 455 3632 628 3690; x_wconf 86' lang='lat' dir='ltr'>considerate</span> <span class='ocrx_word' id='word_1_235' title='bbox 643 3633 840 3689; x_wconf 87' lang='lat' dir='ltr'>annumerasti.</span> 
     </span>
    </p>

    <p class='ocr_par' dir='ltr' id='par_1_16' title="bbox 89 3723 969 4721">
     <span class='ocr_line' id='line_1_30' title="bbox 179 3723 939 3798; baseline 0 -15"><span class='ocrx_word' id='word_1_236' title='bbox 179 3723 262 3783; x_wconf 88' lang='lat' dir='ltr'>Unde</span> <span class='ocrx_word' id='word_1_237' title='bbox 285 3740 341 3781; x_wconf 93' lang='lat' dir='ltr'>uon</span> <span class='ocrx_word' id='word_1_238' title='bbox 355 3741 455 3796; x_wconf 89' lang='lat' dir='ltr'>parum</span> <span class='ocrx_word' id='word_1_239' title='bbox 466 3726 548 3782; x_wconf 90' lang='lat' dir='ltr'>doleo</span> <span class='ocrx_word' id='word_1_240' title='bbox 559 3725 594 3782; x_wconf 90' lang='lat' dir='ltr'>de</span> <span class='ocrx_word' id='word_1_241' title='bbox 608 3732 635 3781; x_wconf 89' lang='lat' dir='ltr'>te</span> <span class='ocrx_word' id='word_1_242' title='bbox 652 3733 739 3783; x_wconf 80' lang='lat' dir='ltr'>tantm</span> <span class='ocrx_word' id='word_1_243' title='bbox 750 3724 848 3783; x_wconf 92' lang='lat' dir='ltr'>indolis</span> <span class='ocrx_word' id='word_1_244' title='bbox 869 3727 939 3798; x_wconf 78' lang='lat' dir='ltr'>viro,</span> 
     </span>
     <span class='ocr_line' id='line_1_31' title="bbox 89 3814 940 3890; baseline 0.002 -16"><span class='ocrx_word' id='word_1_245' title='bbox 89 3814 96 3829; x_wconf 89' lang='lat'>&#39;</span> <span class='ocrx_word' id='word_1_246' title='bbox 142 3818 171 3875; x_wconf 92' lang='lat' dir='ltr'>iu</span> <span class='ocrx_word' id='word_1_247' title='bbox 185 3817 269 3873; x_wconf 75' lang='lat' dir='ltr'>sacru</span> <span class='ocrx_word' id='word_1_248' title='bbox 294 3816 394 3875; x_wconf 86' lang='lat' dir='ltr'>litteris</span> <span class='ocrx_word' id='word_1_249' title='bbox 416 3825 474 3875; x_wconf 93' lang='lat' dir='ltr'>tam</span> <span class='ocrx_word' id='word_1_250' title='bbox 497 3817 615 3885; x_wconf 91' lang='lat' dir='ltr'>erudito,</span> <span class='ocrx_word' id='word_1_251' title='bbox 642 3818 716 3890; x_wconf 85' lang='lat' dir='ltr'>quod</span> <span class='ocrx_word' id='word_1_252' title='bbox 744 3818 796 3876; x_wconf 91' lang='lat' dir='ltr'>boc</span> <span class='ocrx_word' id='word_1_253' title='bbox 818 3835 940 3890; x_wconf 81' lang='lat' dir='ltr'>unquam</span> 
     </span>
     <span class='ocr_line' id='line_1_32' title="bbox 143 3908 940 3984; baseline 0 -16"><span class='ocrx_word' id='word_1_254' title='bbox 143 3908 371 3968; x_wconf 85' lang='lat' dir='ltr'>excellentissimo</span> <span class='ocrx_word' id='word_1_255' title='bbox 385 3909 512 3977; x_wconf 89' lang='lat' dir='ltr'>concilio,</span> <span class='ocrx_word' id='word_1_256' title='bbox 531 3909 610 3982; x_wconf 83' lang='lat' dir='ltr'>juxta</span> <span class='ocrx_word' id='word_1_257' title='bbox 623 3918 748 3968; x_wconf 90' lang='lat' dir='ltr'>sanctum</span> <span class='ocrx_word' id='word_1_258' title='bbox 767 3912 940 3984; x_wconf 85' lang='lat' dir='ltr'>Gregorium,</span> 
     </span>
     <span class='ocr_line' id='line_1_33' title="bbox 142 4003 942 4076; baseline 0.005 -16"><span class='ocrx_word' id='word_1_259' title='bbox 142 4018 222 4076; x_wconf 85' lang='lat' dir='ltr'>aeque</span> <span class='ocrx_word' id='word_1_260' title='bbox 240 4010 273 4060; x_wconf 93' lang='lat' dir='ltr'>ut</span> <span class='ocrx_word' id='word_1_261' title='bbox 285 4003 463 4076; x_wconf 86' lang='lat' dir='ltr'>Evangelium</span> <span class='ocrx_word' id='word_1_262' title='bbox 482 4003 650 4073; x_wconf 88' lang='lat' dir='ltr'>venerando,</span> <span class='ocrx_word' id='word_1_263' title='bbox 666 4004 806 4074; x_wconf 86' lang='lat' dir='ltr'>assignare</span> <span class='ocrx_word' id='word_1_264' title='bbox 819 4020 878 4063; x_wconf 90' lang='lat' dir='ltr'>non</span> <span class='ocrx_word' id='word_1_265' title='bbox 889 4005 942 4064; x_wconf 89' lang='lat' dir='ltr'>du·</span> 
     </span>
     <span class='ocr_line' id='line_1_34' title="bbox 142 4096 940 4169; baseline 0.004 -14"><span class='ocrx_word' id='word_1_266' title='bbox 142 4097 248 4163; x_wconf 90' lang='lat' dir='ltr'>bitasti,</span> <span class='ocrx_word' id='word_1_267' title='bbox 264 4096 337 4169; x_wconf 87' lang='lat' dir='ltr'>quod</span> <span class='ocrx_word' id='word_1_268' title='bbox 353 4112 405 4153; x_wconf 87' lang='lat' dir='ltr'>nee</span> <span class='ocrx_word' id='word_1_269' title='bbox 425 4096 564 4164; x_wconf 88' lang='lat' dir='ltr'>ultimum,</span> <span class='ocrx_word' id='word_1_270' title='bbox 579 4097 637 4154; x_wconf 95' lang='lat' dir='ltr'>imo</span> <span class='ocrx_word' id='word_1_271' title='bbox 647 4097 755 4155; x_wconf 92' lang='lat' dir='ltr'>nullum</span> <span class='ocrx_word' id='word_1_272' title='bbox 773 4098 844 4157; x_wconf 87' lang='lat' dir='ltr'>inter</span> <span class='ocrx_word' id='word_1_273' title='bbox 857 4115 940 4159; x_wconf 82' lang='lat' dir='ltr'>cruo-</span> 
     </span>
     <span class='ocr_line' id='line_1_35' title="bbox 143 4189 942 4267; baseline 0.009 -21"><span class='ocrx_word' id='word_1_274' title='bbox 143 4191 204 4247; x_wconf 90' lang='lat' dir='ltr'>nica</span> <span class='ocrx_word' id='word_1_275' title='bbox 212 4190 329 4261; x_wconf 87' lang='lat' dir='ltr'>capitula</span> <span class='ocrx_word' id='word_1_276' title='bbox 343 4189 425 4247; x_wconf 89' lang='lat' dir='ltr'>habet</span> <span class='ocrx_word' id='word_1_277' title='bbox 439 4191 542 4259; x_wconf 87' lang='lat' dir='ltr'>locum,</span> <span class='ocrx_word' id='word_1_278' title='bbox 556 4191 685 4251; x_wconf 81' lang='lat' dir='ltr'>videlicet</span> <span class='ocrx_word' id='word_1_279' title='bbox 698 4193 773 4266; x_wconf 88' lang='lat' dir='ltr'>quod</span> <span class='ocrx_word' id='word_1_280' title='bbox 785 4194 942 4267; x_wconf 74' lang='lat' dir='ltr'>apostolicas</span> 
     </span>
     <span class='ocr_line' id='line_1_36' title="bbox 145 4283 941 4361; baseline 0.006 -20"><span class='ocrx_word' id='word_1_281' title='bbox 145 4292 173 4341; x_wconf 91' lang='lat' dir='ltr'>et</span> <span class='ocrx_word' id='word_1_282' title='bbox 187 4284 349 4357; x_wconf 77' lang='lat' dir='ltr'>evangelicoe</span> <span class='ocrx_word' id='word_1_283' title='bbox 362 4283 521 4341; x_wconf 85' lang='lat' dir='ltr'>adversatur</span> <span class='ocrx_word' id='word_1_284' title='bbox 531 4284 676 4344; x_wconf 82' lang='lat' dir='ltr'>doctrinae.</span> <span class='ocrx_word' id='word_1_285' title='bbox 693 4290 765 4345; x_wconf 87' lang='lat' dir='ltr'>Nam</span> <span class='ocrx_word' id='word_1_286' title='bbox 784 4288 843 4361; x_wconf 91' lang='lat' dir='ltr'>ipse</span> <span class='ocrx_word' id='word_1_287' title='bbox 866 4289 941 4361; x_wconf 89' lang='lat' dir='ltr'>prin·</span> 
     </span>
     <span class='ocr_line' id='line_1_37' title="bbox 144 4377 942 4454; baseline 0.006 -18"><span class='ocrx_word' id='word_1_288' title='bbox 144 4393 209 4450; x_wconf 86' lang='lat' dir='ltr'>ceps</span> <span class='ocrx_word' id='word_1_289' title='bbox 223 4378 412 4452; x_wconf 85' lang='lat' dir='ltr'>apostotorum</span> <span class='ocrx_word' id='word_1_290' title='bbox 422 4377 453 4435; x_wconf 90' lang='lat' dir='ltr'>in</span> <span class='ocrx_word' id='word_1_291' title='bbox 464 4379 586 4451; x_wconf 77' lang='lat' dir='ltr'>Epistola</span> <span class='ocrx_word' id='word_1_292' title='bbox 595 4395 644 4437; x_wconf 90' lang='lat' dir='ltr'>sua</span> <span class='ocrx_word' id='word_1_293' title='bbox 657 4383 683 4450; x_wconf 85' lang='lat' dir='ltr'>(l</span> <span class='ocrx_word' id='word_1_294' title='bbox 695 4384 769 4438; x_wconf 86' lang='lat' dir='ltr'>Petr.</span> <span class='ocrx_word' id='word_1_295' title='bbox 785 4384 942 4454; x_wconf 84' lang='lat' dir='ltr'>111),etiam</span> 
     </span>
     <span class='ocr_line' id='line_1_38' title="bbox 144 4472 969 4549; baseline 0.005 -20"><span class='ocrx_word' id='word_1_296' title='bbox 144 4473 219 4530; x_wconf 91' lang='lat' dir='ltr'>laicis</span> <span class='ocrx_word' id='word_1_297' title='bbox 232 4472 355 4545; x_wconf 84' lang='lat' dir='ltr'>praecipit</span> <span class='ocrx_word' id='word_1_298' title='bbox 373 4480 404 4529; x_wconf 91' lang='lat' dir='ltr'>ut</span> <span class='ocrx_word' id='word_1_299' title='bbox 418 4481 531 4545; x_wconf 85' lang='lat' dir='ltr'>parcant</span> <span class='ocrx_word' id='word_1_300' title='bbox 554 4473 689 4532; x_wconf 86' lang='lat' dir='ltr'>uxoribus</span> <span class='ocrx_word' id='word_1_301' title='bbox 702 4475 771 4543; x_wconf 88' lang='lat' dir='ltr'>suis,</span> <span class='ocrx_word' id='word_1_302' title='bbox 790 4491 825 4533; x_wconf 92' lang='lat' dir='ltr'>ne</span> <span class='ocrx_word' id='word_1_303' title='bbox 852 4476 969 4549; x_wconf 61' lang='lat' dir='ltr'>impe-3</span> 
     </span>
     <span class='ocr_line' id='line_1_39' title="bbox 143 4565 939 4640; baseline 0.006 -18"><span class='ocrx_word' id='word_1_304' title='bbox 143 4565 255 4623; x_wconf 89' lang='lat' dir='ltr'>diantur</span> <span class='ocrx_word' id='word_1_305' title='bbox 268 4567 407 4623; x_wconf 85' lang='lat' dir='ltr'>orationes</span> <span class='ocrx_word' id='word_1_306' title='bbox 420 4581 524 4625; x_wconf 90' lang='lat' dir='ltr'>earum.</span> <span class='ocrx_word' id='word_1_307' title='bbox 539 4567 590 4624; x_wconf 82' lang='lat' dir='ltr'>Cui</span> <span class='ocrx_word' id='word_1_308' title='bbox 610 4575 637 4624; x_wconf 89' lang='lat' dir='ltr'>et</span> <span class='ocrx_word' id='word_1_309' title='bbox 656 4568 747 4640; x_wconf 91' lang='lat' dir='ltr'>ipsum</span> <span class='ocrx_word' id='word_1_310' title='bbox 761 4584 809 4624; x_wconf 86' lang='lat' dir='ltr'>ras</span> <span class='ocrx_word' id='word_1_311' title='bbox 829 4570 939 4628; x_wconf 90' lang='lat' dir='ltr'>electio-</span> 
     </span>
     <span class='ocr_line' id='line_1_40' title="bbox 144 4659 941 4721; baseline 0.008 -6"><span class='ocrx_word' id='word_1_312' title='bbox 144 4660 188 4716; x_wconf 86' lang='lat' dir='ltr'>nis</span> <span class='ocrx_word' id='word_1_313' title='bbox 200 4660 299 4716; x_wconf 87' lang='lat' dir='ltr'>Paulus</span> <span class='ocrx_word' id='word_1_314' title='bbox 313 4659 462 4717; x_wconf 85' lang='lat' dir='ltr'>coneordat</span> <span class='ocrx_word' id='word_1_315' title='bbox 479 4660 573 4718; x_wconf 90' lang='lat' dir='ltr'>dicens</span> <span class='ocrx_word' id='word_1_316' title='bbox 585 4680 592 4717; x_wconf 89' lang='lat'>:</span> <span class='ocrx_word' id='word_1_317' title='bbox 607 4661 748 4719; x_wconf 81' lang='lat' dir='ltr'>Absttoete</span> <span class='ocrx_word' id='word_1_318' title='bbox 767 4677 812 4718; x_wconf 86' lang='lat' dir='ltr'>uos</span> <span class='ocrx_word' id='word_1_319' title='bbox 824 4664 862 4720; x_wconf 86' lang='lat' dir='ltr'>od</span> <span class='ocrx_word' id='word_1_320' title='bbox 874 4668 941 4721; x_wconf 85' lang='lat' dir='ltr'>tem·</span> 
     </span>
    </p>
   </div>
   <div class='ocr_carea' id='block_1_15' title="bbox 993 3349 1789 4736">
    <p class='ocr_par' dir='ltr' id='par_1_17' title="bbox 993 3349 1789 4736">
     <span class='ocr_line' id='line_1_41' title="bbox 993 3349 1787 3422; baseline 0.003 -15"><span class='ocrx_word' id='word_1_321' title='bbox 993 3352 1118 3408; x_wconf 82' lang='lat' dir='ltr'>colorum</span> <span class='ocrx_word' id='word_1_322' title='bbox 1134 3351 1241 3422; x_wconf 73' lang='lat' dir='ltr'>(Metti.</span> <span class='ocrx_word' id='word_1_323' title='bbox 1262 3351 1304 3421; x_wconf 84' lang='lat' dir='ltr'>v).</span> <span class='ocrx_word' id='word_1_324' title='bbox 1321 3349 1435 3407; x_wconf 82' lang='lat' dir='ltr'>Jusuua</span> <span class='ocrx_word' id='word_1_325' title='bbox 1450 3357 1545 3407; x_wconf 88' lang='lat' dir='ltr'>autem</span> <span class='ocrx_word' id='word_1_326' title='bbox 1561 3358 1787 3409; x_wconf 84' lang='lat' dir='ltr'>vetorumcrrtnt</span> 
     </span>
     <span class='ocr_line' id='line_1_42' title="bbox 993 3442 1785 3514; baseline -0.004 -9"><span class='ocrx_word' id='word_1_327' title='bbox 993 3443 1149 3505; x_wconf 87' lang='lat' dir='ltr'>sacerdotes</span> <span class='ocrx_word' id='word_1_328' title='bbox 1161 3458 1236 3500; x_wconf 90' lang='lat' dir='ltr'>anno</span> <span class='ocrx_word' id='word_1_329' title='bbox 1260 3443 1327 3501; x_wconf 87' lang='lat' dir='ltr'>vicis</span> <span class='ocrx_word' id='word_1_330' title='bbox 1339 3458 1407 3513; x_wconf 82' lang='lat' dir='ltr'>suae,</span> <span class='ocrx_word' id='word_1_331' title='bbox 1426 3442 1494 3501; x_wconf 90' lang='lat' dir='ltr'>dum</span> <span class='ocrx_word' id='word_1_332' title='bbox 1513 3443 1644 3502; x_wconf 88' lang='lat' dir='ltr'>nondum</span> <span class='ocrx_word' id='word_1_333' title='bbox 1659 3461 1732 3514; x_wconf 84' lang='lat' dir='ltr'>sera,</span> <span class='ocrx_word' id='word_1_334' title='bbox 1745 3443 1785 3502; x_wconf 88' lang='lat' dir='ltr'>sed</span> 
     </span>
     <span class='ocr_line' id='line_1_43' title="bbox 994 3536 1785 3609; baseline 0 -14"><span class='ocrx_word' id='word_1_335' title='bbox 994 3537 1146 3597; x_wconf 87' lang='lat' dir='ltr'>umbratica</span> <span class='ocrx_word' id='word_1_336' title='bbox 1159 3545 1267 3594; x_wconf 87' lang='lat' dir='ltr'>tantum</span> <span class='ocrx_word' id='word_1_337' title='bbox 1285 3536 1420 3594; x_wconf 78' lang='lat' dir='ltr'>sacrificia</span> <span class='ocrx_word' id='word_1_338' title='bbox 1434 3537 1617 3609; x_wconf 87' lang='lat' dir='ltr'>celebrarent,</span> <span class='ocrx_word' id='word_1_339' title='bbox 1632 3554 1688 3597; x_wconf 88' lang='lat' dir='ltr'>non</span> <span class='ocrx_word' id='word_1_340' title='bbox 1705 3538 1785 3597; x_wconf 56' lang='lat' dir='ltr'>mon</span> 
     </span>
     <span class='ocr_line' id='line_1_44' title="bbox 994 3629 1786 3706; baseline -0.004 -16"><span class='ocrx_word' id='word_1_341' title='bbox 994 3632 1028 3690; x_wconf 90' lang='lat' dir='ltr'>ad</span> <span class='ocrx_word' id='word_1_342' title='bbox 1050 3647 1161 3699; x_wconf 85' lang='lat' dir='ltr'>uxores,</span> <span class='ocrx_word' id='word_1_343' title='bbox 1173 3630 1222 3688; x_wconf 90' lang='lat' dir='ltr'>sed</span> <span class='ocrx_word' id='word_1_344' title='bbox 1233 3639 1261 3687; x_wconf 87' lang='lat' dir='ltr'>ct</span> <span class='ocrx_word' id='word_1_345' title='bbox 1271 3629 1307 3687; x_wconf 87' lang='lat' dir='ltr'>ad</span> <span class='ocrx_word' id='word_1_346' title='bbox 1320 3631 1420 3688; x_wconf 90' lang='lat' dir='ltr'>domos</span> <span class='ocrx_word' id='word_1_347' title='bbox 1442 3646 1507 3687; x_wconf 89' lang='lat' dir='ltr'>suas</span> <span class='ocrx_word' id='word_1_348' title='bbox 1522 3634 1619 3689; x_wconf 86' lang='lat' dir='ltr'>renirc</span> <span class='ocrx_word' id='word_1_349' title='bbox 1638 3632 1786 3706; x_wconf 87' lang='lat' dir='ltr'>penitusri-</span> 
     </span>
     <span class='ocr_line' id='line_1_45' title="bbox 994 3723 1785 3801; baseline 0.003 -20"><span class='ocrx_word' id='word_1_350' title='bbox 994 3733 1095 3782; x_wconf 75' lang='lat' dir='ltr'>tarant,</span> <span class='ocrx_word' id='word_1_351' title='bbox 1116 3727 1197 3783; x_wconf 85' lang='lat' dir='ltr'>Hanc</span> <span class='ocrx_word' id='word_1_352' title='bbox 1209 3723 1292 3797; x_wconf 88' lang='lat' dir='ltr'>igitur</span> <span class='ocrx_word' id='word_1_353' title='bbox 1314 3724 1785 3801; x_wconf 77' lang='lat' dir='ltr'>reserumjosstsiamquiemqoser</span> 
     </span>
     <span class='ocr_line' id='line_1_46' title="bbox 995 3817 1785 3892; baseline 0.003 -17"><span class='ocrx_word' id='word_1_354' title='bbox 995 3819 1133 3877; x_wconf 86' lang='lat' dir='ltr'>modernis</span> <span class='ocrx_word' id='word_1_355' title='bbox 1159 3817 1346 3877; x_wconf 87' lang='lat' dir='ltr'>sacerdotibus</span> <span class='ocrx_word' id='word_1_356' title='bbox 1359 3834 1415 3876; x_wconf 93' lang='lat' dir='ltr'>non</span> <span class='ocrx_word' id='word_1_357' title='bbox 1436 3817 1497 3875; x_wconf 84' lang='lat' dir='ltr'>dico</span> <span class='ocrx_word' id='word_1_358' title='bbox 1519 3820 1723 3892; x_wconf 63' lang='lat' dir='ltr'>superamur</span> <span class='ocrx_word' id='word_1_359' title='bbox 1738 3819 1785 3877; x_wconf 85' lang='lat' dir='ltr'>ssl-</span> 
     </span>
     <span class='ocr_line' id='line_1_47' title="bbox 996 3911 1786 3985; baseline 0.004 -15"><span class='ocrx_word' id='word_1_360' title='bbox 996 3922 1054 3970; x_wconf 91' lang='lat' dir='ltr'>tom</span> <span class='ocrx_word' id='word_1_361' title='bbox 1066 3912 1169 3970; x_wconf 85' lang='lat' dir='ltr'>tmiuri</span> <span class='ocrx_word' id='word_1_362' title='bbox 1183 3911 1334 3982; x_wconf 85' lang='lat' dir='ltr'>contendit,</span> <span class='ocrx_word' id='word_1_363' title='bbox 1353 3927 1496 3985; x_wconf 86' lang='lat' dir='ltr'>nunquam</span> <span class='ocrx_word' id='word_1_364' title='bbox 1513 3921 1577 3985; x_wconf 88' lang='lat' dir='ltr'>post</span> <span class='ocrx_word' id='word_1_365' title='bbox 1596 3913 1786 3973; x_wconf 75' lang='lat' dir='ltr'>ordinationem</span> 
     </span>
     <span class='ocr_line' id='line_1_48' title="bbox 995 4004 1785 4081; baseline 0.004 -17"><span class='ocrx_word' id='word_1_366' title='bbox 995 4022 1076 4064; x_wconf 90' lang='lat' dir='ltr'>suam</span> <span class='ocrx_word' id='word_1_367' title='bbox 1091 4007 1128 4065; x_wconf 85' lang='lat' dir='ltr'>sd</span> <span class='ocrx_word' id='word_1_368' title='bbox 1137 4005 1278 4079; x_wconf 81' lang='lat' dir='ltr'>conjugale</span> <span class='ocrx_word' id='word_1_369' title='bbox 1289 4020 1360 4078; x_wconf 88' lang='lat' dir='ltr'>opus</span> <span class='ocrx_word' id='word_1_370' title='bbox 1366 4004 1479 4074; x_wconf 90' lang='lat' dir='ltr'>redibit,</span> <span class='ocrx_word' id='word_1_371' title='bbox 1491 4021 1558 4063; x_wconf 91' lang='lat' dir='ltr'>cum</span> <span class='ocrx_word' id='word_1_372' title='bbox 1569 4008 1647 4065; x_wconf 86' lang='lat' dir='ltr'>nulla</span> <span class='ocrx_word' id='word_1_373' title='bbox 1658 4008 1717 4066; x_wconf 90' lang='lat' dir='ltr'>dies</span> <span class='ocrx_word' id='word_1_374' title='bbox 1727 4020 1785 4081; x_wconf 71' lang='lat' dir='ltr'>pm</span> 
     </span>
     <span class='ocr_line' id='line_1_49' title="bbox 994 4098 1726 4173; baseline 0.003 -16"><span class='ocrx_word' id='word_1_375' title='bbox 994 4108 1149 4173; x_wconf 76' lang='lat' dir='ltr'>cereatum</span> <span class='ocrx_word' id='word_1_376' title='bbox 1158 4099 1319 4157; x_wconf 88' lang='lat' dir='ltr'>sacerdotali</span> <span class='ocrx_word' id='word_1_377' title='bbox 1332 4098 1424 4158; x_wconf 83' lang='lat' dir='ltr'>officio</span> <span class='ocrx_word' id='word_1_378' title='bbox 1439 4116 1535 4157; x_wconf 85' lang='lat' dir='ltr'>vacare</span> <span class='ocrx_word' id='word_1_379' title='bbox 1545 4117 1606 4158; x_wconf 88' lang='lat' dir='ltr'>non</span> <span class='ocrx_word' id='word_1_380' title='bbox 1619 4102 1726 4161; x_wconf 81' lang='lat' dir='ltr'>debeat.</span> 
     </span>
     <span class='ocr_line' id='line_1_50' title="bbox 1030 4193 1787 4268; baseline 0.001 -18"><span class='ocrx_word' id='word_1_381' title='bbox 1030 4194 1158 4268; x_wconf 78' lang='lat' dir='ltr'>Amplius</span> <span class='ocrx_word' id='word_1_382' title='bbox 1169 4202 1264 4252; x_wconf 87' lang='lat' dir='ltr'>sancta</span> <span class='ocrx_word' id='word_1_383' title='bbox 1269 4201 1297 4250; x_wconf 91' lang='lat' dir='ltr'>et</span> <span class='ocrx_word' id='word_1_384' title='bbox 1309 4193 1464 4252; x_wconf 81' lang='lat' dir='ltr'>veneranda</span> <span class='ocrx_word' id='word_1_385' title='bbox 1475 4193 1600 4268; x_wconf 83' lang='lat' dir='ltr'>synodus</span> <span class='ocrx_word' id='word_1_386' title='bbox 1616 4197 1735 4267; x_wconf 80' lang='lat' dir='ltr'>Niercns,</span> <span class='ocrx_word' id='word_1_387' title='bbox 1747 4195 1787 4251; x_wconf 86' lang='lat' dir='ltr'>cni</span> 
     </span>
     <span class='ocr_line' id='line_1_51' title="bbox 996 4287 1788 4364; baseline 0.003 -17"><span class='ocrx_word' id='word_1_388' title='bbox 996 4288 1159 4362; x_wconf 76' lang='lat' dir='ltr'>pradictum</span> <span class='ocrx_word' id='word_1_389' title='bbox 1170 4287 1320 4360; x_wconf 90' lang='lat' dir='ltr'>capitulum</span> <span class='ocrx_word' id='word_1_390' title='bbox 1330 4288 1484 4361; x_wconf 77' lang='lat' dir='ltr'>assignasti,</span> <span class='ocrx_word' id='word_1_391' title='bbox 1499 4288 1527 4344; x_wconf 91' lang='lat' dir='ltr'>in</span> <span class='ocrx_word' id='word_1_392' title='bbox 1553 4291 1641 4348; x_wconf 86' lang='lat' dir='ltr'>tertio</span> <span class='ocrx_word' id='word_1_393' title='bbox 1654 4290 1788 4364; x_wconf 70' lang='lat' dir='ltr'>mpitspt»</span> 
     </span>
     <span class='ocr_line' id='line_1_52' title="bbox 995 4380 1788 4455; baseline 0.004 -16"><span class='ocrx_word' id='word_1_394' title='bbox 995 4383 1069 4440; x_wconf 88' lang='lat' dir='ltr'>nitus</span> <span class='ocrx_word' id='word_1_395' title='bbox 1088 4381 1216 4455; x_wconf 91' lang='lat' dir='ltr'>probibet</span> <span class='ocrx_word' id='word_1_396' title='bbox 1228 4380 1331 4439; x_wconf 80' lang='lat' dir='ltr'>clericis</span> <span class='ocrx_word' id='word_1_397' title='bbox 1350 4381 1434 4439; x_wconf 85' lang='lat' dir='ltr'>ctiam</span> <span class='ocrx_word' id='word_1_398' title='bbox 1454 4381 1692 4442; x_wconf 83' lang='lat' dir='ltr'>cohabitationem</span> <span class='ocrx_word' id='word_1_399' title='bbox 1715 4382 1788 4441; x_wconf 73' lang='lat' dir='ltr'>istri·</span> 
     </span>
     <span class='ocr_line' id='line_1_53' title="bbox 995 4474 1789 4550; baseline -0.001 -17"><span class='ocrx_word' id='word_1_400' title='bbox 995 4489 1106 4545; x_wconf 87' lang='lat' dir='ltr'>narum,</span> <span class='ocrx_word' id='word_1_401' title='bbox 1122 4474 1176 4533; x_wconf 91' lang='lat' dir='ltr'>nisi</span> <span class='ocrx_word' id='word_1_402' title='bbox 1184 4475 1420 4550; x_wconf 82' lang='lat' dir='ltr'>consanguinitate</span> <span class='ocrx_word' id='word_1_403' title='bbox 1447 4474 1649 4548; x_wconf 76' lang='lat' dir='ltr'>proximarum.</span> <span class='ocrx_word' id='word_1_404' title='bbox 1663 4477 1732 4536; x_wconf 85' lang='lat' dir='ltr'>utut</span> <span class='ocrx_word' id='word_1_405' title='bbox 1747 4492 1789 4533; x_wconf 79' lang='lat' dir='ltr'>su</span> 
     </span>
     <span class='ocr_line' id='line_1_54' title="bbox 995 4567 1787 4645; baseline 0.003 -18"><span class='ocrx_word' id='word_1_406' title='bbox 995 4578 1054 4627; x_wconf 88' lang='lat' dir='ltr'>tem</span> <span class='ocrx_word' id='word_1_407' title='bbox 1066 4576 1146 4627; x_wconf 91' lang='lat' dir='ltr'>tuum</span> <span class='ocrx_word' id='word_1_408' title='bbox 1160 4585 1210 4628; x_wconf 89' lang='lat' dir='ltr'>nec</span> <span class='ocrx_word' id='word_1_409' title='bbox 1219 4567 1348 4643; x_wconf 86' lang='lat' dir='ltr'>probibet</span> <span class='ocrx_word' id='word_1_410' title='bbox 1359 4569 1545 4628; x_wconf 87' lang='lat' dir='ltr'>concubitum.</span> <span class='ocrx_word' id='word_1_411' title='bbox 1561 4572 1727 4645; x_wconf 79' lang='lat' dir='ltr'>Quicmque</span> <span class='ocrx_word' id='word_1_412' title='bbox 1745 4569 1787 4645; x_wconf 84' lang='lat' dir='ltr'>ip&#39;·</span> 
     </span>
     <span class='ocr_line' id='line_1_55' title="bbox 997 4662 1789 4736; baseline 0.003 -17"><span class='ocrx_word' id='word_1_413' title='bbox 997 4672 1042 4721; x_wconf 92' lang='lat' dir='ltr'>tur</span> <span class='ocrx_word' id='word_1_414' title='bbox 1055 4671 1104 4722; x_wconf 92' lang='lat' dir='ltr'>tuo</span> <span class='ocrx_word' id='word_1_415' title='bbox 1117 4663 1237 4736; x_wconf 74' lang='lat' dir='ltr'>capitulo</span> <span class='ocrx_word' id='word_1_416' title='bbox 1251 4662 1398 4732; x_wconf 87' lang='lat' dir='ltr'>consentit,</span> <span class='ocrx_word' id='word_1_417' title='bbox 1414 4679 1429 4720; x_wconf 91' lang='lat' dir='ltr'>a</span> <span class='ocrx_word' id='word_1_418' title='bbox 1443 4663 1575 4736; x_wconf 75' lang='lat' dir='ltr'>predicto</span> <span class='ocrx_word' id='word_1_419' title='bbox 1601 4665 1718 4723; x_wconf 88' lang='lat' dir='ltr'>concilio</span> <span class='ocrx_word' id='word_1_420' title='bbox 1739 4663 1789 4722; x_wconf 77' lang='lat' dir='ltr'>dis</span> 
     </span>
    </p>
   </div>
   <div class='ocr_carea' id='block_1_16' title="bbox 16 4754 1786 4845">
    <p class='ocr_par' dir='ltr' id='par_1_18' title="bbox 16 4754 1786 4845">
     <span class='ocr_line' id='line_1_56' title="bbox 16 4754 1786 4845; baseline 0.004 -36"><span class='ocrx_word' id='word_1_421' title='bbox 16 4780 25 4789; x_wconf 82' lang='lat'>-</span> <span class='ocrx_word' id='word_1_422' title='bbox 142 4768 204 4823; x_wconf 77' lang='lat' dir='ltr'>pres,</span> <span class='ocrx_word' id='word_1_423' title='bbox 218 4758 250 4808; x_wconf 80' lang='lat' dir='ltr'>ct</span> <span class='ocrx_word' id='word_1_424' title='bbox 269 4755 367 4810; x_wconf 72' lang='lat' dir='ltr'>oooeth</span> <span class='ocrx_word' id='word_1_425' title='bbox 384 4756 502 4810; x_wconf 76' lang='lat' dir='ltr'>orotboi</span> <span class='ocrx_word' id='word_1_426' title='bbox 519 4754 619 4824; x_wconf 83' lang='lat' dir='ltr'>(icor.</span> <span class='ocrx_word' id='word_1_427' title='bbox 641 4759 706 4823; x_wconf 81' lang='lat' dir='ltr'>ru).</span> <span class='ocrx_word' id='word_1_428' title='bbox 721 4755 749 4812; x_wconf 83' lang='lat' dir='ltr'>st</span> <span class='ocrx_word' id='word_1_429' title='bbox 767 4755 851 4830; x_wconf 87' lang='lat' dir='ltr'>igitur</span> <span class='ocrx_word' id='word_1_430' title='bbox 879 4758 943 4816; x_wconf 79' lang='lat' dir='ltr'>laici</span> <span class='ocrx_word' id='word_1_431' title='bbox 962 4758 1091 4845; x_wconf 69' lang='lat' dir='ltr'>cunct.</span> <span class='ocrx_word' id='word_1_432' title='bbox 1111 4756 1194 4816; x_wconf 86' lang='lat' dir='ltr'>Unde</span> <span class='ocrx_word' id='word_1_433' title='bbox 1223 4765 1251 4816; x_wconf 90' lang='lat' dir='ltr'>et</span> <span class='ocrx_word' id='word_1_434' title='bbox 1266 4756 1416 4815; x_wconf 83' lang='lat' dir='ltr'>damnatus</span> <span class='ocrx_word' id='word_1_435' title='bbox 1429 4765 1472 4815; x_wconf 86' lang='lat' dir='ltr'>cst</span> <span class='ocrx_word' id='word_1_436' title='bbox 1487 4759 1665 4818; x_wconf 82' lang='lat' dir='ltr'>anathemate</span> <span class='ocrx_word' id='word_1_437' title='bbox 1687 4758 1786 4833; x_wconf 73' lang='lat' dir='ltr'>quos</span> 
     </span>
    </p>
   </div>
   <div class='ocr_carea' id='block_1_17' title="bbox 142 4845 1792 5583">
    <p class='ocr_par' dir='ltr' id='par_1_19' title="bbox 142 4845 1792 5583">
     <span class='ocr_line' id='line_1_57' title="bbox 146 4845 1787 4928; baseline 0.005 -26"><span class='ocrx_word' id='word_1_438' title='bbox 146 4845 189 4902; x_wconf 89' lang='lat' dir='ltr'>die</span> <span class='ocrx_word' id='word_1_439' title='bbox 202 4861 257 4918; x_wconf 85' lang='lat' dir='ltr'>quo</span> <span class='ocrx_word' id='word_1_440' title='bbox 271 4846 366 4902; x_wconf 82' lang='lat' dir='ltr'>rolrrnt</span> <span class='ocrx_word' id='word_1_441' title='bbox 379 4847 643 4921; x_wconf 88' lang='lat' dir='ltr'>orareprohibentur</span> <span class='ocrx_word' id='word_1_442' title='bbox 652 4848 687 4905; x_wconf 91' lang='lat' dir='ltr'>ab</span> <span class='ocrx_word' id='word_1_443' title='bbox 700 4864 783 4922; x_wconf 83' lang='lat' dir='ltr'>opere</span> <span class='ocrx_word' id='word_1_444' title='bbox 793 4852 942 4927; x_wconf 80' lang='lat' dir='ltr'>conjugali,</span> <span class='ocrx_word' id='word_1_445' title='bbox 997 4852 1151 4926; x_wconf 76' lang='lat' dir='ltr'>Gregorius</span> <span class='ocrx_word' id='word_1_446' title='bbox 1162 4852 1191 4908; x_wconf 91' lang='lat' dir='ltr'>in</span> <span class='ocrx_word' id='word_1_447' title='bbox 1211 4851 1344 4924; x_wconf 83' lang='lat' dir='ltr'>synodica</span> <span class='ocrx_word' id='word_1_448' title='bbox 1356 4866 1406 4910; x_wconf 89' lang='lat' dir='ltr'>sua</span> <span class='ocrx_word' id='word_1_449' title='bbox 1418 4867 1516 4910; x_wconf 91' lang='lat' dir='ltr'>omnes</span> <span class='ocrx_word' id='word_1_450' title='bbox 1530 4868 1546 4909; x_wconf 88' lang='lat' dir='ltr'>s</span> <span class='ocrx_word' id='word_1_451' title='bbox 1559 4852 1675 4912; x_wconf 74' lang='lat' dir='ltr'>nicam</span> <span class='ocrx_word' id='word_1_452' title='bbox 1687 4850 1787 4928; x_wconf 73' lang='lat' dir='ltr'>syrus</span> 
     </span>
     <span class='ocr_line' id='line_1_58' title="bbox 146 4933 1352 5018; baseline 0.004 -23"><span class='ocrx_word' id='word_1_453' title='bbox 146 4939 251 5012; x_wconf 89' lang='lat' dir='ltr'>liquido</span> <span class='ocrx_word' id='word_1_454' title='bbox 261 4940 440 5012; x_wconf 85' lang='lat' dir='ltr'>consequitur</span> <span class='ocrx_word' id='word_1_455' title='bbox 452 4948 483 4996; x_wconf 92' lang='lat' dir='ltr'>ut</span> <span class='ocrx_word' id='word_1_456' title='bbox 505 4941 671 5011; x_wconf 89' lang='lat' dir='ltr'>sacerdotes,</span> <span class='ocrx_word' id='word_1_457' title='bbox 692 4942 793 5016; x_wconf 76' lang='lat' dir='ltr'>quibus</span> <span class='ocrx_word' id='word_1_458' title='bbox 803 4933 943 5018; x_wconf 73' lang='lat' dir='ltr'>uuotidis·</span> <span class='ocrx_word' id='word_1_459' title='bbox 995 4944 1186 5004; x_wconf 74' lang='lat' dir='ltr'>dissentientes</span> <span class='ocrx_word' id='word_1_460' title='bbox 1202 4944 1352 5002; x_wconf 84' lang='lat' dir='ltr'>damnarit.</span> 
     </span>
     <span class='ocr_line' id='line_1_59' title="bbox 144 5031 1789 5113; baseline 0.004 -24"><span class='ocrx_word' id='word_1_461' title='bbox 144 5050 212 5090; x_wconf 88' lang='lat' dir='ltr'>num</span> <span class='ocrx_word' id='word_1_462' title='bbox 235 5040 277 5090; x_wconf 91' lang='lat' dir='ltr'>est</span> <span class='ocrx_word' id='word_1_463' title='bbox 290 5031 416 5090; x_wconf 84' lang='lat' dir='ltr'>cilicium</span> <span class='ocrx_word' id='word_1_464' title='bbox 436 5034 544 5106; x_wconf 88' lang='lat' dir='ltr'>orandi,</span> <span class='ocrx_word' id='word_1_465' title='bbox 557 5035 794 5105; x_wconf 86' lang='lat' dir='ltr'>relsacrilloandi,</span> <span class='ocrx_word' id='word_1_466' title='bbox 808 5039 945 5113; x_wconf 83' lang='lat' dir='ltr'>velbepti·</span> <span class='ocrx_word' id='word_1_467' title='bbox 1032 5039 1060 5096; x_wconf 86' lang='lat' dir='ltr'>Si</span> <span class='ocrx_word' id='word_1_468' title='bbox 1072 5047 1165 5098; x_wconf 89' lang='lat' dir='ltr'>autem</span> <span class='ocrx_word' id='word_1_469' title='bbox 1188 5037 1303 5097; x_wconf 80' lang='lat' dir='ltr'>tortasse</span> <span class='ocrx_word' id='word_1_470' title='bbox 1327 5054 1411 5112; x_wconf 88' lang='lat' dir='ltr'>negas</span> <span class='ocrx_word' id='word_1_471' title='bbox 1425 5038 1550 5097; x_wconf 76' lang='lat' dir='ltr'>mmdem</span> <span class='ocrx_word' id='word_1_472' title='bbox 1570 5038 1712 5113; x_wconf 86' lang='lat' dir='ltr'>synodum</span> <span class='ocrx_word' id='word_1_473' title='bbox 1730 5053 1789 5113; x_wconf 75' lang='lat' dir='ltr'>pro</span> 
     </span>
     <span class='ocr_line' id='line_1_60' title="bbox 144 5126 1791 5207; baseline 0.004 -24"><span class='ocrx_word' id='word_1_474' title='bbox 144 5127 232 5195; x_wconf 87' lang='lat' dir='ltr'>zaudi,</span> <span class='ocrx_word' id='word_1_475' title='bbox 258 5142 401 5198; x_wconf 91' lang='lat' dir='ltr'>nunquam</span> <span class='ocrx_word' id='word_1_476' title='bbox 418 5143 433 5184; x_wconf 86' lang='lat' dir='ltr'>r</span> <span class='ocrx_word' id='word_1_477' title='bbox 451 5126 494 5184; x_wconf 92' lang='lat' dir='ltr'>die</span> <span class='ocrx_word' id='word_1_478' title='bbox 507 5128 689 5187; x_wconf 86' lang='lat' dir='ltr'>ordinationis</span> <span class='ocrx_word' id='word_1_479' title='bbox 703 5144 762 5189; x_wconf 74' lang='lat' dir='ltr'>suc</span> <span class='ocrx_word' id='word_1_480' title='bbox 779 5132 942 5207; x_wconf 84' lang='lat' dir='ltr'>conjugibus</span> <span class='ocrx_word' id='word_1_481' title='bbox 995 5132 1117 5191; x_wconf 91' lang='lat' dir='ltr'>bibuisse</span> <span class='ocrx_word' id='word_1_482' title='bbox 1133 5132 1240 5189; x_wconf 90' lang='lat' dir='ltr'>clericis</span> <span class='ocrx_word' id='word_1_483' title='bbox 1260 5132 1386 5189; x_wconf 86' lang='lat' dir='ltr'>babitare</span> <span class='ocrx_word' id='word_1_484' title='bbox 1403 5149 1468 5190; x_wconf 92' lang='lat' dir='ltr'>cum</span> <span class='ocrx_word' id='word_1_485' title='bbox 1493 5132 1615 5203; x_wconf 80' lang='lat' dir='ltr'>feminis,</span> <span class='ocrx_word' id='word_1_486' title='bbox 1640 5134 1754 5207; x_wconf 78' lang='lat' dir='ltr'>antiqm</span> <span class='ocrx_word' id='word_1_487' title='bbox 1766 5138 1791 5189; x_wconf 89' lang='lat' dir='ltr'>et</span> 
     </span>
     <span class='ocr_line' id='line_1_61' title="bbox 142 5220 1790 5300; baseline 0.005 -24"><span class='ocrx_word' id='word_1_488' title='bbox 142 5221 200 5278; x_wconf 90' lang='lat' dir='ltr'>suis</span> <span class='ocrx_word' id='word_1_489' title='bbox 213 5220 333 5278; x_wconf 84' lang='lat' dir='ltr'>debeant</span> <span class='ocrx_word' id='word_1_490' title='bbox 346 5222 528 5279; x_wconf 87' lang='lat' dir='ltr'>commisceri.</span> <span class='ocrx_word' id='word_1_491' title='bbox 994 5225 1149 5284; x_wconf 82' lang='lat' dir='ltr'>authentica</span> <span class='ocrx_word' id='word_1_492' title='bbox 1158 5232 1329 5298; x_wconf 87' lang='lat' dir='ltr'>perscrutare</span> <span class='ocrx_word' id='word_1_493' title='bbox 1343 5226 1518 5300; x_wconf 84' lang='lat' dir='ltr'>exemplaria,</span> <span class='ocrx_word' id='word_1_494' title='bbox 1533 5241 1595 5300; x_wconf 82' lang='lat' dir='ltr'>qure</span> <span class='ocrx_word' id='word_1_495' title='bbox 1606 5226 1711 5285; x_wconf 91' lang='lat' dir='ltr'>ibidem</span> <span class='ocrx_word' id='word_1_496' title='bbox 1728 5241 1790 5284; x_wconf 85' lang='lat' dir='ltr'>oon·</span> 
     </span>
     <span class='ocr_line' id='line_1_62' title="bbox 178 5316 1792 5391; baseline 0.004 -20"><span class='ocrx_word' id='word_1_497' title='bbox 178 5317 358 5373; x_wconf 81' lang='lat' dir='ltr'>Hancsutem</span> <span class='ocrx_word' id='word_1_498' title='bbox 378 5316 575 5375; x_wconf 68' lang='lat' dir='ltr'>occinentium</span> <span class='ocrx_word' id='word_1_499' title='bbox 590 5317 625 5374; x_wconf 92' lang='lat' dir='ltr'>ab</span> <span class='ocrx_word' id='word_1_500' title='bbox 648 5317 715 5391; x_wconf 89' lang='lat' dir='ltr'>ipsis</span> <span class='ocrx_word' id='word_1_501' title='bbox 728 5317 875 5390; x_wconf 87' lang='lat' dir='ltr'>apostolis,</span> <span class='ocrx_word' id='word_1_502' title='bbox 896 5335 941 5377; x_wconf 87' lang='lat' dir='ltr'>sa·</span> <span class='ocrx_word' id='word_1_503' title='bbox 996 5318 1091 5376; x_wconf 89' lang='lat' dir='ltr'>cilium</span> <span class='ocrx_word' id='word_1_504' title='bbox 1108 5319 1137 5375; x_wconf 91' lang='lat' dir='ltr'>in</span> <span class='ocrx_word' id='word_1_505' title='bbox 1150 5325 1186 5376; x_wconf 76' lang='lat'>20</span> <span class='ocrx_word' id='word_1_506' title='bbox 1199 5335 1259 5391; x_wconf 90' lang='lat' dir='ltr'>cap.</span> <span class='ocrx_word' id='word_1_507' title='bbox 1284 5335 1350 5377; x_wconf 89' lang='lat' dir='ltr'>cum</span> <span class='ocrx_word' id='word_1_508' title='bbox 1367 5335 1511 5378; x_wconf 76' lang='lat' dir='ltr'>cccrum</span> <span class='ocrx_word' id='word_1_509' title='bbox 1533 5322 1651 5377; x_wconf 83' lang='lat' dir='ltr'>Petrum</span> <span class='ocrx_word' id='word_1_510' title='bbox 1676 5320 1792 5378; x_wconf 75' lang='lat' dir='ltr'>subsu&#39;i</span> 
     </span>
     <span class='ocr_line' id='line_1_63' title="bbox 142 5407 1790 5487; baseline 0.004 -23"><span class='ocrx_word' id='word_1_511' title='bbox 142 5407 298 5465; x_wconf 87' lang='lat' dir='ltr'>cerdotibus</span> <span class='ocrx_word' id='word_1_512' title='bbox 315 5417 343 5465; x_wconf 92' lang='lat' dir='ltr'>et</span> <span class='ocrx_word' id='word_1_513' title='bbox 361 5410 451 5467; x_wconf 85' lang='lat' dir='ltr'>levitis</span> <span class='ocrx_word' id='word_1_514' title='bbox 474 5426 534 5469; x_wconf 88' lang='lat' dir='ltr'>esse</span> <span class='ocrx_word' id='word_1_515' title='bbox 563 5409 695 5469; x_wconf 92' lang='lat' dir='ltr'>indictam</span> <span class='ocrx_word' id='word_1_516' title='bbox 717 5420 833 5470; x_wconf 85' lang='lat' dir='ltr'>testatur</span> <span class='ocrx_word' id='word_1_517' title='bbox 852 5416 942 5473; x_wconf 80' lang='lat' dir='ltr'>Auro·</span> <span class='ocrx_word' id='word_1_518' title='bbox 996 5413 1425 5485; x_wconf 84' lang='lat' dir='ltr'>ptionecontincutroboratum,</span> <span class='ocrx_word' id='word_1_519' title='bbox 1438 5413 1512 5487; x_wconf 89' lang='lat' dir='ltr'>quod</span> <span class='ocrx_word' id='word_1_520' title='bbox 1534 5414 1619 5472; x_wconf 75' lang='lat' dir='ltr'>cham</span> <span class='ocrx_word' id='word_1_521' title='bbox 1644 5415 1673 5472; x_wconf 91' lang='lat' dir='ltr'>in</span> <span class='ocrx_word' id='word_1_522' title='bbox 1695 5414 1790 5474; x_wconf 72' lang='lat' dir='ltr'>eodm</span> 
     </span>
     <span class='ocr_line' id='line_1_64' title="bbox 144 5500 1791 5583; baseline 0.007 -27"><span class='ocrx_word' id='word_1_523' title='bbox 144 5500 197 5557; x_wconf 90' lang='lat' dir='ltr'>lius</span> <span class='ocrx_word' id='word_1_524' title='bbox 214 5501 437 5575; x_wconf 80' lang='lat' dir='ltr'>carthaginensis</span> <span class='ocrx_word' id='word_1_525' title='bbox 454 5504 850 5578; x_wconf 86' lang='lat' dir='ltr'>archiepiscopusinconcilio</span> <span class='ocrx_word' id='word_1_526' title='bbox 862 5523 943 5583; x_wconf 87' lang='lat' dir='ltr'>gene·</span> <span class='ocrx_word' id='word_1_527' title='bbox 996 5521 1111 5565; x_wconf 91' lang='lat' dir='ltr'>numero</span> <span class='ocrx_word' id='word_1_528' title='bbox 1135 5506 1316 5579; x_wconf 88' lang='lat' dir='ltr'>capitulorum</span> <span class='ocrx_word' id='word_1_529' title='bbox 1338 5523 1355 5564; x_wconf 83' lang='lat' dir='ltr'>a</span> <span class='ocrx_word' id='word_1_530' title='bbox 1376 5507 1556 5568; x_wconf 88' lang='lat' dir='ltr'>sanctissimis</span> <span class='ocrx_word' id='word_1_531' title='bbox 1582 5508 1720 5583; x_wconf 64' lang='lat' dir='ltr'>rumpis</span> <span class='ocrx_word' id='word_1_532' title='bbox 1740 5510 1791 5582; x_wconf 77' lang='lat' dir='ltr'>Cy·</span> 
     </span>
    </p>
   </div>
   <div class='ocr_carea' id='block_1_18' title="bbox 143 5661 1794 5883">
    <p class='ocr_par' dir='ltr' id='par_1_20' title="bbox 143 5661 1794 5883">
     <span class='ocr_line' id='line_1_65' title="bbox 178 5661 1794 5741; baseline 0.006 -24"><span class='ocrx_word' id='word_1_533' title='bbox 178 5661 250 5734; x_wconf 77' lang='grc'>(975)</span> <span class='ocrx_word' id='word_1_534' title='bbox 261 5663 331 5721; x_wconf 83' lang='lat' dir='ltr'>Vide</span> <span class='ocrx_word' id='word_1_535' title='bbox 356 5664 501 5721; x_wconf 89' lang='lat' dir='ltr'>concilium</span> <span class='ocrx_word' id='word_1_536' title='bbox 526 5663 688 5723; x_wconf 81' lang='lat' dir='ltr'>Africanum</span> <span class='ocrx_word' id='word_1_537' title='bbox 708 5666 761 5723; x_wconf 90' lang='lat' dir='ltr'>sub</span> <span class='ocrx_word' id='word_1_538' title='bbox 776 5666 942 5725; x_wconf 85' lang='lat' dir='ltr'>Boniiaciol</span> <span class='ocrx_word' id='word_1_539' title='bbox 995 5666 1077 5725; x_wconf 84' lang='lat' dir='ltr'>rerba</span> <span class='ocrx_word' id='word_1_540' title='bbox 1088 5667 1170 5741; x_wconf 81' lang='lat' dir='ltr'>hujus</span> <span class='ocrx_word' id='word_1_541' title='bbox 1184 5685 1245 5726; x_wconf 91' lang='lat' dir='ltr'>can.</span> <span class='ocrx_word' id='word_1_542' title='bbox 1260 5668 1338 5726; x_wconf 78' lang='lat' dir='ltr'>alitor</span> <span class='ocrx_word' id='word_1_543' title='bbox 1351 5668 1463 5741; x_wconf 86' lang='lat' dir='ltr'>paulum</span> <span class='ocrx_word' id='word_1_544' title='bbox 1480 5669 1594 5740; x_wconf 80' lang='lat' dir='ltr'>hobam,</span> <span class='ocrx_word' id='word_1_545' title='bbox 1622 5671 1697 5729; x_wconf 85' lang='lat' dir='ltr'>sieut</span> <span class='ocrx_word' id='word_1_546' title='bbox 1722 5677 1751 5727; x_wconf 87' lang='lat' dir='ltr'>et</span> <span class='ocrx_word' id='word_1_547' title='bbox 1768 5670 1794 5727; x_wconf 88' lang='lat' dir='ltr'>in</span> 
     </span>
     <span class='ocr_line' id='line_1_66' title="bbox 143 5734 1748 5816; baseline 0.006 -27"><span class='ocrx_word' id='word_1_548' title='bbox 143 5735 291 5814; x_wconf 25' lang='lat' dir='ltr'>stlcoelest.</span> <span class='ocrx_word' id='word_1_549' title='bbox 306 5734 430 5807; x_wconf 84' lang='lat' dir='ltr'>lpontii.</span> <span class='ocrx_word' id='word_1_550' title='bbox 446 5751 507 5791; x_wconf 88' lang='lat' dir='ltr'>can.</span> <span class='ocrx_word' id='word_1_551' title='bbox 520 5737 637 5805; x_wconf 80' lang='lat' dir='ltr'>³7,dist.</span> <span class='ocrx_word' id='word_1_552' title='bbox 651 5742 696 5804; x_wconf 77' lang='lat' dir='ltr'>ta,</span> <span class='ocrx_word' id='word_1_553' title='bbox 709 5752 734 5793; x_wconf 88' lang='lat' dir='ltr'>c.</span> <span class='ocrx_word' id='word_1_554' title='bbox 764 5743 807 5794; x_wconf 85' lang='lat' dir='ltr'>ts.</span> <span class='ocrx_word' id='word_1_555' title='bbox 822 5741 939 5796; x_wconf 69' lang='lat' dir='ltr'>Ptoout.</span> <span class='ocrx_word' id='word_1_556' title='bbox 995 5754 1073 5797; x_wconf 91' lang='lat' dir='ltr'>conc.</span> <span class='ocrx_word' id='word_1_557' title='bbox 1084 5754 1178 5798; x_wconf 87' lang='lat' dir='ltr'>recem</span> <span class='ocrx_word' id='word_1_558' title='bbox 1201 5739 1284 5798; x_wconf 89' lang='lat' dir='ltr'>editis</span> <span class='ocrx_word' id='word_1_559' title='bbox 1298 5758 1305 5798; x_wconf 76' lang='grc' dir='ltr'><strong>ι</strong></span> <span class='ocrx_word' id='word_1_560' title='bbox 1318 5756 1416 5798; x_wconf 87' lang='lat' dir='ltr'>sensus</span> <span class='ocrx_word' id='word_1_561' title='bbox 1425 5750 1469 5800; x_wconf 87' lang='lat' dir='ltr'>est</span> <span class='ocrx_word' id='word_1_562' title='bbox 1482 5740 1585 5816; x_wconf 85' lang='lat' dir='ltr'>alioqui</span> <span class='ocrx_word' id='word_1_563' title='bbox 1615 5757 1748 5801; x_wconf 84' lang='lat' dir='ltr'>concors.</span> 
     </span>
     <span class='ocr_line' id='line_1_67' title="bbox 148 5803 940 5883; baseline 0.009 -23"><span class='ocrx_word' id='word_1_564' title='bbox 148 5803 217 5861; x_wconf 80' lang='lat' dir='ltr'>Vide</span> <span class='ocrx_word' id='word_1_565' title='bbox 235 5805 317 5864; x_wconf 80' lang='lat' dir='ltr'>ctiam</span> <span class='ocrx_word' id='word_1_566' title='bbox 337 5805 402 5865; x_wconf 83' lang='lat' dir='ltr'>tiss.</span> <span class='ocrx_word' id='word_1_567' title='bbox 415 5811 460 5877; x_wconf 75' lang='lat'>83,</span> <span class='ocrx_word' id='word_1_568' title='bbox 477 5823 502 5864; x_wconf 91' lang='lat' dir='ltr'>c.</span> <span class='ocrx_word' id='word_1_569' title='bbox 513 5813 540 5865; x_wconf 80' lang='lat' dir='ltr'>i.</span> <span class='ocrx_word' id='word_1_570' title='bbox 563 5808 630 5866; x_wconf 84' lang='lat' dir='ltr'>Cum</span> <span class='ocrx_word' id='word_1_571' title='bbox 644 5809 677 5866; x_wconf 81' lang='lat' dir='ltr'>dc</span> <span class='ocrx_word' id='word_1_572' title='bbox 691 5809 871 5883; x_wconf 66' lang='lat' dir='ltr'>cumdum.</span> <span class='ocrx_word' id='word_1_573' title='bbox 885 5810 940 5868; x_wconf 90' lang='lat' dir='ltr'>Ubi</span> 
     </span>
    </p>
   </div>
   <div class='ocr_carea' id='block_1_19' title="bbox 0 0 1946 6164">
    <p class='ocr_par' dir='ltr' id='par_1_21' title="bbox 0 0 1946 6164">
     <span class='ocr_line' id='line_1_68' title="bbox 0 0 1946 6164; baseline 0 0"><span class='ocrx_word' id='word_1_574' title='bbox 0 0 1946 6164; x_wconf 95' lang='lat' dir='ltr'> </span> 
     </span>
    </p>
   </div>
  </div>
 </body>
</html>
