3884 6158
159 244 206 298 ssi
658 240 703 297 en
720 239 835 299 ornes
854 242 882 297 s.
903 230 1063 301 acuamur
1083 238 1299 299 sereremus,
1751 236 1804 289 oar

158 367 210 424 bus
233 368 332 426 nostris
349 365 519 438 temporibus
539 368 612 433 (495)
633 363 696 419 viris
715 373 808 421 nostra
834 367 957 424 audierat
969 373 995 437 Α
1011 383 1072 425 rum
1083 367 1224 423 exsultans
1234 364 1261 420 in
1275 362 1356 420 laude
1368 360 1492 433 ejusdcm
1506 359 1629 427 Caesaris,
1645 365 1733 415 metra
1745 373 1804 430 pro·

160 462 290 534 parvitas,
314 459 428 516 lementi
443 457 512 521 zelo,
527 457 648 513 carmine
665 455 775 514 heroico
787 468 880 516 nostra
893 469 954 517 ten·
1007 462 1072 518 tulit
1082 461 1147 516 talia
1160 479 1166 514 :

160 555 260 610 taverit
280 555 354 620 (496)
379 566 507 612 caraxare
534 551 681 622 imperitia;
698 566 732 607 no
751 560 889 610 tantorum
904 555 955 610 he·
1044 559 1115 611 Ante
1130 556 1196 608 lares
1209 567 1270 619 erqo
1281 554 1429 621 pascentur
1442 551 1471 603 in
1484 548 1581 602 retbere
1603 548 1686 614 cerri,

160 661 225 703 oum
247 644 360 700 laterent
372 651 432 699 acta
452 642 534 700 fortia
553 651 580 700 et
595 644 798 715 illustrissima;
813 647 899 718 quod
920 648 955 705 ad
1043 631 1087 754 ἐξ]
1090 629 1126 759 'ser'
1123 631 1182 766 “1:⁸37
1176 621 1438 750 ‘ffi'ffldffijn
1438 621 1574 761 mium?
1578 621 1682 745 ffiffi&

159 736 289 795 effoetum
303 736 491 809 perduximus,
500 736 601 794 Christi
615 736 829 795 adminiculante
840 742 956 797 benere
1043 772 1102 825 Aut
1116 769 1229 824 Ararim
1241 766 1357 820 Parthus
1375 765 1454 824 bibet,
1467 767 1516 816 auf
1530 763 1680 818 fimum
1696 761 1802 829 pm,

162 830 254 886 lentis.
1044 842 1131 906 Quam
1146 842 1237 893 nostro
1251 837 1328 891 illius
1347 836 1453 890 labatur
1462 839 1567 903 pectore
1577 830 1682 887 stritus.

194 927 230 981 Et
241 924 316 996 quia,
338 923 469 998 largiente
494 939 614 996 superno
628 924 735 997 opifice,
750 941 799 982 vos
812 927 852 984 eis
864 927 953 999 impe·
1008 931 1090 1003 Quod
1108 945 1186 1002 aeque
1200 929 1234 986 de
1246 937 1273 985 te
1291 927 1427 1000 conjicere
1439 924 1596 997 pommus,
1611 922 1802 996 benignissime

159 1031 219 1074 rem
238 1017 267 1072 in
285 1017 360 1074 nuria
380 1033 439 1074 csse
458 1017 543 1091 gratia
564 1016 599 1074 aa
630 1018 715 1075 totius
735 1020 812 1092 regni
832 1020 956 1091 pervenit
1008 1025 1133 1092 domina,
1156 1031 1185 1079 et
1197 1029 1227 1079 ut
1241 1020 1309 1077 ubcr
1322 1022 1425 1092 reginae
1446 1017 1546 1074 nsttur
1558 1016 1592 1073 dc
1605 1031 1671 1090 rege
1689 1020 1803 1074 scursa

159 1109 429 1183 nuntiumquamvis
441 1126 488 1168 10¹
500 1111 606 1183 sapiens
617 1111 702 1182 dieat,
714 1128 748 1167 ἰθ
762 1113 854 1169 labilis
865 1130 955 1185 quem-
1009 1118 1126 1185 indicat,
1140 1115 1188 1188 qni
1212 1123 1324 1173 noctem
1340 1113 1418 1170 duxit
1429 1105 1586 1168 insomnem
1599 1118 1693 1167 totum
1705 1110 1804 1167 intente

159 1220 242 1275 quam
251 1207 281 1259 in
293 1207 351 1259 uita
366 1219 431 1267 sua,
444 1213 536 1260 nmen
548 1205 612 1277 quia
632 1203 708 1261 nullo
720 1202 879 1262 deteriorari
891 1206 956 1264 inde
1009 1210 1122 1268 audiens
1133 1210 1249 1281 scriptas
1263 1207 1297 1264 dc
1311 1222 1342 1263 se
1363 1205 1503 1273 historias,
1518 1203 1607 1260 donec
1632 1203 1806 1276 legentessu·

161 1296 330 1353 arbitramur
344 1305 464 1354 vestram
487 1312 599 1353 auream
613 1295 775 1371 dignitatem
800 1315 847 1356 seu
867 1300 954 1356 scien·
1009 1301 1164 1375 dicitquod
1184 1298 1366 1357 mardocheus
1389 1297 1531 1355 nuntiarat
1544 1296 1568 1352 ei
1589 1295 1652 1353 vitre
1667 1310 1728 1353 snae
1742 1296 1803 1354 insi·

160 1391 238 1458 dam,
251 1390 473 1463 reperiamusque
486 1407 501 1445 a
513 1390 657 1463 precipuis
677 1392 764 1463 poetis
778 1393 894 1464 antiquis
909 1408 956 1466 pe
1009 1397 1080 1465 dias,
1100 1410 1182 1469 quem
1196 1402 1224 1451 ct
1237 1393 1364 1466 protinus
1378 1391 1414 1448 ob
1434 1390 1464 1446 id
1485 1388 1676 1447 remuneravit
1692 1388 1806 1446 retnbu

162 1481 307 1538 testatibus
327 1481 454 1539 exhibita·
473 1484 597 1539 carmina
621 1483 701 1540 laude
729 1483 899 1556 dignissima,
926 1494 957 1542 ut
1009 1492 1085 1547 tione
1106 1490 1192 1561 regia.
1213 1487 1379 1558 scripsimus
1390 1484 1425 1541 de
1438 1484 1515 1541 robis
1527 1483 1613 1540 etism
1630 1484 1732 1541 utilem
1744 1499 1805 1540 ren-

163 1584 243 1648 poeta
254 1575 384 1632 Horatius
396 1575 547 1633 Octaviano
559 1581 684 1651 Augusto
696 1578 791 1634 scribit
805 1598 812 1634 :
1008 1584 1081 1640 turis
1095 1580 1266 1654 temporibus
1278 1579 1433 1644 historiam,
1449 1592 1511 1651 qoae
1522 1575 1752 1649 probatissimum
1759 1577 1807 1634 erit

196 1716 327 1770 mma
337 1715 388 1773 tibi
400 1718 521 1771 mamm
539 1715 671 1784 'struimur
684 1717 794 1772 honores
968 1680 993 1744 Β
1007 1676 1166 1747 exemplum
1176 1672 1354 1746 diligentibus
1370 1674 1461 1727 Deum
1481 1678 1661 1742 sanctamque
1681 1671 1742 1743 ejus
1755 1672 1807 1776 bo

1008 1770 1128 1827 clesiam.
1142 1768 1203 1825 Vita
1228 1766 1358 1837 salusque
1378 1771 1480 1830 restra,
1503 1771 1600 1819 nosne
1619 1771 1663 1819 est
1677 1772 1809 1821 secuntus

160 1860 189 1917 id
213 1866 265 1929 est,
290 1867 318 1917 te
331 1859 450 1929 virente,
464 1858 612 1917 scribimus
633 1860 668 1918 dc
680 1868 708 1917 te
726 1861 859 1931 carmina,
882 1871 911 1918 et
924 1871 955 1920 ut
1009 1855 1602 1927 etlaetitiarintirmitasautem,debilitaset
1619 1856 1743 1913 tristitia.
1759 1859 1809 1913 bet

161 1953 337 2011 doctissimus
349 1961 493 2025 poetarum
514 1953 602 2009 eidem
612 1960 738 2025 hirqusto
752 1954 851 2011 detulit
858 1956 956 2028 gratis·
1010 1956 1088 2013 robis
1110 1954 1194 2010 vitam
1218 1952 1390 2025 salutemque
1404 1949 1564 2008 continuam
1578 1948 1733 2006 Salvatoris
1750 1964 1808 2006 om·

160 2046 229 2102 sima
250 2061 284 2102 ex
301 2046 360 2118 ipso
383 2046 546 2112 carmina‚a
566 2060 621 2118 quo
633 2046 758 2103 libertate
777 2056 889 2119 accepta
904 2049 955 2103 ite·
1009 2050 1088 2105 nium
1096 2047 1293 2105 misericordia.
1307 2048 1409 2101 Amen.

642 2322 830 2381 INCIPIUNT
853 2324 1034 2382 centrum
1066 2325 1170 2382 Pulttt
1197 2324 1306 2378 LIBRI.

161 2449 184 2502 l.
328 2447 433 2504 Narrat
451 2444 569 2501 canossa
590 2448 640 2516 qui
655 2448 759 2514 fuerint
770 2450 819 2517 qui
827 2464 885 2503 eam
895 2449 1097 2520 edificaverint,
1114 2453 1139 2504 et
1162 2448 1284 2520 aquibus
1299 2445 1403 2515 rapidus
1416 2444 1522 2500 obsessa
1536 2446 1638 2513 fuerit,
1654 2449 1681 2500 et
1700 2447 1811 2516 qualiter

359 2533 419 2571 eum
440 2517 542 2584 prandi
567 2519 682 2572 victoria
698 2521 821 2573 eraserit.
1625 2588 1631 2600 .
1697 2590 1703 2600 Ι

164 2588 200 2645 ll.
346 2589 440 2655 Refert
453 2587 569 2642 Ganossa
578 2603 696 2642 amorem
710 2591 892 2658 Actoniserqa
902 2605 939 2656 se,
954 2595 980 2645 et
994 2591 1123 2661 quomodo
1133 2591 1280 2660 acquisivit
1295 2587 1368 2642 mern
1378 2589 1445 2644 Aeto
1460 2602 1575 2658 corpora
1594 2586 1715 2643 Vectoris
1728 2594 1757 2643 rt
1769 2588 1809 2643 Co

117 2716 122 2729 ‚
399 2673 482 2722 rente,
497 2664 522 2713 et
535 2660 563 2714 S.
579 2659 755 2728 Apollonium
767 2663 919 2731 episcopum
931 2665 957 2717 et
975 2666 1157 2731 confessorem.
1364 2729 1369 2740 ι
1631 2731 1637 2741 ι
1767 2686 1772 2695 ·
1788 2732 1794 2743 ι

162 2732 213 2786 lll.
323 2731 422 2798 Quart
443 2730 533 2798 qualis
546 2730 603 2796 fuit
612 2746 682 2784 uaor
695 2731 818 2800 Actoris,
832 2740 857 2788 et
868 2736 933 2801 quot
946 2733 1015 2801 flu'as
1028 2735 1133 2798 habuit,
1144 2737 1169 2788 ct
1178 2731 1327 2802 quodflius
1344 2745 1402 2799 epus
1421 2728 1576 2785 Teudaldus
1584 2744 1719 2812 pnnreps
1728 2735 1805 2785 casb-

359 2803 393 2855 tit
412 2806 475 2870 post
495 2802 599 2870 ipsum,
614 2801 720 2871 etquod
740 2803 811 2858 ι’άιιιι
828 2804 982 2860 Taudaldus
996 2805 1140 2874 edificavit
1152 2804 1343 2858 monasterium
1356 2802 1427 2858 illud
1435 2800 1508 2872 quod
1518 2803 1557 2857 est
1577 2804 1652 2856 mter
1666 2802 1807 2883 Pudumet

359 2873 509 2927 barionem.

163 2943 210 2998 lV.
319 2944 356 2997 De
367 2942 455 2996 tribus
472 2943 539 3010 flius
552 2942 693 3009 Teudaldi,
711 2946 736 2998 et
744 2960 827 3000 neore
839 2947 908 3015 efus.

164 3014 197 3068 V.
323 3015 362 3068 De
412 3014 417 3025 “
431 3027 494 3082 copo
504 3013 628 3068 Aretime
642 3015 727 3082 urbis,
744 3019 794 3085 qui
804 3019 862 3084 fuit
870 3019 960 3085 frater
973 3017 1124 3084 bonifacii.

163 3084 210 3139 Vl.
320 3027 540 3152 orornamenta·
557 3083 722 3139 marchiones
737 3088 932 3155 Lonpobcrdioe
944 3087 1111 3144 studuerunt
1123 3102 1249 3157 separare
1263 3085 1432 3144 chonradum
1443 3101 1459 3139 a
1472 3084 1626 3152 bortifaciu
1640 3088 1668 3140 et
1682 3085 1801 3169 quodlir

359 3156 475 3221 nifacius
497 3154 581 3209 duait
605 3170 714 3210 urrerem
727 3160 888 3213 comitissam
902 3159 1065 3220 uictimam,
1080 3165 1106 3214 et
1125 3160 1158 3214 de
1169 3173 1264 3227 maqno
1288 3158 1353 3210 bello
1366 3157 1437 3226 quod
1460 3162 1516 3211 toto
1539 3156 1737 3225 Lenqobardra
1750 3158 1801 3224 feet

359 3239 418 3279 cum
431 3225 570 3293 bonifacio
584 3230 609 3281 rt
627 3225 767 3282 Cbonrado
776 3229 850 3299 apud
868 3229 1031 3287 curaliolum
1043 3231 1129 3297 (lbi),
1139 3230 1189 3300 qui
1200 3234 1240 3284 est
1250 3243 1334 3299 prope
1350 3231 1482 3298 brainam
1495 3227 1599 3283 urbem.

80 3323 87 3335 ·
166 3296 225 3351 Vll.
318 3295 394 3363 Quod
407 3296 572 3352 marchiones
585 3298 684 3367 sepulti
696 3303 759 3353 sunt
771 3300 848 3371 apud
859 3301 1011 3357 canossam.

162 3368 229 3422 vltt
320 3367 403 3435 buires
417 3371 530 3421 statura
550 3372 576 3423 et
586 3367 663 3438 arius
674 3370 817 3438 qualitatis
827 3373 933 3426 eastitit
947 3372 1118 3438 bonifacius,
1134 3374 1160 3426 et
1170 3372 1239 3443 quid
1247 3371 1347 3440 deipso
1361 3369 1458 3439 sibylla
1474 3370 1690 3440 prophetizavit.

162 3438 215 3492 lx.
325 3437 391 3492 Cum
403 3444 507 3507 quanta
519 3440 606 3507 picria
617 3441 747 3496 ethonore
763 3441 844 3497 duait
859 3442 918 3496 dua
930 3445 956 3496 ct
969 3442 1086 3496 marcbrb
1100 3444 1254 3511 bonifacius
1267 3441 1403 3496 illustrem
1414 3441 1577 3495 ducatricem
1592 3443 1758 3496 beatricem.

163 3508 202 3562 X.
330 3509 405 3576 Quod
418 3524 468 3563 ren
481 3508 637 3595 chonradus
655 3512 780 3567 Parmam
791 3515 857 3568 uicit
872 3513 984 3582 adjutum
996 3529 1016 3567 a
1030 3514 1178 3583 Bonifucio‚
1191 3520 1218 3570 et
1230 3514 1302 3585 quod
1319 3512 1390 3567 mem
1403 3527 1452 3566 rea
1467 3512 1588 3581 maeque
1608 3513 1732 3567 murcht‘o
1739 3513 1853 3582 furet-

163 3648 217 3702 xl.
327 3581 979 3722 0113ῖῖ3ὣῖῗῑῗίὲξῑῑῗὲγέιξᾞιβυηᾶἱῠιηωηὼ
995 3655 1177 3712 etredeundo.

163 3716 229 3773 xil.
320 3721 360 3773 be
372 3723 444 3772 aceto
457 3720 530 3800 quod
541 3722 661 3804 marchio
673 3724 827 3807 bonifacius
846 3728 998 3781 transmisit
1010 3729 1128 3781 Henrim
1142 3727 1200 3797 reqi
1212 3722 1335 3789 secundo,
1348 3728 1373 3779 ct
1385 3725 1417 3780 de
1431 3724 1532 3795 prandi
1540 3725 1608 3780 dono
1622 3725 1698 3795 quod
1705 3726 1853 3796 quida!-

164 3853 247 3911 Xlll.
321 3791 798 3929 Qumqgaursrdfiegitogtmdiglbrssgd]
813 3866 961 3937 aliquando
975 3869 1222 3938 occasioneripilioe
1242 3868 1325 3923 nonu
1338 3868 1470 3923 Hmrints
1489 3866 1625 3923 secundus
1640 3872 1776 3924 sentenia
1782 3869 1853 3916 ι’

164 3996 242 4051 xlv.
329 3931 721 4086 ouffd'erffufnfflneffimmus
735 4005 831 4072 fuittn
845 4007 1043 4064 diuinisrebus.
1397 4081 1402 4092 Ι
1453 4081 1458 4092 ,
1634 4083 1669 4094 ..
1849 4075 1853 4083 ,

165 4066 228 4122 XV.
332 4069 409 4136 Quod
422 4086 440 4123 u
452 4072 558 4139 reqrbus
571 4075 714 4128 lautomas
726 4078 797 4131 uenit
818 4093 874 4133 mos
887 4080 1061 4135 venundandi
1072 4081 1202 4148 emlesias,
1217 4084 1243 4136 et
1252 4081 1324 4151 quod
1333 4081 1488 4147 bonefacius
1502 4085 1650 4151 acceptaret
1658 4080 1726 4136 rude
1733 4080 1853 4151 μιν,

362 4143 474 4194 tentiam
490 4148 607 4199 usonem
622 4145 741 4201 (luidone
754 4148 862 4204 abbate.

167 4207 243 4262 xvt.
332 4209 441 4265 Urbana
454 4213 609 4282 altercatio,
624 4217 694 4270 inter
705 4216 849 4274 Ganossam
864 4223 889 4274 et
907 4222 1048 4276 Mantuam
1066 4222 1099 4276 de
1110 4237 1221 4293 corpore
1233 4222 1311 4277 ducis
1325 4226 1351 4276 et
1361 4223 1523 4278 marchionis
1536 4224 1688 4290 bonifacii.

164 4278 257 4333 xvn.
332 4279 400 4346 Quot
414 4284 494 4338 annm
507 4286 578 4340 uiuit
590 4288 703 4341 bactria
711 4293 772 4358 post
783 4292 967 4358 bonifacium,
984 4298 1099 4363 etquam
1107 4295 1255 4363 prudenter
1268 4295 1357 4347 omnia
1370 4297 1453 4350 reait.

165 4349 269 4406 xvttl.
342 4352 555 4419 Quodsecundus
567 4358 697 4413 Henmeus
711 4365 826 4430 tempore
838 4364 965 4418 beatricis
971 4370 1092 4419 mortuus
1101 4368 1150 4431 est,
1159 4369 1185 4419 et
1198 4363 1375 4433 quodtertius
1389 4366 1520 4420 [lenimus
1534 4380 1593 4420 cum
1606 4366 1803 4437 popenreut
1812 4358 1853 4404 ²

361 4423 409 4478 dre
421 4426 450 4480 ll
460 4428 541 4481 nimie
554 4426 725 4484 discordatus
734 4435 782 4486 est.

167 4489 247 4546 xlx.
335 4492 410 4559 Quod
423 4500 483 4565 post
496 4496 685 4554 Alexandrum
699 4501 841 4570 Greporius
854 4505 982 4573 septimus
993 4519 1069 4575 papa
1082 4505 1171 4571 factus
1185 4510 1236 4570 est,
1251 4521 1312 4562 arm
1326 4523 1378 4577 quo
1395 4507 1558 4579 prelibatus
1571 4522 1623 4562 ree
1638 4512 1699 4563 urm
1712 4487 1852 4564 erud*

381 4566 520 4621 scordatus
532 4573 582 4632 est,
598 4570 669 4639 qrrad
684 4570 718 4625 ab
732 4588 760 4626 eo
772 4573 917 4628 damnatus
931 4579 978 4630 est.

166 4630 233 4685 XX.
343 4636 380 4689 be
390 4635 464 4690 obitu
476 4638 593 4694 dominre
606 4642 745 4712 beatricis,
759 4650 785 4700 et
799 4645 929 4713 quomodo
944 4644 1059 4701 Ganossa
1072 4645 1143 4701 dolet
1153 4663 1187 4703 ee
1199 4663 1243 4714 ea,
1257 4653 1283 4706 et
1297 4648 1331 4705 de
1344 4663 1455 4720 corpere
1468 4650 1539 4720 ejus.

780 4736 938 4807 Expliciunt
950 4737 1017 4810 Cap.
1030 4738 1112 4810 primi
1126 4739 1199 4800 libri.

804 4861 989 4919 lNClPlUNT
1002 4863 1171 4922 saeuum.

165 4959 189 5015 1.
345 4965 386 5020 be
394 4967 485 5048 primo
505 4967 625 5025 adremu
638 4975 715 5027 tertii
726 4976 836 5030 bertrici
844 4980 924 5046 repis,
939 4982 966 5033 et
980 4979 1032 5034 Vll
1041 4992 1122 5050 papa
1132 4981 1255 5050 drepani
1264 4983 1293 5036 in
1304 4982 1527 5051 macomariam,
1541 4988 1567 5039 et
1573 4985 1694 5054 qualiter
1706 5001 1725 5039 a
1736 4975 1852 5041 duel¹

385 5037 587 5093 bumbutbrldi
596 5041 671 5110 opud
684 5043 958 5120 Ganossamsuscepti
965 5054 1038 5112 sunt,
1048 5051 1281 5121 etquodeumdem
1293 5067 1381 5122 reqem
1391 5054 1524 5110 subuertit
1530 5054 1677 5113 (lutbertus
1685 5045 1852 5127 arclstsV‘

389 5118 493 5176 scopus,
508 5112 534 5163 et
543 5110 600 5164 alia
613 5114 669 5167 vice
678 5115 755 5168 emit
767 5131 827 5169 nrm
847 5132 875 5171 eo
887 5121 1001 5176 bamam
1011 5127 1104 5176 contra
1114 5138 1231 5192 papam.

165 5168 202 5224 ιι.
348 5175 481 5304 (emt
492 5184 583 5236 enim
596 5196 683 5250 repom
696 5187 722 5239 a
742 5185 899 5242 cosmum
911 5194 1042 5247 aaran
1060 5192 1170 5248 murm
1187 5195 1341 5259 narrum,
1355 5200 1381 5252 a
1392 5199 1740 5268 quamcumquae
1752 5182 1852 5255 ub

41 5300 61 5337 ’-·
163 5310 212 5366 ur.
356 5318 480 5374 moun
498 5336 580 5392 papo
589 5324 729 5393 emera,
748 5326 1244 5391 ernermimeoesmruaarmm
1258 5351 1348 5407 papo,
1363 5343 1390 5394 a
1409 5341 1595 5412 querneus
1604 5343 1747 5399 carmine
1755 5320 1851 5398 ab

201 5464 274 5528 (495)
287 5463 381 5521 Scribe
394 5486 401 5522 ε
416 5473 570 5553 nostrorum
582 5475 741 5555 temporum
755 5477 886 5549 Librarii‚
902 5479 959 5552 ple·
977 5484 1000 5549 c
1013 5483 1176 5551 scriberefin
1186 5486 1712 5559 antiqnoeod.Vaticanoestcaracure).
1725 5488 1844 5549 Lm!

162 5548 225 5589 rum
245 5548 280 5590 ue
294 5534 379 5592 rudes
392 5545 421 5594 et
436 5539 548 5609 rodaco,
561 5558 676 5601 mrnrme
687 5560 870 5631 assequuntur
882 5566 959 5607 eom·
1049 5559 1121 5620 (497)
1137 5553 1206 5612 cod.
1222 5560 1360 5616 recentior
1375 5563 1524 5618 Vaticanus
1536 5562 1727 5631 ammarum,
1738 5563 1795 5620 anti
1814 5563 1851 5589 ‘

164 5619 218 5677 pen
239 5619 266 5659 ra
280 5605 426 5687 perborum
439 5609 467 5691 in
480 5626 548 5696 mss:
563 5613 714 5676 codicibus.
731 5621 803 5677 Hinc
822 5621 958 5694 ejusmodi
1011 5639 1082 5696 quus
1094 5624 1175 5683 habet
1185 5628 1353 5698 insiticium,
1366 5633 1440 5704 quod
1450 5633 1560 5703 metius,
1580 5634 1648 5706 quia
1658 5618 1851 5693 ctintcrin9

163 5688 271 5731 errores
283 5677 421 5735 interdum
440 5695 468 5737 ιιι
482 5681 574 5741 editis.
586 5688 671 5746 Mun.
1011 5710 1119 5754 summa
1139 5697 1235 5770 capitis
1247 5701 1284 5757 ita
1298 5701 1390 5760 hebet.
1402 5705 1486 5761 Lern.

196 5744 268 5816 (496)
283 5747 441 5806 Charaecre
453 5755 484 5819 (a
494 5767 595 5827 mco,
604 5760 744 5830 papiano),
756 5776 879 5830 sacrare,
893 5779 956 5820 con·
