3884 6158
153 246 205 301 sra
330 194 336 219 ⁴
495 245 525 299 s.
547 242 706 298 cnuuouu
725 241 769 296 vn
789 242 887 296 rien
905 240 1042 298 orsauu
1060 214 1147 299 rsus
1165 242 1186 298 r.
1205 268 1241 282 -
1260 237 1459 296 snursruuu.
1552 290 1556 315 ,

153 368 340 442 potiusquam
363 366 540 425 delectatione
556 366 712 422 tenendam.
733 366 774 421 Sit
787 372 885 422 sestrae
897 381 948 432 po·
961 372 987 435 Α
1035 369 1105 423 Data
1119 369 1229 435 Romae,
1243 365 1324 422 tertio
1345 361 1483 419 Kalendas
1496 358 1628 428 ianuarii,
1652 356 1701 415 ind

151 464 246 521 teutiae
272 478 338 519 usus
367 470 395 517 et
430 460 587 516 exercitatio
619 458 763 515 subvenire
795 459 944 532 oppressis,
998 461 1129 519 secunda.

151 556 295 614 defendere
313 553 420 621 viduas,
443 552 566 625 judicare
588 553 715 626 pupillos,
733 552 867 625 iustitiam
890 568 946 609 uon
1264 569 1441 627 Ep13T0LA
1462 567 1526 624 xp·

152 650 240 706 solum
250 647 372 720 diligere,
386 647 530 704 sedetiam
544 655 602 703 tota
615 647 713 703 virtute
724 645 879 704 defendere.
894 646 946 702 ilis

150 757 270 815 namque
280 741 409 814 vestigiis,
422 737 477 796 hoc
495 739 632 810 thesauro,
647 739 690 797 his
703 739 812 813 opibus,
836 737 872 796 de
892 745 947 796 ter·
1160 703 1200 745 *⁰
1219 700 1379 744 mmm
1407 696 1637 742 mmmm

151 851 217 891 reno
229 833 263 892 sd
279 835 394 892 coeleste
405 848 533 907 regnum,
556 832 591 890 de
602 832 677 890 fluxo
697 841 725 890 et
737 832 826 906 fragili
838 831 875 889 ad
890 847 947 889 cer·
1289 792 1381 861 (3⁰⁰⁰
1409 791 1498 854 ¹⁰⁷²)

149 935 253 987 tumet
270 944 387 1001 perenne
405 927 546 1001 gaudium,
570 926 605 984 de
619 926 722 984 caduca
741 936 769 984 et
788 927 946 983 transitoria
1001 906 1160 964 ¹1⁶³&in
1177 903 1335 987 ffiffbiifss
1358 906 1389 955 ut
1400 916 1474 984 (21in
1488 901 1582 967 ferani
1596 896 1688 951 anim

1037 982 1091 1044 tur,
1113 976 1256 1046 qucmtlles
1269 979 1321 1029 otto
1344 986 1519 1027 comessurum
1542 971 1683 1038 stimuum

150 1022 185 1079 nd
214 1030 346 1080 aeternam
369 1030 398 1078 et
422 1036 532 1092 semper
557 1035 765 1094 permansuram
793 1019 948 1093 pervenitur
1036 1049 1238 1109 musterium?
1258 1048 1327 1099 sicu,
1354 1041 1537 1104 cluniacense,
1558 1037 1701 1110 apostolic,

150 1115 277 1189 gloriam.
300 1119 376 1172 Deus
390 1124 483 1172 nutem
499 1115 686 1187 omnipotens,
702 1114 750 1186 qui
762 1112 837 1170 dives
857 1120 885 1168 et
897 1128 945 1169 co·
1036 1121 1115 1174 unire
1135 1117 1279 1173 desilierat.
1293 1115 1407 1185 Reliqua
1420 1115 1520 1169 burum
1539 1112 1695 1167 litterarum

150 1209 243 1283 piosus
269 1218 310 1266 est
334 1208 363 1265 in
386 1206 583 1277 misericordia,
602 1207 708 1264 meritis
732 1214 760 1263 et
784 1206 946 1263 auctoritate
1036 1192 1090 1246 ‘⁰¹¹⁸'
1101 1190 1215 1245 diemde
1231 1189 1371 1258 relinquit.

150 1302 338 1376 apostolorum
350 1302 422 1359 Petri
433 1311 460 1359 et
474 1303 562 1371 Pauli,
574 1310 703 1359 ctuostra
717 1301 838 1373 perillus
855 1300 946 1368 nobis,
1037 1307 1212 1363 Guuuurrrus
1224 1303 1376 1375 episcopus,
1390 1316 1483 1357 sersus
1497 1312 1641 1356 servotum
1659 1298 1701 1353 De

150 1397 213 1454 Ιῑθθῐ
240 1395 372 1469 indignis,
397 1396 524 1454 diffinitus
548 1411 688 1465 comsit,
712 1393 837 1452 absolvat
864 1401 893 1450 te
920 1400 949 1449 θῑ
1001 1397 1260 1457 rissimisfratribus
1273 1395 1302 1453 in
1323 1394 1489 1451 monasterio
1504 1391 1665 1450 Massiliensi
1681 1405 1701 1446 o

151 1504 247 1548 omnes
262 1490 358 1547 fideles
377 1499 440 1547 tuos
459 1488 496 1546 ab
516 1489 644 1547 omnibus
657 1489 774 1561 peccatis
791 1487 898 1556 vestris,
918 1495 946 1544 et
1001 1493 1134 1561 rantibus,
1151 1491 1268 1548 salutem
1281 1497 1309 1547 et
1322 1488 1500 1562 apostolicam
1517 1485 1701 1543 benedictione

149 1584 248 1656 diriget
261 1599 309 1640 vos
323 1584 353 1640 in
375 1598 486 1640 omnem
508 1583 675 1640 voluntatem
694 1590 830 1651 suamet
854 1581 881 1637 iu
897 1580 948 1637 bac
1036 1585 1198 1646 contristavi
1220 1600 1279 1655 vos,
1291 1584 1348 1639 imo
1369 1585 1402 1638 B.
1418 1585 1515 1639 Petrus
1536 1578 1695 1644 commovit,

150 1677 205 1735 vita
219 1693 268 1734 vos
278 1678 430 1750 promereri
442 1676 523 1734 faciat
536 1676 610 1750 quod
623 1677 652 1732 in
666 1685 767 1733 aeterna
776 1673 946 1732 beatitudine
960 1723 984 1787 B
1001 1682 1048 1751 vit,
1062 1680 1159 1755 etipse
1175 1678 1293 1736 sanabit.
1316 1676 1399 1733 Filius
1412 1690 1532 1747 namque
1550 1674 1635 1742 illius,
1658 1670 1702 1729 abl

150 1770 338 1845 multipliciter
351 1770 427 1828 vobis
444 1770 558 1828 adaucta
575 1786 676 1827 corum
697 1768 838 1826 retribuat.
1001 1782 1066 1843 ster,
1082 1773 1154 1831 venit
1179 1773 1213 1829 ad
1228 1787 1290 1840 uos,
1300 1780 1328 1827 et
1342 1785 1392 1844 pro
1403 1770 1462 1844 ejus
1474 1783 1569 1825 amore
1585 1766 1701 1823 facture

184 1867 258 1923 Data
272 1866 381 1932 R0m³b
396 1864 504 1922 decim
525 1873 622 1921 (letali)
643 1862 718 1938 [XIX]
731 1861 873 1921 Kalendas
898 1863 945 1918 1³·
1000 1869 1078 1927 diens
1090 1882 1176 1940 usque
1199 1866 1234 1924 ad
1248 1864 1370 1938 corporis
1385 1863 1555 1936 captionem;
1572 1869 1599 1918 et
1612 1859 1674 1933 quia
1687 1874 1701 1931 p

150 1958 249 2030 nuntii,
261 1956 411 2016 indictione
421 1956 549 2015 secunda.
999 1962 1061 2026 fuit,
1081 1961 1103 2018 si
1119 1967 1267 2033 oporteret,
1284 1959 1365 2029 mori,
1381 1963 1409 2015 et
1423 1973 1457 2013 ux
1471 1956 1524 2012 boc
1547 1953 1658 2011 babebit
1677 1967 1701 2009 rt

416 2097 593 2154 EPISTOLA
601 2095 679 2151 XIV·
1000 2056 1113 2113 tionem.
1129 2054 1183 2111 Sed
1195 2056 1267 2111 sicut
1282 2052 1367 2120 scitis,
1383 2050 1479 2107 fratres
1499 2049 1564 2116 mei,
1577 2048 1632 2105 rari
1646 2062 1701 2104 sun

1000 2150 1047 2223 qui
1072 2149 1155 2206 etiam
1177 2151 1237 2204 Deo
1253 2147 1281 2204 in
1300 2162 1365 2219 pace
1378 2145 1507 2212 serviant,
1534 2142 1582 2199 sed
1602 2140 1701 2198 rarissir

359 2235 402 2277 Μ’
428 2236 595 2279 mmm
617 2234 732 2278 πω·
1002 2261 1051 2317 pro
1064 2244 1134 2301 illius
1152 2258 1247 2299 amore
1261 2240 1464 2314 persecutiones
1483 2253 1541 2293 uon
1560 2236 1701 2303 timeant*

450 2339 541 2405 (Anno
561 2341 653 2403 ¹⁰⁷8l
1000 2354 1030 2396 se
1058 2346 1153 2396 contra
1182 2335 1309 2392 inimicos
1340 2333 1393 2391 Dei
1424 2330 1608 2388 indubitanter
1650 2343 1701 2401 opp

154 2454 260 2512 Nullum
277 2457 371 2509 contra
382 2469 411 2509 se
430 2453 656 2509 murmuratione
669 2467 776 2508 musam
790 2452 852 2519 fore
865 2455 948 2507 osten.
1000 2429 1120 2489 Proinde
1140 2429 1295 2487 Christiana
1317 2428 1413 2500 religio
1433 2425 1496 2497 iheu
1518 2422 1588 2496 proh
1607 2421 1701 2490 dolori]

185 2525 272 2590 dubet
286 2525 432 2595 diligenter
517 2525 599 2580 cudat
617 2527 717 2594 quuiu
730 2523 831 2593 spvudo
844 2526 948 2578 statute
1001 2524 1127 2599 deperiit,
1142 2531 1170 2580 et
1181 2522 1332 2595 impiorum
1347 2519 1473 2593 superbia
1485 2516 1568 2575 nimis
1581 2514 1699 2572 accrevit

183 2602 256 2652 Μ·
271 2597 302 2653 ⁸⁵
315 2597 441 2666 Mem
486 2597 708 2660 mamm*
725 2596 867 2650 ”mmm
887 2609 947 2649 mm
1001 2619 1093 2678 dictus
1106 2626 1199 2675 antem
1219 2624 1297 2689 pater
1311 2615 1536 2683 noster[vester],
1552 2625 1645 2667 revera
1659 2623 1701 2682 apt

183 2669 357 2739 ‘mptum‘
907 2728 913 2733 ·
1001 2710 1231 2785 rumprincipem
1248 2709 1372 2781 diligens,
1390 2707 1417 2763 in
1433 2707 1493 2780 ejus
1507 2703 1701 2760 acienobisei

180 2800 777 2873 Gsuooarusepiscopus,servnsservomm
785 2796 947 2867 Deillius·
1001 2802 1333 2879 mediatoriumcbristo
1357 2799 1536 2873 gubernante,
1551 2797 1631 2854 uobis
1651 2796 1702 2869 imp

146 2909 220 2952 ¹01ss
233 2893 298 2951 duci
312 2895 428 2950 salutem
452 2900 479 2949 02
500 2892 679 2965 apostolicam
713 2891 946 2950 benedictionem·
1001 2876 1066 2957 noti
1071 2899 1153 2957 surda
1171 2913 1236 2954 anre
1248 2895 1392 2954 intendens
1405 2893 1479 2966 qnod
1497 2892 1560 2949 dicit
1574 2890 1701 2963 Apostoli

182 2987 211 3045 Si
238 2985 382 3061 diligenter
407 2984 558 3044 secundum
593 2985 750 3060 equitatem
783 2985 946 3065 pontificalis
1000 2992 1135 3061 fuerimus
1153 2994 1219 3047 sucu
1243 2989 1416 3062 pussmuum',
1449 2990 1547 3042 murus
1577 2990 1604 3040 et
1638 2999 1701 3040 cous

146 3079 241 3152 officii,
273 3079 429 3138 meandum
449 3079 590 3153 propriam
628 3079 795 3136 voluntatem
837 3094 949 3151 perpen-
1002 3103 1066 3142 nam
1090 3088 1116 3152 (l
1139 3087 1198 3144 nor.
1212 3088 1246 3148 r).
1269 3081 1541 3154 sedquiacbarltas,
1564 3078 1630 3134 licet
1652 3077 1701 3134 ruti

145 3174 279 3248 ditisque
291 3175 483 3248 egimusque
497 3171 614 3229 dicimus
626 3171 660 3229 de
674 3172 814 3228 communi
824 3172 944 3245 negotio,
1004 3178 1171 3244 consoletur,
1184 3174 1219 3233 ad
1232 3175 1357 3233 dolorem
1370 3173 1550 3247 vosimpellit,
1566 3168 1701 3245 eoquodt

146 3269 202 3326 imo
217 3269 337 3325 maxima
350 3265 557 3340 perturbatione
570 3264 646 3340 regui
668 3264 760 3332 vestri,
774 3281 833 3324 non
851 3273 946 3324 contra
1000 3275 1108 3330 Patrem
1120 3280 1235 3343 tamque
1259 3269 1338 3326 vobis
1354 3269 1455 3326 ducem
1477 3266 1554 3341 quasi
1571 3266 1654 3338 longo
1672 3270 1700 3321 te

144 3377 196 3420 nos
209 3360 426 3431 murmurabitis,
447 3358 497 3417 sed
510 3375 558 3433 per
572 3358 644 3416 viam
655 3361 769 3417 Petrum
788 3368 947 3417 nostrorum
999 3365 1155 3436 amiseritis,
1179 3379 1310 3437 rogamus
1322 3378 1371 3419 vos
1392 3378 1426 3418 ex
1440 3370 1515 3434 parte
1529 3358 1701 3432 omnipoteni

146 3471 197 3513 uos
210 3455 345 3525 incedere,
356 3458 418 3512 Deo
431 3454 512 3523 duca,
531 3453 634 3512 meritis
646 3452 719 3510 beati
737 3453 814 3511 Petri
827 3453 947 3527 apostoli
1002 3469 1030 3518 et
1043 3474 1137 3516 amore
1151 3456 1319 3526 hospitoni,
1334 3457 1641 3530 patientersupportate
1662 3466 1701 3508 no

145 3550 326 3622 cognoscetis.
351 3546 511 3620 perpendite
537 3546 612 3620 quod
629 3558 742 3604 sanctus
762 3546 878 3620 Spiritus
899 3563 947 3620 per
1000 3554 1065 3624 cito,
1079 3557 1139 3610 Deo
1151 3551 1307 3623 adjuvante,
1323 3566 1388 3607 eum
1403 3549 1480 3606 vobis
1497 3549 1593 3605 laetum
1606 3544 1701 3603 remitt

145 3657 206 3709 1¹0³,
233 3642 296 3698 licet
318 3640 458 3714 indiguos,
478 3639 659 3712 dignatusest
672 3641 698 3696 in
723 3650 818 3698 sancta
840 3640 946 3715 synodo
1000 3656 1029 3705 et
1042 3663 1076 3704 ex
1092 3647 1156 3716 boc,
1168 3644 1329 3702 auctoritate
1348 3643 1420 3701 beati
1435 3641 1508 3700 Petri
1522 3640 1701 3713 apostoloruu

146 3733 202 3790 froc
214 3734 243 3789 iu
256 3748 329 3790 anno
348 3735 449 3789 Romae
462 3733 491 3788 in
502 3731 715 3805 Quadragesima
738 3733 873 3792 celebrata
887 3742 944 3791 sta·
995 3740 1077 3814 cipis,
1096 3739 1176 3796 nobis
1189 3738 1266 3796 valde
1280 3736 1401 3811 indignis
1417 3737 1575 3803 commissa,
1597 3732 1701 3806 indulge

144 3833 233 3893 mere,
245 3833 273 3880 et
290 3826 460 3898 cognoscetis
471 3832 607 3896 quantum
621 3825 719 3894 valeat,
734 3836 869 3898 quantum
883 3843 947 3899 pos·
999 3833 1123 3892 omnium
1136 3840 1310 3905 peecatorum
1324 3840 1478 3888 vestrorum
1496 3827 1691 3903 promittimus

145 3919 180 3976 sil
205 3918 352 3976 auctoritas
376 3925 404 3974 tf
418 3917 620 3989 poiesltsbtali
644 3918 726 3976 Petri·
747 3920 829 3993 Agilo
852 3920 946 3992 itaque
998 3925 1162 3984 solutionem
1177 3940 1242 3982 cum
1255 3922 1447 3981 benedictione
1471 3920 1701 3980 concedimusc

147 4011 329 4084 omnipotenti
340 4014 399 4067 1)θο
413 4016 442 4067 ti
464 4009 544 4066 betto
563 4014 644 4068 Petro
663 4026 773 4083 sember
796 4019 896 4086 gram,
918 4021 947 4069 tt
999 4036 1062 4078 mus
1075 4035 1206 4093 namque,
1221 4017 1256 4076 de
1268 4018 1352 4075 nimia
1363 4017 1464 4090 pietate
1476 4015 1611 4073 ditissimi
1638 4022 1666 4072 et
1684 4012 1701 4071 d

146 4120 204 4162 1¹⁰ss
220 4113 316 4162 coniri
329 4120 381 4161 ¹1⁰s
399 4103 610 4172 murmumssdb
625 4103 765 4161 sedbfflw
790 4108 872 4163 Petro
887 4122 947 4178 grt-
998 4113 1076 4172 fabili
1091 4113 1237 4171 clementia
1254 4112 1368 4185 Reginae
1386 4111 1516 4178 scelestis,
1541 4107 1689 4182 quiabeati

145 4199 201 4257 tias
215 4197 371 4269 referendo,
385 4197 499 4255 meliora
511 4205 627 4270 sperate.
640 4197 708 4255 illibi
721 4197 833 4269 credite,
846 4198 946 4257 fratres
999 4216 1027 4266 et
1047 4208 1145 4265 paulus
1162 4208 1256 4265 locum
1275 4213 1394 4262 vestrum
1408 4205 1525 4278 amplius
1539 4203 1621 4259 solito
1644 4206 1701 4258 urst

146 4292 308 4363 charissimi,
322 4291 386 4365 quia
413 4291 459 4364 qni
480 4290 515 4348 de
535 4290 653 4349 falsitate
667 4299 695 4349 et
719 4292 873 4363 calliditate,
888 4310 945 4351 nou
998 4309 1026 4358 et
1038 4284 1200 4370 tuebuntur,
1215 4300 1261 4372 qui
1280 4314 1331 4372 pro
1346 4298 1455 4356 illorum
1480 4297 1590 4354 servitio
1613 4294 1700 4352 damn

145 4385 180 4445 de
189 4387 294 4461 justitia
314 4394 343 4443 et
365 4384 540 4459 simplicitate
554 4385 707 4457 confidunt,
735 4387 849 4444 omnino
871 4386 944 4444 deci·
998 4395 1208 4454 incommodum
1237 4393 1339 4452 habere
1367 4393 1486 4450 uidetur.
1511 4390 1701 4449 Desideramur

145 4481 222 4551 dent,
235 4490 263 4538 et
276 4481 327 4538 lros
346 4482 376 4537 B.
397 4480 471 4536 Petri
483 4479 590 4552 gladius
613 4477 772 4538 devorando
785 4480 942 4538 confundet.
958 4488 984 4553 Ι)
1000 4490 1090 4547 locum
1107 4492 1138 4545 Β.
1152 4487 1229 4545 Pauli
1247 4495 1275 4544 et
1289 4497 1412 4544 vestrum
1434 4487 1471 4542 ita
1490 4485 1578 4554 unire,
1598 4491 1630 4541 ut
1649 4482 1701 4540 sict

146 4575 218 4646 Quid
238 4583 331 4632 autem
354 4574 392 4631 sit
417 4582 511 4654 aetum
535 4572 562 4629 iu
583 4573 809 4647 quadragesimali
827 4575 943 4648 synodo,
998 4599 1031 4641 ex
1059 4583 1141 4656 longo
1165 4590 1291 4654 tempore
1315 4581 1458 4639 Cluniuuus
1476 4578 1632 4652 apostolice
1654 4574 1701 4635 sed

145 4667 201 4725 ⁸5⁹⁰
215 4667 285 4723 5⁰0³
309 4683 392 4740 quam
409 4667 437 4723 5¹¹
450 4682 543 4725 mense
556 4667 706 4724 N⁰l⁰fflbfi
721 4667 846 4738 ffssfmllb
862 4669 944 4725 ’88ῑῆ
998 4678 1104 4734 cialiter
1118 4675 1308 4743 adhaerescet
1328 4673 1441 4748 speciali
1464 4672 1593 4731 Ecclesiae
1615 4668 1698 4742 hujus

146 4759 241 4817 fidel&
270 4760 317 4833 qni
341 4759 537 4831 interfuerunt,
562 4769 590 4817 θῑ
615 4769 719 4819 ”0⁸11ae
743 4761 841 4821 litter&
868 4761 945 4820 V⁰bi⁵
998 4770 1069 4828 torio
1083 4779 1111 4826 et
1133 4769 1325 4828 benedictione
1344 4767 1525 4840 congaudeat.
1540 4768 1701 4822 bloveatvo

145 4853 238 4910 missae
249 4853 366 4911 indicare
379 4861 506 4925 possunt.
525 4854 579 4910 Vos
593 4863 686 4912 autem
700 4856 735 4912 de
753 4856 860 4928 justitia
877 4872 944 4913 eon·
996 4873 1052 4921 tres
1067 4863 1232 4933 charissimi,
1250 4877 1358 4919 summa
1372 4859 1480 4919 dilectio
1495 4858 1605 4927 Christi,
1620 4866 1654 4915 nt
1676 4872 1701 4913 n«

145 4946 274 5016 fidentes,
298 4955 325 5004 et
354 4945 389 5003 de
414 4950 446 5003 B.
472 4947 545 5005 Petri
574 4947 710 5020 adiutorio
735 4959 942 5021 presumentes,
998 4966 1028 5014 ut
1040 4973 1088 5015 vus
1100 4958 1174 5030 ipsus
1188 4956 1317 5029 diligatis,
1332 4962 1360 5011 et
1378 4970 1494 5011 manum
1508 4950 1637 5026 adjutorii
1651 4949 1701 5006 int

144 5039 337 5098 confortamini
354 5040 382 5095 iu
396 5041 517 5096 Domino
531 5047 559 5096 et
569 5039 597 5096 iu
611 5041 732 5115 potentia
750 5043 859 5099 virtutis
872 5043 941 5115 ejus,
997 5058 1163 5124 tempestate
1177 5050 1272 5123 positis
1284 5048 1438 5121 porrigatis,
1456 5046 1524 5104 illud
1536 5056 1645 5117 semper
1658 5058 1701 5117 prr

143 5134 242 5207 quiesi
270 5132 342 5190 fideli
363 5132 446 5190 corde
458 5140 487 5189 et
498 5132 589 5189 stabili
604 5138 663 5191 Deo
676 5133 855 5204 adhaeseritis,
886 5137 942 5193 cito
996 5142 1030 5201 lis
1055 5143 1209 5201 habentes:
1236 5143 1318 5200 Alter
1339 5143 1451 5197 alemus
1467 5157 1550 5198 onec
1561 5141 1686 5210 portule,

143 5227 219 5285 vobis
244 5227 355 5284 victoria
375 5235 403 5283 et
422 5242 475 5300 pax
488 5226 626 5297 arridebit,
649 5227 831 5300 Omnipotens
855 5233 941 5301 Deus,
996 5237 1180 5308 adimplebitis
1195 5236 1276 5305 legem
1288 5235 1472 5307 curistiffiul.
1486 5234 1523 5307 6).
1540 5230 1621 5303 Quod
1632 5238 1701 5289 autu

142 5320 248 5378 mefitis
261 5320 349 5378 ΜΨ
373 5321 614 5377 Mifiaefoelfflffl
629 5321 739 5394 reginae,
764 5325 941 5395 berautloti-
995 5346 1049 5387 nus
1059 5330 1228 5402 scripsimus,
1239 5328 1339 5385 horum
1355 5328 1480 5400 portitori
1491 5324 1606 5384 dicenda
1621 5322 1701 5398 reliqu

142 5423 227 5473 tatem
245 5416 279 5473 tt.
292 5413 365 5471 Petri
381 5414 570 5488 apostolorum
585 5415 713 5487 principis
722 5415 790 5472 mihi
803 5418 879 5475 valde
901 5419 942 5475 iu·
996 5423 1180 5495 omnipotens
1193 5426 1279 5492 Deus,
1294 5439 1310 5479 a
1330 5439 1386 5494 quu
1413 5431 1512 5479 cuncta
1534 5421 1605 5477 bona
1630 5432 1701 5492 proc

141 5507 224 5582 digno
247 5508 435 5578 commissam,
463 5517 491 5565 tc
521 5517 639 5580 tuosque
663 5524 759 5567 omnes
781 5512 872 5569 socios
895 5514 940 5585 qui
996 5517 1101 5575 meritis
1120 5526 1147 5573 et
1173 5517 1369 5574 intercessione
1392 5517 1443 5572 Dei
1467 5514 1604 5589 genitricis
1632 5519 1702 5571 etr

138 5601 274 5675 iustitiam
302 5603 401 5661 amatis
424 5609 452 5659 et
478 5601 550 5659 beati
573 5602 644 5660 Petri
665 5603 759 5662 sedem
781 5605 901 5680 diligitis,
924 5623 940 5663 a
996 5628 1044 5685 per
1060 5611 1251 5669 auctoritatem
1267 5611 1352 5668 beatis
1365 5614 1450 5668 Petro
1461 5617 1489 5668 et
1503 5607 1587 5666 Panlo
1602 5614 1701 5682 aposto

140 5696 370 5773 cunctispeecatis
381 5696 517 5766 absolvat,
536 5696 610 5755 etad
629 5698 711 5755 vitam
726 5707 861 5759 aeternam
881 5717 941 5775 per·
995 5705 1160 5779 principibus
1172 5721 1333 5763 concessam
1346 5719 1395 5760 vus
1413 5703 1552 5778 respiciat,
1566 5714 1701 5775 vosque·

140 5788 233 5851 ducat.
995 5798 1109 5859 innovet
1119 5807 1148 5858 et
1159 5799 1305 5869 custodiat,
1319 5797 1451 5872 vobisque
1473 5795 1548 5885 quod
1556 5795 1593 5855 sit
1605 5808 1701 5856 nom
