3870 6164
138 286 186 371 89ι
247 292 254 323 i

752 277 780 333 S.
800 276 993 335 eustosius
1011 277 1056 333 Vll
1077 276 1175 332 ΡΑΡΑ.
1755 275 1792 328 di)

137 405 262 478 captione
275 411 304 461 et
316 401 460 475 sanguine,
472 399 600 456 Ecclesiae
607 399 749 456 statumin
759 398 860 457 melius
872 415 935 471 pro·
950 407 977 471 Α
991 415 1095 473 pusque
1110 400 1283 456 Dominicum
1298 407 1356 456 tem
1370 400 1427 472 ipse
1444 415 1529 473 quam
1546 401 1642 458 clerus
1660 399 1721 470 eius
1741 415 1792 455 su·

137 500 225 566 vesit3
241 506 268 555 et
283 497 369 553 fllium
385 493 538 567 iniquitatis
552 508 607 549 nou
624 494 714 550 solum
729 507 813 565 puero
827 508 938 550 suono·

138 589 361 666 oereprohibuit,
373 587 516 645 sedetiam
531 586 646 659 propriis
661 587 744 643 rebus
765 586 889 657 privavit.

173 692 218 743 tr.
237 683 367 755 Prolapso
390 681 480 753 itaque
501 679 557 736 fere
582 694 667 742 anno,
696 677 813 734 ministri
836 676 938 735 diaboli

136 756 245 851 templis
257 775 376 834 advenit.
391 776 473 841 Nem,
496 773 614 828 instante
629 770 773 828 festivitate
786 771 938 828 Dominicae

137 870 301 937 Nativitavir,
316 866 522 939 conspiratores
542 879 617 934 suos,
641 879 705 921 oum
730 862 830 936 quibus
845 863 939 938 conju-

137 973 256 1032 raverat,
264 960 369 1020 hortari
383 959 466 1031 coepit
480 965 511 1015 ut
524 956 681 1014 adtentum
694 957 828 1028 flagitium
841 965 936 1014 mente

138 1057 257 1130 prompti
271 1059 481 1120 concurrerent,
504 1050 685 1123 animumque
704 1058 849 1123 aptarent,
876 1065 937 1123 pro·

139 1151 250 1208 mittens
259 1149 298 1204 eis
307 1145 467 1214 ineffabilia,
483 1144 635 1219 libertatem
651 1143 786 1214 futuram,
800 1152 937 1215 questum

51 1230 54 1234 ’
137 1245 196 1301 sine
208 1256 345 1308 mensura,
360 1239 482 1296 imitator
498 1236 646 1311 peremnia
659 1235 754 1294 fratris
766 1245 795 1293 et
813 1237 935 1309 magistri

137 1337 179 1392 sui
194 1333 313 1402 diaboli,
327 1333 375 1404 qui
389 1332 476 1389 solius
497 1339 586 1388 morte
602 1330 715 1387 Domini
729 1329 866 1387 mundum
884 1328 935 1386 sibi

135 1437 226 1484 totum
258 1425 454 1499 possidendum
481 1423 669 1498 promittebat.
694 1424 759 1492 Sed,
780 1423 851 1480 sieut
871 1423 937 1480 scri·

994 501 1131 566 sceperat3
1152 492 1248 565 reliqui
1269 508 1333 549 vere
1362 494 1409 566 qui
1438 493 1564 562 aderant,
1581 491 1677 549 eadem
1700 491 1793 549 adhuc

994 589 1171 645 Sacramenta
1193 586 1392 659 percipiebant3
1411 603 1477 643 cum
1500 602 1616 659 magnus
1629 585 1722 642 subito
1736 587 1792 642 cla·

993 696 1067 751 mor,
1080 696 1198 752 magnus
1211 689 1240 736 et
1261 680 1383 736 ululatus
1403 696 1438 736 ex
1453 679 1601 753 improviso
1621 679 1749 747 intonuit,
1765 687 1794 736 et

994 773 1235 845 ecclesiamipsam
1257 772 1390 844 implevit.
1406 775 1486 830 Tunc
1500 770 1622 845 undique
1644 774 1793 830 lustrantes

993 866 1149 934 ecclesiam,
1167 865 1317 939 evaginatis
1335 865 1512 922 mucronibus
1527 866 1710 938 percutientes
1722 881 1793 938 quos

992 968 1129 1032 poterant,
1144 958 1180 1015 ad
1199 959 1290 1016 locum
1305 959 1445 1031 Praesepii,
1458 975 1512 1031 quo
1530 961 1603 1032 Papa
1619 959 1792 1017 eximiusre·

992 1053 1107 1122 sidebat,
1129 1058 1317 1108 convenerunt
1331 1069 1338 1104 :
1353 1053 1543 1125 percussisque
1556 1051 1656 1108 ibidem
1669 1051 1794 1124 aliquan·

991 1146 1039 1214 tis,
1053 1145 1196 1218 ruptisque
1210 1145 1316 1202 ostiolis
1335 1145 1399 1214 illis,
1425 1147 1556 1218 angulum
1575 1145 1688 1202 brevem
1714 1147 1792 1203 Prae-

991 1239 1059 1312 sepii
1072 1239 1168 1296 aterni
1188 1239 1272 1310 Regis
1290 1246 1317 1295 et
1343 1239 1443 1296 Matris
1475 1239 1638 1297 truculentis
1666 1240 1793 1295 manibus

992 1333 1171 1389 intraverunt.
1186 1335 1264 1388 Tunc
1282 1331 1433 1404 injecerunt
1453 1331 1482 1387 in
1497 1348 1561 1388 eum
1576 1348 1684 1398 manus,
1708 1341 1737 1388 et
1751 1340 1792 1388 te·

992 1433 1121 1482 nueruut.
1144 1426 1270 1496 Quorum
1298 1440 1372 1481 unus
1397 1423 1497 1481 educto
1514 1424 1605 1498 gladio
1632 1425 1792 1497 caputque

137 1529 216 1595 ptum
230 1528 282 1589 eat,
297 1520 365 1577 dum
380 1519 464 1590 capit,
479 1518 605 1591 capitur;
615 1517 683 1574 dum
697 1517 815 1589 praedari
831 1517 937 1589 incipit,
991 1518 1152 1575 abscindere
1175 1517 1272 1586 voluit,
1295 1516 1344 1574 sed
1362 1527 1453 1573 umen
1475 1518 1597 1574 Domino
1612 1518 1720 1575 volente
1733 1533 1792 1575 non

137 1613 228 1686 praeda
243 1614 290 1681 lit3
306 1621 333 1669 et
357 1611 426 1668 dum
441 1611 530 1668 ambit
546 1611 636 1668 illicita
651 1624 713 1682 quae
733 1609 859 1667 nondum
872 1625 936 1682 pos·
991 1611 1093 1684 potuit.
1120 1614 1285 1668 Percussum
1308 1618 1400 1667 tamen
1433 1611 1462 1666 in
1488 1610 1591 1695 frontq,
1621 1611 1792 1684 graviterque

131 1705 258 1775 sederat,
270 1703 391 1778 perdidit
403 1704 538 1777 acquisita
552 1717 616 1777 quar
631 1703 776 1760 retinebat.
794 1703 838 1759 Sic
852 1702 936 1759 etiam
990 1705 1175 1772 vulneratum,
1188 1704 1223 1761 de
1239 1705 1321 1761 Missa
1346 1704 1474 1762 nondum
1493 1703 1570 1762 finita
1585 1705 1710 1762 violentis
1734 1720 1792 1761 ma-

137 1801 200 1868 iste,
215 1799 342 1855 minister
358 1798 452 1870 utique
465 1797 549 1868 illius,
570 1797 592 1854 ei
616 1795 698 1853 corde
713 1794 937 1868 deprehendisset
949 1762 974 1825 B
988 1799 1069 1858 nibus
1088 1798 1288 1867 abstraxerunt,
1306 1798 1445 1855 cedentes
1467 1806 1495 1855 et
1518 1798 1712 1871 percutientes.
1741 1798 1791 1855 llle

135 1908 165 1950 se
178 1893 261 1949 tantis
281 1893 365 1950 rebus
376 1890 580 1964 expoliandum,
591 1888 711 1947 fortasse
723 1905 838 1962 quoquo
856 1897 937 1961 pacto
991 1908 1068 1963 vero,
1092 1900 1125 1949 ut
1138 1907 1225 1964 agnus
1240 1892 1371 1948 innocens
1392 1901 1419 1948 et
1439 1900 1609 1959 mansuetus,
1630 1891 1665 1948 ad
1688 1891 1790 1948 ooelum

136 2002 153 2043 a
176 1986 245 2042 tanti
266 1986 379 2042 sceleris
397 1984 608 2056 perpetratione,
618 1998 831 2039 amoresuarum
844 1997 937 2039 rerum
991 1985 1086 2042 oculos
1104 1985 1230 2058 erigens,
1246 1984 1351 2041 nullum
1376 1985 1415 2041 eis
1435 1984 1514 2041 dedit
1535 2000 1709 2058 responsum,
1733 2000 1791 2041 non

137 2080 226 2152 magis
240 2094 324 2152 quam
350 2078 412 2145 Dei,
428 2093 545 2133 manum
559 2076 720 2132 retraheret.
737 2074 792 2133 Sed
807 2075 937 2147 quoniam
991 2078 1161 2147 reclamavit,
1176 2094 1233 2135 non
1247 2078 1397 2136 reluctatus
1409 2086 1461 2147 est,
1477 2094 1566 2150 neque
1582 2087 1613 2135 ut
1626 2078 1676 2135 sibi
1691 2078 1720 2134 in
1740 2079 1791 2134 ali-

138 2172 286 2230 obcaecavit
299 2186 364 2227 eum
376 2170 483 2227 malitia
504 2185 565 2238 sua,
590 2185 645 2242 qua
661 2168 854 2248 suffarcinatus
866 2169 937 2226 ince-
990 2187 1045 2245 quo
1060 2175 1224 2228 miserentur
1237 2171 1350 2244 rogavit.
1375 2171 1507 2240 Tandem,
1528 2179 1643 2228 exutum
1662 2171 1747 2229 Pallio
1762 2179 1791 2229 et

136 2265 231 2334 debat,
246 2281 305 2322 rem
320 2266 355 2321 ad
372 2262 505 2320 effectum
517 2261 667 2336 perducere
683 2272 796 2319 conatus
808 2271 866 2331 est;
882 2278 937 2319 non
990 2266 1088 2322 &sula
1102 2279 1152 2322 seu
1165 2264 1320 2321 Dalmatica
1330 2272 1359 2320 et
1371 2265 1475 2321 Tunica
1494 2280 1559 2321 cum
1572 2265 1704 2333 (lamisio,
1720 2264 1789 2321 reli-

138 2359 319 2428 timens,imo
334 2366 504 2430 postponens
519 2356 620 2414 animae
635 2371 693 2414 sure
708 2356 880 2429 periculum
901 2355 938 2412 al·
991 2358 1043 2414 etis
1059 2358 1084 2414 ei
1098 2365 1205 2414 tantum
1231 2358 1334 2414 amictu
1355 2365 1383 2414 et
1395 2357 1476 2424 stole,
1492 2366 1524 2415 ut
1546 2357 1638 2415 furem
1658 2367 1788 2428 tractum,

138 2462 182 2511 ter
194 2451 289 2520 Judas,
306 2466 404 2507 manus
426 2450 454 2507 in
474 2450 627 2507 Domimm
649 2465 731 2506 suum
749 2458 779 2505 et
794 2448 937 2506 Christum
991 2459 1054 2524 post
1063 2450 1178 2508 dorsum
1191 2450 1333 2524 eujusdam
1344 2451 1467 2524 murilegi
1475 2459 1634 2523 posuerunt.
1645 2452 1694 2509 llle
1709 2467 1789 2522 vero,

138 2638 184 2696 die
208 2639 244 2697 ad
259 2636 446 2712 peragendum
462 2637 627 2710 Vigiliarum
648 2636 781 2709 obsequia
800 2634 938 2707 Pontifex,
991 2648 1054 2695 ante
1065 2637 1188 2712 ejusdem
1211 2638 1332 2696 ecclesiae
1343 2638 1446 2694 atrium
1457 2637 1504 2695 diu
1519 2638 1656 2696 volutatus
1672 2648 1714 2697 est
1726 2656 1790 2707 epu·

137 2741 170 2789 ut
183 2748 244 2789 moe
258 2741 309 2800 est,
323 2732 358 2789 ad
372 2730 516 2803 Pullariae
531 2731 685 2798 eeclesiam,
700 2746 772 2803 quae,
795 2729 832 2786 ob
846 2737 935 2785 tauta·
991 2747 1081 2800 mans,
1095 2747 1237 2804 equusque
1261 2731 1320 2804 eius
1342 2730 1449 2804 fugiens
1477 2746 1652 2804 nequaquam
1674 2733 1790 2790 ulterius

136 2842 201 2883 rum
215 2826 393 2883 devotionum
418 2824 526 2895 merita,
557 2824 648 2896 Major
673 2832 770 2880 vocata
794 2831 846 2892 est,
870 2838 936 2879 cum
990 2825 1177 2882 iuventusest.
1375 2812 1378 2818 ’

137 2934 220 2993 parvo
234 2919 401 2976 Clerioorum
416 2925 444 2974 et
462 2917 608 2973 laicorum
629 2930 746 2973 numero
770 2915 934 2988 properarit.
1026 2924 1072 2974 ta.
1084 2917 1165 2976 Tanti
1189 2916 1265 2974 fama
1290 2918 1353 2974 mali
1366 2925 1455 2974 totam
1469 2918 1526 2974 cito
1540 2918 1656 2990 perculit
1669 2919 1787 2976 Urbem.

137 3014 207 3070 Nam
222 3026 283 3068 mos
296 3011 384 3068 Urbis
398 3009 489 3066 fuerat
504 3023 623 3080 semper,
640 3008 667 3063 iu
682 3016 765 3065 tantae
775 3007 935 3065 solemnita-
990 3010 1058 3080 Quis
1070 3025 1195 3082 unquam
1207 3018 1283 3066 tanta
1297 3009 1425 3067 flentium
1437 3018 1566 3083 tantaque
1580 3009 1708 3069 funebria
1720 3029 1787 3068 nar-

136 3105 172 3161 tis
183 3104 354 3170 excellentia,
367 3116 466 3158 omnes
478 3101 512 3157 ad
523 3099 650 3156 eamdem
660 3101 804 3157 ecelesiam
816 3100 935 3157 conflue
954 3118 1050 3197 crare
1066 3102 1186 3159 lamenta
1202 3103 1317 3175 poterit?
1332 3102 1409 3159 Sicut
1423 3104 1496 3160 enim
1517 3104 1551 3161 de
1566 3103 1678 3160 Domini
1693 3106 1782 3160 nostri

136 3213 178 3264 re,
190 3204 330 3267 totamque
350 3201 462 3250 noctem
483 3192 561 3248 illam
576 3191 689 3264 hymnis
703 3200 731 3248 et
753 3190 880 3249 laudibus
901 3193 939 3249 in·
989 3196 1138 3252 Nativitate
1152 3197 1228 3253 Urbs
1241 3196 1338 3252 ceteris
1355 3195 1508 3253 civitatibus
1535 3197 1617 3254 altius
1636 3207 1785 3271 congratu-

138 3297 229 3345 tentos
244 3287 404 3360 pervigilem
417 3284 528 3343 ducere.
545 3287 609 3354 Sed,
628 3285 751 3342 Domino
761 3285 936 3358 disponente,
991 3287 1041 3345 leri
1053 3288 1133 3345 solitu
1145 3286 1250 3358 fuerat,
1262 3288 1303 3344 sio
1315 3289 1399 3346 modo
1410 3298 1563 3359 commota,
1586 3291 1726 3347 tristitiam
1735 3291 1787 3347 sibi

137 3383 172 3439 ad
188 3381 341 3438 evitandam
356 3389 463 3437 tautam
487 3378 630 3436 ecclesiam
648 3380 716 3436 tanti
738 3379 858 3436 Pastoris
872 3395 936 3436 san·
991 3398 1047 3438 non
1062 3381 1200 3438 modicam
1207 3382 1349 3439 advenisse
1358 3382 1553 3454 proclamabat.
1568 3384 1789 3456 Expavitpariter

118 3476 219 3550 ‘guine
232 3474 371 3548 perfundi,
389 3482 419 3532 ut
437 3473 556 3531 ministri
571 3472 674 3531 diaboli
689 3473 810 3541 animus,
829 3472 938 3531 inhians
990 3475 1044 3532 hoc
1069 3475 1171 3533 factum
1196 3476 1297 3533 ooelum
1312 3485 1341 3533 et
1358 3485 1440 3543 terra,
1462 3476 1538 3533 etad
1560 3485 1668 3533 tantum
1683 3477 1787 3535 facinus

136 3570 178 3626 aui
200 3568 234 3626 ad
249 3568 474 3637 destructionem,
500 3581 562 3638 quae
585 3567 658 3622 male
672 3565 936 3638 volueratperflcero
990 3568 1186 3627 vindicandum
1217 3569 1300 3626 corda
1324 3579 1514 3642 preparantur
1546 3570 1681 3626 omnium.
1707 3574 1787 3628 Tunc

137 3663 233 3736 possit,
249 3661 447 3734 populustnnc
467 3660 615 3715 convenire
638 3657 794 3731 prohibitus
812 3667 860 3714 est.
875 3659 936 3716 Diei
990 3662 1135 3735 impletum
1158 3662 1297 3734 estquod
1326 3661 1433 3719 dictum
1461 3671 1503 3720 est
1527 3678 1573 3735 per
1597 3662 1783 3736 Prophetam:

136 3769 256 3826 namque
284 3754 345 3826 ipso
373 3752 535 3826 Vigiliarum
560 3760 666 3808 tantam
691 3752 779 3808 retlrer
803 3767 936 3824 aquarum
991 3777 1004 3804 a
1026 3755 1090 3811 Dies
1102 3752 1165 3810 festi
1179 3755 1260 3810 vestri
1274 3763 1467 3812 convertentur
1476 3756 1505 3813 in
1522 3756 1748 3813 lamentationem
1759 3765 1787 3814 et

136 3847 343 3904 inundationem
359 3842 530 3917 profuderat,
544 3853 575 3901 ut
597 3847 688 3916 ipsum
704 3844 784 3918 primi
805 3846 937 3917 temporis
988 3849 1105 3916 luctum,
1120 3856 1148 3903 ct
1163 3847 1460 3920 gaudiumvestrumiu
1473 3849 1612 3922 planctum
1624 3851 1785 3920 ·(Tob.1r.)

136 3939 283 3999 imminere
297 3937 430 3996 diluvium
450 3939 582 3996 omnibus
603 3937 751 3995 videretur.
778 3938 830 3995 Vir
863 3938 936 3994 enim
989 3943 1025 3999 Et
1038 3941 1105 3997 illud
1120 3960 1149 3998 :a
1163 3941 1280 3998 Plorans
1293 3942 1407 4013 ploravit
1419 3942 1447 3999 in
1457 3952 1546 4012 nocte,
1556 3953 1583 4000 et
1592 3944 1720 4017 lacrynvae
1727 3944 1786 4017 ejus

137 4033 237 4105 aliquis
258 4032 359 4090 domus
373 4046 430 4089 suar
451 4031 535 4088 limen
567 4032 700 4104 linquere,
729 4031 863 4104 vicinique
886 4030 936 4087 sibi
988 4036 1015 4090 in
1041 4033 1154 4091 maxillis
1181 4035 1240 4107 ejus
1265 4052 1272 4091 :
1294 4051 1351 4091 non
1370 4037 1470 4109 estqui
1488 4039 1647 4093 consoletur
1668 4054 1728 4094 eam
1751 4053 1784 4094 ex

131 4127 220 4200 juncti
234 4142 340 4195 casam,
353 4126 375 4182 si
387 4125 537 4183 necessitas
552 4125 643 4198 aliqua
658 4127 795 4198 exigeret,
812 4125 934 4193 intrare,
957 4199 959 4209 Ι
988 4128 1115 4185 omnibus
1134 4128 1205 4184 caris
1220 4127 1278 4200 eius
1293 4151 1304 4176 ι
1322 4130 1431 4195 (Three.
1449 4135 1480 4197 1.)
1495 4133 1574 4187 Tunc
1588 4140 1682 4203 sancta
1696 4132 1786 4188 Eccle

136 4236 171 4277 ne
185 4220 253 4278 dum
276 4219 422 4276 ecclesiam
440 4229 499 4276 tam
521 4219 602 4292 longe
625 4221 707 4276 sitam
727 4227 868 4291 penetrare
888 4235 934 4274 va·
988 4221 1029 4276 sia
1044 4220 1093 4276 Dei
1114 4220 1220 4277 dicebat
1236 4241 1242 4276 :
1258 4221 1350 4292 «Quis
1370 4220 1446 4279 dabit
1459 4224 1539 4296 captu
1552 4240 1615 4279 meo
1631 4239 1744 4296 aquam,
1758 4234 1785 4281 et

135 4315 218 4371 lebat.
235 4312 425 4387 loquebantur
438 4313 513 4369 enim
532 4311 740 4386 quodammodo
764 4312 858 4369 mundi
879 4312 933 4368 ele·
988 4313 1075 4370 oculis
1089 4314 1157 4369 meis
1183 4313 1288 4370 fontem
1301 4317 1497 4390 lacrymarum,
1511 4326 1540 4373 et
1554 4317 1670 4389 plorabo
1689 4318 1733 4374 die
1751 4334 1785 4374 ac

136 4417 230 4477 menta
242 4406 367 4465 futurum
390 4406 490 4474 scelus,
506 4415 534 4463 et
553 4405 709 4464 inauditum
723 4403 934 4478 lacinuspraesa-
988 4411 1089 4464 nocte?
1105 4430 1119 4456 ι
1135 4409 1223 4473 (Hier.
1240 4413 1297 4476 rx.)
1312 4410 1346 4466 Et
1359 4409 1426 4466 illud
1440 4429 1448 4465 ι
1461 4409 1575 4477 Audite,
1586 4411 1713 4479 obsecro,
1725 4412 1786 4466 uni·

136 4503 258 4573 giebant.
948 4515 974 4578 ρ)
989 4500 1060 4556 versi
1074 4500 1175 4573 populi,
1185 4510 1213 4557 et
1225 4501 1312 4558 videte
1326 4502 1452 4560 dolorem
1462 4519 1566 4559 meum.
1586 4506 1675 4571 Tunc,
1693 4505 1785 4560 onruis

170 4601 213 4651 tl.
227 4594 281 4652 Sed
295 4595 360 4667 quid
379 4595 477 4667 plura?
492 4593 579 4652 Adest
603 4610 671 4658 nox,
686 4594 713 4650 in
736 4610 791 4666 que
806 4593 932 4650 tenebra·
988 4594 1104 4650 meritus
1128 4595 1245 4666 sumpsit
1269 4596 1436 4665 lamentum3
1465 4605 1493 4653 et
1517 4612 1577 4668 quar
1605 4596 1736 4652 sedebant
1755 4598 1784 4653 in

134 4705 197 4746 rum
212 4689 285 4745 lilius
295 4688 364 4746 lucie
374 4688 533 4763 aggreditur
547 4688 718 4745 ministrum.
734 4687 827 4744 Missis
842 4687 935 4760 itaque
988 4695 1050 4744 toro
1069 4688 1194 4752 maritali,
1223 4689 1362 4761 lugebant.
1379 4689 1479 4747 Omnis
1492 4690 1583 4762 itaque
1598 4690 1707 4758 Clarus,
1732 4694 1784 4746 Pa·

70 4846 72 4851 s
135 4782 353 4855 exploratoribus
364 4784 398 4839 ad
421 4783 487 4838 alios
502 4782 683 4854 exquisitores
694 4789 828 4837 venerunt
843 4801 849 4837 :
867 4795 933 4836 nam
985 4789 1060 4838 storo
1074 4796 1215 4853 percusso,
1229 4781 1284 4838 huc
1294 4783 1411 4854 illucque
1434 4781 1620 4852 discurrebat,
1638 4792 1667 4839 et
1686 4793 1785 4839 cuncta

135 4876 281 4947 quemdam
300 4876 473 4941 sociotatem,
489 4874 708 4948 juxtaeanrdem
727 4874 879 4941 ecclesiam,
895 4889 932 4929 ex
988 4889 1057 4947 pene
1082 4875 1177 4931 altaria
1206 4883 1336 4931 exeuntes
1361 4874 1547 4932 denudabant.
1575 4877 1646 4934 Nihil
1673 4877 1784 4944 alicubi,

135 4971 142 5026 i
147 4971 223 5042 psius
230 4970 279 5026 vici
295 4968 492 5026 habitatoribus
501 4968 553 5026 sibi
567 4969 720 5025 asciverant
737 4977 797 5034 zet,
807 4971 935 5024 notantes
988 4977 1089 5040 praetcr
1101 4966 1175 5040 quod
1187 4976 1250 5025 ante
1271 4968 1374 5025 dictum
1394 4967 1501 5038 fueret,
1527 4971 1554 5026 in
1567 4970 1689 5028 ecclesiis
1702 4970 1785 5026 divini

75 5106 79 5112 .
135 5063 237 5130 omnia,
260 5061 296 5118 ad
324 5061 452 5118 notitiam
475 5061 582 5119 scelesti
609 5061 681 5117 illius
712 5061 846 5117 miserant
871 5073 934 5133 quar
987 5059 1076 5118 Officii
1089 5061 1135 5118 iilo
1148 5060 1301 5119 disiectum
1315 5060 1376 5119 fuit.
1391 5063 1535 5120 Elementa
1550 5071 1653 5132 tanven,
1669 5065 1704 5121 ad
1718 5073 1788 5121 tem·

135 5155 248 5213 scrutati
273 5155 391 5212 fuerant.
410 5158 490 5212 Tune
514 5155 559 5212 ille
580 5155 715 5229 legionem
730 5169 820 5222 suam,
840 5152 935 5211 loricis
988 5171 1039 5228 pus
1063 5170 1149 5227 usque
1165 5154 1231 5211 illud
1246 5156 1366 5221 turbata,
1381 5171 1417 5212 ne
1430 5157 1563 5229 populum
1577 5157 1713 5213 zelantem
1726 5161 1786 5214 Do-

136 5249 274 5318 indutaru,
298 5264 362 5305 cum
389 5246 565 5306 festinatione
579 5247 723 5316 conduxit3
750 5264 856 5320 ponens
882 5247 933 5318 ita,
988 5248 1055 5305 mini
1081 5249 1170 5305 zelum
1201 5248 1384 5321 praepedirent
1419 5258 1516 5322 pacata
1546 5249 1784 5310 monstrabantur.

134 5350 164 5398 ut
189 5351 253 5415 post
269 5350 408 5415 peractam
427 5343 483 5400 sive
505 5341 540 5398 de
555 5357 623 5399 nece
649 5341 805 5411 victoriam,
825 5357 876 5398 sau
897 5339 933 5398 de
987 5345 1073 5400 Terra
1086 5356 1150 5397 vero
1174 5356 1275 5413 aquam
1301 5356 1371 5414 pene
1382 5352 1522 5411 cunctam,
1537 5356 1621 5415 quam
1640 5341 1727 5400 nimia
1744 5344 1787 5400 in·

135 5436 196 5492 vivo
222 5442 332 5509 portato
346 5434 530 5507 triumphum,
545 5450 751 5508 quemcumque
765 5433 935 5508 equumquis
986 5435 1133 5492 undatione
1146 5434 1323 5504 sustinuerat,
1339 5435 1501 5504 absorbens,
1521 5435 1622 5491 iterum
1649 5435 1787 5508 quodam-

135 5528 236 5586 habere
262 5536 365 5602 posset,
387 5527 573 5585 ascenderet:
597 5545 631 5585 ne
659 5529 720 5601 quis
745 5537 841 5586 eontra
861 5528 936 5601 ipsos
988 5528 1071 5585 modo
1085 5528 1189 5585 siccum
1200 5527 1236 5584 ad
1250 5529 1304 5586 hoe
1313 5530 1442 5587 omnibus
1457 5527 1643 5587 ulciscendum
1657 5530 1784 5587 ostendit.

135 5621 313 5679 meditaretur
327 5622 475 5694 insurgere.
486 5623 607 5680 Ventum
621 5623 733 5680 tandem
745 5624 779 5679 ad
792 5621 936 5680 eeclesiam
990 5625 1060 5679 Tota
1073 5620 1166 5694 itaque
1187 5631 1267 5678 nocte
1282 5623 1367 5697 signis
1380 5623 1507 5695 tubisque
1519 5624 1692 5692 sonantibus,
1711 5624 1787 5680 mili-

135 5723 177 5773 est
194 5737 201 5774 ι
217 5720 289 5791 Ρερε
303 5731 368 5774 vero
377 5716 514 5790 gloriosus
528 5717 557 5775 in
575 5717 692 5789 Praesepi
706 5715 811 5789 positus
821 5714 934 5772 Missam
990 5714 1118 5787 tibusque
1131 5730 1230 5773 omnes
1244 5717 1337 5774 aditus
1351 5715 1542 5784 lustrantibus,
1557 5732 1593 5774 ne
1615 5717 1706 5790 aliquo
1720 5734 1786 5790 por-

134 5811 223 5868 noctis
234 5812 362 5883 primam,
375 5810 446 5868 sicut
460 5810 541 5868 docet
556 5810 666 5884 religio,
686 5808 863 5875 decantabatr
878 5823 936 5866 eor·
989 5816 1093 5868 teretur
1104 5818 1182 5868 extra
1196 5812 1304 5870 Urbem
1318 5808 1437 5883 ingenio,
1452 5810 1559 5871 nullum
1571 5827 1688 5884 usquam
1699 5812 1783 5868 vesti·
