3884 6158
140 270 194 324 tae
624 264 887 322 PROLEGOliliNa.
907 295 941 308 -
959 266 1096 323 ΝΟΤΠΙΑ
1116 267 1158 321 Ei
1177 266 1309 323 concii..
1741 280 1791 334 tna

139 389 322 464 epistolarum
343 388 471 463 Gregorii
496 389 642 459 collocato,
672 398 862 447 recensentur.
895 389 938 447 Oh
951 395 979 460 Α
993 392 1106 458 tatihm,
1124 391 1197 465 jura,
1211 391 1348 449 tributum
1372 400 1401 449 et
1422 408 1535 451 emaum
1555 395 1614 453 redi
1636 400 1792 469 apostolicae

140 499 265 541 amorem
282 483 426 540 etcultum
445 497 509 554 arga
520 498 602 539 auum
621 482 810 552 educatorem,
824 484 941 557 gratitu-
995 485 1054 541 dari
1068 485 1148 541 solita
1160 485 1291 558 exigeret.
1319 487 1444 558 Cumque
1460 488 1575 545 liichaal
1599 491 1792 549 Constantino·

140 577 211 634 dinis
222 592 301 649 ergo,
316 576 403 632 voluit
416 576 555 633 nominari
579 577 750 648 Gregorium
773 584 802 634 et
822 576 858 633 ad
872 593 940 633 con·
995 578 1133 650 politanus
1151 579 1301 650 imperator
1318 596 1365 650 per
1382 580 1483 637 litteras
1501 582 1633 655 Gregorio
1649 583 1686 640 de
1700 600 1793 642 snsce-

140 670 308 728 lirmandam
322 669 395 725 illius
410 668 561 741 lcg'timrm
578 669 683 734 sedem,
698 678 780 742 atque
799 668 835 727 ad
847 670 940 727 vedar-
995 680 1042 743 pto
1061 670 1224 743 pontificatu
1238 672 1391 744 gratulatus
1407 681 1490 741 esset,
1501 689 1533 730 ea
1546 677 1690 734 occasione
1699 688 1791 751 capta·

141 763 279 837 guendarn
289 762 483 819 nonnullomm
491 763 657 818 seutentiam
669 761 703 819 de
710 762 805 835 spurio
818 762 941 834 ejusdem
994 773 1021 820 ta
1032 764 1211 821 Dominioum
1225 764 1408 836 patriarcham
1423 768 1560 824 venatum
1574 784 1657 825 causa
1680 786 1792 844 compo-

142 856 313 930 pontificatu,
329 863 454 927 utsupra
469 855 526 912 diri
542 854 569 911 in
587 856 724 928 Gregorio
745 864 832 925 sexto,
853 856 942 913 voluit
995 857 1077 914 uendi
1089 856 1247 914 schismatis
1266 856 1302 914 ad
1315 873 1379 914 eum
1396 858 1542 932 ablegavit.
1563 864 1696 933 Quartam
1715 866 1785 937 lega·

143 949 199 1007 dici
210 949 362 1022 septimun
377 956 408 1005 ut
427 947 533 1005 scilicet
554 957 664 1005 sertum
677 948 874 1008 intermedium
898 963 941 1005 ve·
995 951 1101 1009 tionem
1116 951 1194 1007 misit
1220 950 1256 1009 ed
1269 951 1452 1009 wratislaum
1466 952 1567 1010 ducem
1589 955 1739 1026 Bohemiae,
1761 965 1793 1014 ut

143 1059 207 1100 rum
223 1052 251 1099 et
262 1041 419 1115 legitimum
434 1039 676 1114 sedisapostolicae
699 1050 842 1114 perierem
855 1042 942 1100 luisse
994 1059 1110 1103 censum
1122 1043 1238 1101 solveret
1250 1060 1300 1117 pro
1311 1043 1413 1102 ducatu
1424 1045 1574 1115 ilohemite,
1585 1056 1626 1116 ut,
1641 1060 1792 1121 postumum

147 1134 293 1193 indicaret.
309 1138 393 1193 Hunc
401 1133 566 1193 erhertm
576 1133 849 1209 schaffnaburgensis
858 1135 942 1193 nomi
994 1137 1086 1194 mitras
1106 1138 1281 1195 concessione
1304 1136 1452 1194 Alexandri
1479 1154 1557 1211 papae
1583 1149 1792 1214 acceptumst

143 1238 190 1286 net
208 1229 302 1286 airum
313 1228 399 1286 sacris
416 1229 515 1285 litteris
531 1229 764 1298 eruditissimum,
787 1237 816 1286 et
835 1229 864 1286 in
883 1237 941 1287 tota
994 1229 1133 1287 facturum
1158 1239 1223 1288 voto
1234 1239 1392 1302 nuncupato
1416 1234 1478 1288 Deo
1517 1232 1654 1303 pollicitus
1690 1233 1791 1295 tuerae
1846 1252 1848 1257 ·

143 1322 268 1380 Ecclesia
277 1330 403 1394 tempore
423 1337 535 1395 quoqne
557 1323 682 1395 priorum
705 1322 869 1393 pontiacum
890 1323 943 1379 vir·
994 1324 1157 1382 anselmum
1179 1325 1337 1396 episcopum
1370 1326 1487 1381 eiectum
1515 1334 1611 1382 mouet
1632 1341 1667 1383 ue
1687 1343 1703 1383 a
1726 1344 1792 1401 rege

142 1425 235 1474 tutum
254 1431 357 1489 genere
375 1416 596 1474 oeleherrimum.
617 1415 759 1473 ilerienur
781 1418 881 1473 scotus
900 1417 941 1474 hir
995 1417 1117 1474 ilenrico
1139 1418 1331 1475 investituram
1344 1418 1469 1490 recipiet,
1491 1425 1642 1492 antequam
1665 1434 1714 1477 rex
1735 1424 1792 1479 ilo·

140 1510 237 1567 diebus
259 1510 288 1566 in
311 1510 461 1567 Germania
474 1501 604 1567 'maneus
622 1509 752 1567 eumdem
775 1509 942 1583 Gregorium
995 1496 1086 1570 manae
1100 1512 1231 1570 Ecclesiae
1243 1513 1279 1569 do
1299 1512 1498 1569 commuuione
1515 1528 1581 1568 eum
1600 1516 1794 1572 excommuni-

140 1603 325 1660 renerahilem
345 1601 485 1674 praedicat,
512 1612 596 1675 atque
618 1604 654 1660 ab
667 1619 702 1660 eo
717 1611 818 1660 statuta
832 1602 941 1661 decreta
997 1606 1065 1663 catis
1082 1605 1174 1663 hahita
1200 1605 1371 1663 eanelecerit.
1391 1607 1511 1662 Saxam
1533 1607 1563 1663 in
1581 1623 1674 1679 regem
1693 1608 1731 1664 oh
1748 1625 1793 1667 ne

141 1697 237 1752 recitat
260 1696 413 1768 etqiaudat.
428 1696 594 1770 sigehertus.
610 1705 639 1754 et
653 1696 675 1752 si
690 1697 866 1753 henricianae
882 1713 943 1769 par·
998 1698 1079 1757 iauda
1094 1699 1154 1771 ejus
1165 1700 1278 1756 crimina
1293 1699 1456 1766 concitetor,
1477 1699 1619 1772 aliumque
1633 1715 1727 1772 regem
1746 1701 1793 1758 eli·

140 1798 182 1847 ter
195 1798 296 1846 contre
317 1793 461 1847 Romanor
477 1790 618 1862 pontifices
632 1789 741 1857 foverit,
762 1790 943 1863 Gregoriique
958 1758 983 1821 B
996 1809 1060 1866 gere
1074 1800 1202 1861 conatos,
1219 1793 1318 1864 scripto
1339 1808 1392 1848 suo
1405 1792 1542 1849 cohibuit.
1561 1793 1694 1865 Quintam
1720 1794 1792 1868 iega-

139 1884 258 1940 uimiam
272 1884 451 1940 teneritatem
468 1883 611 1956 incusarit,
632 1891 726 1939 mmen
739 1900 879 1956 uunquam
895 1900 943 1942 eu·
995 1887 1101 1943 tionem
1114 1886 1188 1943 misit
1202 1885 1229 1940 in
1248 1886 1429 1943 Germaniam
1453 1884 1489 1942 ad
1511 1885 1644 1942 Ecclesiae
1667 1887 1809 1959 ejusdem·

142 1992 192 2033 sus
208 1985 256 2033 ert
263 1977 355 2033 dicere
361 1976 534 2050 illegitimum
544 1974 631 2034 inisse
638 1985 759 2035 creatum
772 1978 941 2050 pontiiicem.
996 1979 1154 2040 Germaniae
1166 1988 1194 2035 et
1206 1978 1301 2036 Gallico
1321 1994 1336 2034 a
1362 1978 1423 2033 laba
1435 1979 1568 2036 Simoniae
1583 1980 1787 2052 expurgandae.

138 2073 207 2129 otto
230 2070 416 2143 Frisingeosis
427 2070 582 2143 epiecopus,
602 2070 802 2127 eruditissimus
823 2071 943 2142 scriptor
996 2077 1057 2131 iter
1071 2072 1107 2128 ob
1118 2073 1220 2129 crimen
1230 2071 1375 2143 allegatum
1389 2069 1482 2128 dehita
1505 2072 1666 2144 paenitentia
1681 2083 1792 2145 peracte

139 2163 249 2221 haedo
262 2164 397 2236 Gregorio
406 2165 457 2221 Vll
474 2183 481 2220 ε
497 2186 510 2213 ι
527 2165 628 2220 Forma
650 2163 740 2237 gregia
753 2162 851 2233 lactus,
865 2163 942 2236 quod
995 2165 1108 2224 eosdem
1121 2165 1274 2222 honorilice
1297 2165 1420 2237 suscepit
1435 2184 1443 2219 :
1458 2180 1493 2221 ne
1515 2180 1579 2221 varo
1603 2165 1750 2223 concilium
1765 2166 1793 2223 iu

140 2256 225 2313 rerho
237 2255 345 2326 doerit,
361 2256 490 2329 exemplo
512 2255 722 2328 demonstravit,
749 2273 782 2314 ac
794 2256 871 2315 torna
894 2274 943 2330 por
996 2259 1144 2318 Germania
1156 2274 1187 2315 ea
1201 2257 1238 2316 de
1256 2274 1338 2315 causa
1358 2272 1407 2330 per
1421 2258 1524 2330 legatos
1546 2258 1710 2325 baberetur,
1726 2275 1790 2331 per·

139 2350 233 2407 omnia
265 2348 365 2406 athleta
384 2365 415 2407 se
439 2365 489 2422 pro
512 2365 595 2407 muro
612 2349 708 2407 domni
731 2348 816 2408 lsrael
839 2367 941 2423 ponere
994 2353 1121 2411 suasione
1140 2352 1258 2409 Homeri
1272 2352 1427 2408 Bremensis
1446 2350 1645 2424 archiepiscopi
1668 2351 1791 2422 obstitit3

138 2460 195 2500 non
217 2442 325 2501 tiumit
344 2465 357 2491 n
387 2443 470 2501 Unus
493 2444 674 2516 Ursergensie
697 2442 793 2511 abhas,
814 2443 942 2517 idemque
995 2445 1273 2520 queeihacdecausa
1295 2461 1353 2502 non
1374 2445 1408 2501 ab
1422 2444 1483 2501 aliis
1500 2460 1584 2518 quam
1608 2461 1623 2502 a
1650 2447 1792 2504 Bremensi

137 2535 381 2594 schismaticorum
395 2544 537 2609 petronus,
548 2537 678 2594 Bennoni
697 2536 873 2594 schismatico
884 2553 944 2595 ear-
995 2541 1037 2619 vel
1062 2540 1225 2612 moguntino
1238 2538 1310 2597 sedis
1336 2537 1494 2610 apostoticae
1523 2538 1631 2595 vicariis
1655 2539 1792 2612 synodum
1907 2550 1908 2555 ’

141 2629 224 2687 diuaii
250 2629 401 2695 inhaerens,
426 2631 486 2702 ejus
505 2630 675 2703 scriptorum
695 2629 824 2701 quasdam
852 2630 942 2703 capita
996 2633 1154 2705 congregari
1175 2641 1327 2704 oporteret.
1348 2632 1444 2704 Legati
1458 2633 1581 2689 Romam
1605 2631 1708 2689 reversi
1733 2647 1792 2689 ram

140 2725 248 2791 recitet,
275 2738 333 2780 nou
347 2730 441 2781 nmen
465 2723 559 2780 utillo
578 2723 701 2796 spuriam
720 2724 834 2781 omnino
858 2722 943 2781 luisse
995 2737 1098 2800 geatam
1110 2726 1231 2798 pontifici
1245 2735 1439 2797 exposuerunt.
1456 2726 1601 2782 Licmarus
1620 2725 1742 2784 secundo
1758 2725 1794 2783 ad

138 2817 308 2873 clodionem
321 2816 447 2890 Gregorii
468 2832 552 2873 ausus
579 2825 622 2873 ost
650 2814 801 2887 affirmare,
822 2817 871 2873 sed
891 2817 942 2874 ista
996 2819 1092 2876 sedem
1122 2818 1303 2891 apostolicam
1335 2819 1437 2874 citatus
1458 2816 1545 2874 iactus
1566 2818 1790 2888 eetinohedienr,

140 2919 249 2967 tanturn
265 2930 272 2966 :
290 2932 303 2958 ι
319 2911 504 2982 Cumanaque
518 2911 587 2984 regis
596 2926 731 2966 consensu
746 2910 812 2966 solis
833 2918 941 2967 tautum
996 2912 1106 2970 rebeliis
1128 2922 1156 2968 et
1176 2910 1378 2980 schismaticus,
1404 2911 1589 2983 resisteneque
1613 2910 1736 2982 jussibus
1756 2912 1793 2967 le·

140 3003 277 3061 liomanis
307 3002 461 3061 iacentibus
487 3002 562 3060 hunc
595 3004 699 3076 optem
727 3004 941 3074 conscendisset,
995 3015 1123 3078 gatorum
1137 3012 1166 3061 ct
1179 3005 1263 3076 ipsius
1277 3003 1412 3077 pontificis
1432 3019 1524 3076 regem
1547 3003 1679 3059 adversus
1702 3004 1791 3075 ponti·

141 3105 206 3154 suut
223 3097 275 3170 qui
289 3096 369 3154 iilum
392 3113 450 3154 non
472 3097 603 3154 canonice
622 3097 813 3165 constitutum,
839 3096 887 3155 sed
900 3106 941 3170 ty·
958 3136 981 3201 C
996 3099 1075 3155 ficem
1090 3098 1253 3165 commovit,
1273 3097 1356 3170 idque
1378 3097 1442 3154 boui
1456 3096 1542 3170 quod'
1554 3105 1647 3154 mente
1661 3111 1793 3169 concepe-

142 3191 253 3247 rrunice
285 3199 415 3265 papatum
448 3189 559 3247 sibimet
592 3200 748 3247 asseverent
767 3206 939 3262 usurpasse,
996 3201 1039 3250 rat
1050 3191 1145 3249 infelix
1160 3192 1286 3264 princeps
1300 3191 1384 3264 huius
1398 3190 1572 3263 instigatione
1585 3190 1667 3247 aruit.
1682 3190 1737 3246 Sod
1751 3206 1794 3268 ac·

142 3300 191 3356 pro
208 3299 265 3357 qna
283 3292 353 3340 reet
367 3284 531 3341 auonnullis
545 3282 683 3356 episcopis
703 3282 844 3340 abdicatus
858 3292 940 3340 eet.»
996 3286 1062 3342 cidit
1074 3285 1126 3342 Dei
1137 3285 1268 3357 singulari
1289 3283 1423 3340 beneficio
1435 3293 1476 3353 nt,
1498 3299 1563 3340 cnm
1587 3283 1716 3341 adversus
1735 3287 1795 3339 lio·

141 3376 197 3433 Sed
227 3393 316 3449 quatu
341 3377 393 3434 ista
417 3375 453 3433 de
484 3393 540 3434 non
563 3377 687 3434 adhibito
708 3393 842 3434 consensu
871 3377 943 3449 regie
996 3394 1107 3435 manem
1129 3377 1280 3434 Ecclesiam
1301 3377 1438 3450 principes
1462 3376 1556 3433 eaeculi
1571 3383 1599 3433 et
1626 3377 1796 3448 potentiores

143 3471 257 3527 ilenrici
280 3469 347 3527 lalra
369 3470 435 3537 rint,
452 3478 529 3543 patet
547 3486 580 3526 et
597 3471 666 3555 actis
692 3470 755 3529 vitae
769 3469 850 3543 hujus
871 3470 941 3527 Gre·
996 3472 1116 3543 episcopi
1140 3470 1340 3543 conspirarent,
1355 3485 1405 3541 pro
1431 3468 1589 3526 defensioue
1604 3468 1726 3540 eiusdem
1750 3485 1795 3525 se-

144 3564 266 3637 gorii,in
279 3563 380 3637 quihus
402 3562 522 3621 sciemur
536 3562 623 3637 quod,
642 3579 706 3620 cum
721 3564 766 3619 iila
791 3562 827 3620 ad
847 3578 942 3635 regem
996 3565 1183 3637 dishgnetem
1199 3563 1273 3635 regie
1294 3563 1408 3619 henrici
1433 3571 1563 3626 matrem,
1578 3562 1743 3628 Baatricem,
1767 3571 1796 3619 et

146 3658 301 3730 scripsisset
318 3673 354 3715 ue
374 3657 469 3731 vigore
486 3658 610 3715 concessi
637 3656 770 3730 privilegii
788 3654 866 3713 lactae
888 3655 942 3712 ale·
997 3657 1171 3725 hiathildem,
1183 3657 1243 3730 ejus
1255 3654 1341 3712 liliam
1353 3654 1445 3712 adhuc
1463 3655 1584 3728 pueliam
1598 3662 1627 3712 et
1649 3655 1794 3729 virginem,

146 3750 229 3807 enoni
242 3766 389 3808 emensum
407 3751 554 3824 praeberet,
568 3767 615 3807 rex
631 3737 688 3807 non
709 3748 795 3808 modo
813 3764 871 3805 non
885 3748 942 3805 dia·
997 3766 1157 3824 quanquam
1175 3749 1328 3809 Godefrido
1342 3757 1426 3821 nupta
1452 3748 1557 3818 luisset,
1573 3747 1670 3805 affines
1688 3749 1794 3806 excita-

147 3845 273 3911 senserit,
293 3844 344 3901 sed
370 3844 453 3901 missa
485 3845 627 3918 legatione
649 3843 752 3901 iactam
778 3843 943 3901 electionem
997 3846 1041 3901 rit.
1057 3844 1138 3901 Unde
1155 3843 1228 3900 haud
1247 3843 1329 3901 dubia
1344 3843 1479 3914 originem
1493 3842 1612 3915 sumpsit
1626 3841 1672 3899 illa
1690 3843 1795 3899 multo-

147 3937 330 4006 coniirmarit,
346 3938 460 4013 ejusque
472 3937 672 3996 consecrationi
695 3953 745 4009 per
766 3937 886 4010 legatum
899 3937 942 3991 in·
997 3955 1060 3995 rum
1074 3938 1224 4007 calumnia,
1243 3935 1378 4009 quemad
1400 3936 1442 3992 sui
1457 3936 1684 4009 expurgationem
1697 3936 1797 4008 vulga·

145 4028 280 4087 teriuerit.
293 4030 503 4089 ldemalhrmat
522 4031 684 4088 humbertus
697 4028 944 4103 Schailnaburgen·
997 4032 1065 4088 bant
1083 4031 1278 4098 concubinarii,
1295 4030 1369 4103 quod
1390 4038 1452 4101 post
1464 4029 1568 4086 laetum
1583 4029 1732 4086 divortium
1753 4029 1796 4085 in-

144 4122 181 4178 eis
207 4122 271 4179 ioco
293 4140 376 4199 supra
411 4124 538 4198 allegato.
558 4124 676 4184 ,Videant
698 4137 764 4195 ergo
786 4131 942 4191 novatoree,
997 4133 1038 4182 ter
1057 4123 1222 4180 Mathildem
1248 4132 1275 4179 et
1292 4121 1489 4189 Godefridnm,
1518 4121 1639 4196 pontiiex
1658 4122 1796 4180 Mathildir

144 4231 200 4288 qua
216 4215 331 4273 veritate
355 4217 507 4275 subsistant
529 4218 582 4274 illae
608 4216 756 4273 calumniae
777 4231 845 4287 quas
866 4212 942 4288 prin·
997 4217 1165 4290 amplexibus
1184 4216 1292 4273 iurtivis
1316 4216 1454 4273 frueretur
1481 4236 1487 4271 :
1514 4232 1599 4288 quam
1625 4215 1794 4273 calumniam

143 4325 208 4383 ceps
243 4309 482 4367 echieuraticorum
519 4310 699 4368 cardinalium
733 4311 829 4365 Benna
861 4307 944 4381 hujus
997 4327 1054 4368 uon
1069 4318 1241 4367 tantumsuo
1256 4319 1381 4381 tempore
1397 4308 1572 4376 lambertus,
1585 4325 1682 4367 verum
1708 4310 1794 4366 etiam

145 4402 243 4474 cptirm
256 4402 372 4461 maximi
385 4403 522 4477 pontilicis
537 4404 670 4469 moribus,
684 4403 809 4460 electioni
836 4409 865 4458 et
879 4400 943 4458 fidei
999 4404 1051 4460 hac
1065 4411 1157 4459 nostra
1179 4411 1259 4459 aetate
1283 4418 1313 4457 ex
1342 4410 1448 4474 regesto
1474 4402 1651 4473 epistolarum
1668 4401 1795 4474 Gregorii

143 4496 272 4569 opponit
279 4495 395 4554 Videant
407 4514 462 4572 qno
474 4497 546 4556 duce
556 4507 584 4555 et
596 4507 709 4555 auctore
720 4494 880 4554 cathedram
892 4496 942 4553 Pe·
958 4546 984 4609 D
1000 4496 1133 4553 Batonius
1147 4507 1204 4552 tam
1217 4495 1322 4552 erudite
1336 4494 1460 4551 etsolide
1472 4493 1604 4550 refutavit
1628 4509 1659 4550 ac
1680 4494 1794 4562 detexit,

142 4590 178 4645 tri
200 4590 374 4663 impugnent,
398 4607 539 4665 quamque
566 4591 684 4664 graviter
706 4591 872 4663 impingant,
895 4588 943 4662 qui
999 4600 1080 4663 atque
1093 4606 1108 4646 a
1121 4588 1324 4646 mendaciorum
1339 4586 1486 4644 involucris
1499 4585 1654 4655 vindicavit,
1670 4595 1796 4645 utuemo

143 4697 211 4749 uuo,
233 4682 356 4753 duobus,
369 4685 409 4742 vei
432 4685 521 4742 tribus
545 4685 579 4742 ad
598 4699 739 4741 summum
760 4683 944 4741 schismatico·
998 4691 1060 4757 post
1078 4682 1192 4738 hacuisi
1204 4682 1386 4737 calumniator
1401 4688 1431 4737 et
1443 4677 1707 4738 haereticusfaheilae
1719 4696 1796 4737 men·

142 4790 209 4832 rum
222 4773 380 4834 {autoribus
391 4777 617 4848 adhaerescentes,
628 4785 656 4834 et
669 4792 685 4833 a
698 4775 811 4850 triginta
826 4776 945 4833 duorum
999 4775 1061 4833 daci
1080 4790 1161 4832 aures
1182 4772 1303 4846 praebere
1324 4773 1418 4847 possit.
1438 4775 1480 4831 Ut
1501 4788 1602 4845 magno
1630 4772 1796 4830 Christianae

143 4868 407 4941 probatissimorum
441 4871 617 4945 scriptorum,
650 4886 720 4942 quoe
741 4886 790 4943 pro
817 4868 944 4941 Gregorii
999 4869 1137 4941 religionis
1146 4867 1221 4924 hono
1239 4882 1294 4922 non
1308 4866 1399 4924 solum
1411 4867 1560 4924 Saracenos
1571 4867 1692 4923 exercitu
1705 4882 1792 4938 expu-

143 4960 308 5018 defensione
328 4962 572 5021 reverendissimus
591 4972 620 5020 et
639 4963 843 5020 illustrissimus
856 4961 945 5019 cardi·
1000 4969 1106 5036 guarel,
1121 4960 1170 5019 sed
1186 4962 1271 5017 etiam
1289 4960 1457 5017 orientalem
1476 4960 1627 5017 Ecclesiam
1650 4959 1797 5017 schismate

143 5053 216 5110 uelis
229 5053 415 5113 Baiiarminus
430 5057 459 5113 in
480 5057 669 5115 controversia
683 5055 719 5113 de
738 5060 823 5112 Rom.
844 5052 944 5128 pontif.
999 5055 1035 5113 ab
1048 5055 1217 5113 occidentali
1232 5053 1348 5112 divisam
1363 5055 1465 5121 uniret,
1493 5059 1632 5111 Armenoc
1653 5053 1737 5111 aiidc
1751 5069 1796 5110 ca·

146 5145 215 5202 libro
231 5149 376 5221 rv,capite
390 5151 596 5207 renominannr
609 5158 742 5217 recenset,
762 5148 897 5205 sententia
919 5155 947 5205 at
1000 5150 1100 5206 tholica
1113 5149 1220 5221 penitus
1239 5149 1397 5206 aberrantes
1411 5147 1446 5203 ad
1461 5157 1544 5205 rectae
1566 5146 1631 5204 fidei
1653 5148 1793 5204 tramitem

146 5241 311 5297 auctoritate
329 5244 470 5300 temerarie
488 5242 628 5300 recedunt.
644 5245 781 5314 Tempore
805 5240 947 5314 pontiiica-
1001 5242 1174 5310 restitueret,
1197 5241 1342 5315 piusquam
1360 5242 1552 5315 quinquaginta
1577 5242 1663 5297 miliia
1678 5240 1797 5296 militum

147 5338 205 5401 tus,
221 5346 323 5407 praeter
345 5336 419 5393 iliam
434 5336 599 5410 vigilantiam
621 5335 841 5410 quamomnibue
863 5350 946 5407 prope
1001 5335 1169 5407 conscripsit
1191 5344 1217 5390 et
1230 5335 1351 5407 collegit.
1369 5335 1412 5391 Ab
1441 5335 1574 5402 ilenrico,
1590 5342 1652 5406 post
1674 5336 1797 5390 Saxones

147 5426 259 5498 regibus
271 5438 299 5485 et
313 5430 444 5503 episcopis
454 5430 537 5487 totius
550 5431 625 5488 orbis
634 5429 779 5504 diligenter
791 5428 946 5486 custodien—
1000 5428 1170 5501 ethugatos,
1187 5436 1302 5500 postque
1316 5444 1376 5484 eam
1391 5429 1535 5485 victoriam
1562 5428 1740 5484 insolentiore
1756 5426 1796 5482 la·

144 5517 185 5575 dis
209 5520 358 5592 impendit,
380 5532 441 5596 post
466 5524 584 5596 primam
607 5523 681 5579 iliam
720 5523 883 5596 legationem
911 5521 946 5578 ad
1000 5531 1046 5578 cto
1065 5522 1147 5592 coepit
1167 5521 1316 5590 contemni,
1342 5522 1465 5578 Guihorti
1499 5522 1601 5594 antiqui
1616 5519 1795 5585 schismatici,

145 5612 299 5674 Hominem
312 5630 406 5688 regem
427 5616 602 5682 destinatam,
618 5619 766 5692 lingonam
793 5615 946 5674 Candidum
1002 5623 1095 5688 postea
1110 5630 1173 5671 vero
1188 5615 1361 5672 Ravennatis
1374 5615 1502 5688 episcopi,
1529 5614 1593 5671 dolo
1616 5622 1645 5668 et
1668 5611 1796 5668 iraudea

142 5717 247 5768 nnmae
263 5710 534 5767 nomanamaesiae
549 5711 713 5767 cardinalem
735 5711 763 5765 in
782 5710 946 5780 Hispaniam
1001 5709 1097 5765 Cincio
1118 5711 1246 5765 iiomano
1283 5708 1413 5781 praeieeto
1445 5709 1564 5773 invasus,
1591 5713 1696 5776 captus,
1717 5712 1743 5757 et
1769 5702 1796 5758 in

144 5802 294 5877 ablegavit,
315 5809 355 5873 nt,
369 5804 537 5876 reeuperatis
562 5803 698 5859 aMeurir
721 5803 861 5875 llispaniae
884 5800 947 5857 civi·
1001 5801 1249 5859 carceredetentns
1262 5811 1316 5871 est,
1336 5816 1476 5874 quousque
1492 5816 1538 5872 per
1551 5798 1679 5870 populum
1694 5798 1796 5853 tumul·
