3884 6158
148 248 202 305 703
621 242 648 299 S.
669 241 830 298 sausoith
849 238 894 295 vlt
911 238 1011 295 PAPAE
1028 237 1166 295 eruhuit
1184 238 1270 295 Pttts
1289 232 1322 294 tt.

149 388 181 429 aa
207 373 308 431 erroris
335 372 446 444 laqueos
477 376 630 437 evaserunt,
654 365 752 424 eodem
776 366 888 438 iuvante
915 365 946 421 in
959 367 985 431 Α
999 362 1053 420 tuis
1069 364 1128 421 sint
1142 362 1230 420 forma
1255 371 1282 418 et
1292 362 1395 434 regula,
1416 370 1448 417 ut
1462 363 1485 419 si
1509 362 1616 435 qutidin

148 466 308 524 Christianae
321 464 382 520 fidei
395 463 487 535 vigore
500 477 532 517 ac
545 460 687 533 religionis
702 459 881 532 amplitudine
895 474 945 533 per
999 472 1081 514 mana
1103 455 1250 527 fragilitate
1270 455 1485 528 reprehensibile
1504 453 1623 528 deprehe

148 569 249 617 nostres
260 556 432 630 benignitatis
446 553 579 620 studium,
598 570 630 611 ac
640 553 767 610 tuitionis
778 552 945 625 adjutorium
998 551 1072 606 tuitu
1098 560 1200 607 sanctae
1219 550 1438 607 conversationis
1460 558 1515 606 tuae
1542 548 1577 606 ad
1598 564 1623 606 re

149 652 237 722 magis
261 666 295 706 ac
317 649 405 721 magis
435 663 592 705 excrescere
611 647 718 705 valeant
738 647 822 719 (trs).
841 647 944 716 Quam·
998 645 1163 702 sinceritatis
1183 643 1350 714 corrigatur3
1373 642 1473 716 quibus
1487 644 1526 699 sio
1547 642 1623 700 stude

149 744 255 809 obrem,
279 742 437 799 charissime
462 741 548 799 freter
569 740 691 809 alcheri,
719 740 945 798 Panormitanam
999 738 1111 795 sationis
1123 738 1185 809 jura
1201 735 1338 792 moderari
1359 736 1387 792 in
1401 735 1569 808 corrigendis
1583 735 1623 791 vit

147 836 297 893 Ecclesiam
316 835 416 905 cuitu,
436 836 559 893 Domino
577 843 698 904 audere,
720 848 837 906 pracesse
849 833 944 906 digno·
999 830 1171 889 rectitudinis
1192 829 1306 897 ferveas,
1334 839 1361 886 et
1384 828 1499 886 modum
1520 837 1623 901 temper

145 930 241 997 sceris,
255 944 317 1002 quac
328 928 471 1003 quondam
485 928 584 986 nobilis
597 936 626 985 et
636 927 754 995 famosa,
765 926 944 999 postmodum
998 924 1128 993 excedam
1143 933 1180 991 et,
1193 933 1223 980 ut
1240 925 1334 996 patrois
1356 923 1444 979 marlia
1457 922 1623 996 explicemus

146 1023 265 1096 peccatis
290 1021 461 1096 exigentibus
486 1021 514 1078 in
539 1023 756 1079 Samaeemrum
782 1028 944 1092 potestatem
998 1020 1026 1076 iu
1049 1026 1204 1074 sanctorum
1226 1020 1338 1074 Petrum
1358 1016 1440 1073 dietis
1462 1016 1576 1088 raperis,
1601 1030 1623 1072 ac

145 1116 341 1190 perfidiamque
359 1116 479 1185 redacta,
498 1131 572 1172 nunc
593 1130 688 1171 revera
707 1115 742 1173 ad
763 1114 943 1172 Christianam
997 1129 1103 1181 eorum,
1120 1111 1167 1183 qui
1182 1110 1231 1167 tibi
1251 1109 1416 1178 subduntur,
1431 1108 1567 1166 utendum
1582 1124 1623 1167 cer

145 1209 230 1267 fidem
244 1209 336 1267 labore
353 1209 395 1265 vel
410 1209 540 1266 instantia
560 1209 606 1264 filii
622 1208 707 1265 nostri
730 1208 841 1280 gloriosi
864 1207 944 1265 ducis
997 1207 1147 1270 cationems
1158 1213 1300 1277 quatenus,
1310 1204 1481 1260 documentis
1489 1203 1545 1258 tuis
1555 1203 1623 1259 instr

145 1303 272 1371 ltoberti,
289 1302 411 1359 Domino
426 1303 564 1369 innuente,
588 1317 717 1358 conversa
733 1310 786 1371 est,
804 1308 833 1358 te
847 1310 942 1372 postu·
997 1300 1063 1357 boni
1078 1298 1299 1355 Pastoristecum
1315 1297 1419 1353 valeant
1433 1296 1598 1370 pertingere,
1612 1312 1623 1353 e

146 1396 220 1469 fante
237 1396 376 1468 privilegio
395 1395 553 1468 apostolieae
572 1395 743 1452 liberalitatis
768 1392 866 1462 fulciri,
891 1410 943 1451 nos
998 1394 1063 1449 vitae
1074 1391 1233 1449 felicitatem
1244 1392 1392 1464 percipere.

144 1498 202 1546 tam
227 1489 306 1561 justae
330 1489 470 1560 petitionis
491 1489 592 1545 intuitu
614 1503 699 1560 quam
728 1488 812 1546 etiam
835 1488 941 1561 praefati
1031 1490 1133 1542 Datum
1148 1489 1258 1554 Romae,
1270 1500 1325 1542 xvr
1335 1484 1397 1540 Kal.
1413 1484 1492 1549 hlaii,
1504 1498 1553 1556 per
1566 1499 1623 1540 mar

145 1581 222 1638 duch
238 1596 343 1649 amore,
361 1597 444 1653 quern
465 1581 493 1638 id
511 1582 613 1639 mimus
627 1590 733 1654 optare,
753 1597 863 1655 cupere,
879 1598 941 1655 gra-
996 1578 1213 1653 min,fuugeutis
1220 1579 1306 1636 vicem
1316 1579 1387 1635 Petri
1400 1587 1501 1635 sanctae
1516 1580 1623 1634 Roman

145 1682 237 1731 tenter
250 1673 438 1745 concedimus,
449 1675 596 1732 tribuimus
609 1684 691 1747 atque
708 1675 848 1748 largimur.
865 1679 939 1748 hpo·
956 1711 982 1774 B
996 1674 1115 1747 presbyt.
1134 1673 1267 1730 cardinal.
1283 1681 1311 1730 et
1326 1671 1537 1739 bibliothecarii,
1553 1686 1624 1729 anno

144 1766 239 1823 stolica
251 1766 333 1840 igitur
350 1767 517 1825 auctoritate
530 1767 727 1825 confirmamus
739 1768 832 1826 eidem
846 1769 941 1826 Eccle-
996 1767 1196 1824 lncamationis
1213 1773 1292 1834 1083,
1310 1776 1384 1839 pont.
1402 1781 1466 1822 vero
1478 1763 1584 1821 domiui
1598 1765 1623 1824 G

145 1859 194 1917 siae
206 1868 235 1915 et
248 1875 296 1931 per
318 1876 381 1916 eam
402 1861 463 1928 tibi,
486 1857 621 1934 quidquid
639 1860 778 1935 dignitatis
791 1863 943 1935 antiquitus
995 1876 1071 1934 papae
1084 1876 1158 1917 anno
1172 1862 1211 1929 X,
1226 1860 1323 1917 indict.
1337 1862 1371 1916 V.

144 1954 264 2010 tenuisse
286 1954 427 2026 probatur,
446 1953 475 2012 id
501 1963 544 2012 est
557 1971 655 2012 omnes
679 1957 738 2029 ejus
751 1955 942 2030 suffraganeos
1350 1955 1426 2010 th.

144 2046 327 2119 episcopatus,
338 2047 380 2104 vel
394 2048 418 2104 si
432 2049 488 2120 qui,
503 2048 726 2119 destructisillis,
736 2050 868 2106 iueornm
881 2050 941 2107 ieet)
995 2048 1120 2118 Grepovii
1142 2050 1196 2104 l'lf
1204 2051 1381 2120 priuilegium
1401 2065 1454 2119 paro
1475 2049 1583 2103 ccclesia
1602 2048 1623 2107 S

143 2142 236 2198 staurti
253 2152 328 2212 sunt,
344 2143 395 2211 vel,
410 2144 565 2216 opitulante
580 2145 713 2213 Domino,
730 2152 894 2214 clamentur,
911 2155 943 2201 ut
1291 2145 1383 2208 (Aurio
1407 2143 1496 2213 t083.)

143 2235 171 2291 in
185 2234 306 2307 praefatae
319 2244 376 2293 tuae
387 2237 508 2294 ecelesiae
528 2237 678 2309 pristinam
693 2235 807 2295 redeant
825 2247 943 2309 potesta·
1083 2234 1220 2302 [Guiberti
1231 2236 1330 2307 Opera,
1343 2235 1385 2292 ed.
1396 2236 1556 2303 D’icrruuv,
1577 2251 1603 2307 p.
1621 2252 1623 2281 t

143 2336 219 2398 tem;
233 2329 345 2401 insuper
361 2329 494 2401 quidquid
504 2331 685 2402 possessionis
695 2347 744 2403 per
754 2332 873 2404 regalem
890 2331 942 2388 lar·
1029 2328 1623 2387 GraecarusdileetoinChristofiliotvnsr

145 2422 281 2493 guonem
307 2430 335 2478 et
347 2421 449 2494 justam
486 2424 693 2481 concessionem
716 2424 866 2497 antiquitus
892 2426 940 2482 ha·
994 2422 1116 2480 ecolesiae
1128 2424 1155 2480 S.
1171 2421 1309 2496 Quintini,
1323 2423 1384 2479 sitae
1397 2425 1426 2477 iu
1444 2424 1623 2495 episcopatu

145 2515 247 2580 buisse,
265 2530 298 2571 ae
310 2515 445 2588 quidquid
466 2517 551 2588 (quaed
561 2517 676 2590 iustitiae
693 2532 752 2574 non
769 2518 940 2586 contradicit)
992 2516 1105 2588 suisque
1117 2515 1324 2572 svrccessoribns
1340 2516 1500 2589 regulariter
1514 2532 1623 2587 promor

144 2608 264 2680 antiquis
276 2608 690 2684 superaddidisse'dignoscitur.
1028 2611 1157 2682 Supernae
1172 2609 1355 2667 miserationis
1372 2618 1506 2681 respectu,
1518 2610 1551 2666 ad
1565 2610 1618 2668 boe

181 2700 298 2760 Proinde
306 2705 450 2774 presentis
458 2705 632 2761 atrctoritatis
640 2705 873 2773 nostrredecreto,
884 2716 941 2763 tam
993 2703 1122 2761 Ecclesia
1139 2720 1234 2760 curam
1257 2705 1428 2773 suscepimus
1445 2713 1472 2759 et
1497 2703 1623 2776 apostolic

144 2795 319 2866 praesentium
332 2810 415 2869 quam
429 2803 457 2852 et
478 2795 635 2854 futurorum
656 2799 783 2857 omnium
796 2799 941 2858 hominum
994 2798 1075 2854 minis
1090 2797 1304 2854 sollicitudinem
1318 2798 1447 2870 gerimus,
1462 2807 1493 2853 ut
1514 2797 1598 2871 justis
1619 2812 1623 2870 ι

143 2887 328 2945 temeritatem
364 2898 540 2958 coercentes,
576 2890 763 2949 interdicendo
797 2895 943 2952 statuimus
993 2891 1064 2947 votis
1089 2899 1193 2947 attenta
1220 2891 1384 2964 benignitate
1410 2889 1559 2957 faveamus,
1593 2898 1622 2948 et

141 2980 250 3038 nullum
262 2996 371 3054 regum,
383 2982 423 3039 vel
435 2982 649 3056 imperatorum,
658 2985 826 3043 anstistitnm
836 2986 942 3043 nullum
994 2984 1130 3055 aeqrritatis
1144 2984 1272 3041 omnibus
1299 2985 1324 3039 in
1346 2985 1505 3041 necessitate
1520 2984 1623 3056 positis,

143 3088 307 3148 quacunque
335 3074 467 3149 dignitate
501 3076 659 3148 preditum,
686 3079 727 3135 vel
748 3079 976 3151 quemcunquec
995 3078 1115 3134 Domino
1132 3077 1262 3143 donante,
1282 3093 1438 3149 possumus,
1462 3077 1606 3135 subvenire

142 3165 240 3236 alium,
253 3167 355 3226 audere
367 3168 402 3226 de
416 3168 450 3227 iis
467 3185 530 3241 quae
542 3168 631 3227 eidem
655 3170 782 3228 Ecclesiae
795 3188 810 3226 a
825 3171 942 3244 quibus·
995 3170 1123 3236 Proinde,
1138 3171 1291 3228 interventu
1306 3180 1334 3227 et
1347 3180 1444 3244 rogatu
1460 3170 1606 3229 confratris

142 3249 209 3317 tibet
223 3260 423 3321 bominibusde
436 3263 547 3335 proprio
555 3262 618 3336 jure
628 3263 689 3336 J'am
699 3263 802 3323 donata
812 3272 886 3333 sunt,
902 3266 941 3322 vel
994 3264 1073 3321 donis
1097 3264 1269 3321 belvacensis
1286 3265 1414 3337 episcopi,
1439 3264 1560 3338 praefatae
1584 3280 1623 3323 ece

143 3352 173 3410 in
205 3352 331 3413 futurum
354 3352 539 3424 conferentur,
566 3355 683 3426 auferre,
710 3358 752 3415 vei
776 3358 939 3416 diminuere.
995 3359 1150 3425 structoris,
1171 3359 1348 3430 postulationi
1369 3368 1423 3415 triae
1450 3368 1612 3427 annitentes,

143 3446 278 3504 Praeterea
291 3448 455 3505 fraternitati
475 3458 530 3507 tuae
544 3451 616 3522 pallii
632 3467 713 3509 tuum
726 3452 881 3511 secundum
894 3468 942 3509 au·
995 3462 1024 3509 ct
1041 3452 1199 3509 defensione
1218 3462 1322 3510 sauctae
1344 3453 1415 3509 sedis
1438 3452 1606 3525 apostoticae,

146 3540 257 3611 donum
279 3542 411 3598 Ecclesiae
436 3552 493 3599 tuae
507 3558 613 3599 rnorem
638 3545 829 3616 concedimus,
854 3555 886 3602 ut
909 3561 942 3602 eo
995 3558 1113 3618 praeosse
1128 3544 1306 3618 dignosceris,
1321 3546 1462 3602 ecclesiam
1480 3546 1607 3602 videlicet

141 3631 214 3688 inter
225 3633 374 3690 missarum
391 3634 526 3691 solemnia
542 3634 584 3692 his
597 3635 730 3694 duntaxat
751 3638 941 3696 festivitatibus
994 3638 1122 3712 martyris
1146 3639 1320 3710 suscipimus.
1337 3639 1387 3695 Cui
1406 3639 1542 3711 privilegia
1567 3639 1623 3711 ejus

142 3723 239 3790 utaris,
249 3724 384 3794 videlicet,
394 3727 544 3784 Nativitate
554 3729 678 3797 Domini,
687 3729 867 3787 festivitates.
881 3734 941 3789 Ste-
993 3732 1062 3786 senti
1076 3732 1247 3787 auctoritatis
1261 3741 1366 3789 nostrae
1386 3731 1495 3790 decreto
1518 3732 1623 3807 indulge

143 3813 237 3886 phani,
261 3816 425 3890 Epiphania,
446 3833 526 3875 eoena
549 3821 663 3876 Domini
690 3822 727 3892 (iu
740 3821 785 3880 die
806 3823 938 3895 Paschae),
994 3822 1119 3880 cedimus
1132 3832 1215 3897 atque
1232 3825 1377 3882 firmaturus
1395 3834 1564 3883 :statuentes
1575 3828 1623 3885 nul

143 3907 326 3979 ascensione,
347 3912 525 3978 Pentecoste,
551 3920 579 3968 et
604 3921 725 3985 quatuor
747 3912 940 3974 festivitatibus
994 3919 1035 3974 vel
1055 3918 1262 3990 imperatorum,
1297 3921 1464 3988 antistitum,
1494 3920 1602 3978 utillum

145 4003 172 4055 S.
186 4001 292 4072 hiariae,
306 4003 452 4060 nativitate
465 4005 493 4060 S.
514 4006 631 4062 loannis
652 4008 795 4080 Baptista),
809 4011 939 4069 natalitiis
993 4010 1125 4085 dignitate
1140 4013 1297 4086 praeditum,
1310 4016 1349 4071 vel
1365 4031 1532 4088 qrremqnam
1546 4017 1623 4073 alitur

144 4096 345 4166 apostolorum,
371 4096 399 4152 S.
414 4098 570 4167 Laurentii,
599 4100 628 4156 in
645 4097 792 4159 festivitate
806 4104 938 4162 Omnium
993 4106 1035 4163 his
1053 4094 1127 4180 quae'
1138 4107 1228 4165 eidem
1251 4109 1400 4165 venerabili
1424 4110 1484 4167 loco
1499 4127 1514 4166 a
1529 4110 1623 4183 praefat

141 4188 315 4256 Sanctorum,
327 4204 391 4262 quae
406 4189 560 4248 celebratur
573 4193 638 4249 Kal.
658 4195 838 4266 Novembris3
853 4205 881 4253 et
894 4198 939 4256 die
992 4199 1034 4257 vel
1048 4216 1064 4255 a
1078 4201 1245 4274 quibuslibet
1258 4201 1416 4259 hominibus
1429 4204 1462 4261 de
1483 4205 1594 4277 proprio
1604 4205 1623 4277 iv

143 4289 199 4338 tua
218 4281 411 4353 ordinationis,
426 4292 455 4341 et
476 4285 505 4341 in
530 4283 725 4344 festivitatibus
751 4290 799 4347 SS.
822 4306 939 4363 quorum
992 4303 1056 4350 nata
1082 4304 1157 4363 suut,
1186 4297 1225 4352 vel
1249 4296 1419 4352 infuturum
1445 4301 1503 4353 Deo
1528 4300 1623 4355 misera

143 4373 266 4447 reliquiis
283 4384 332 4434 tua
351 4375 497 4435 decoratur
516 4380 649 4451 Ecclesia,
674 4389 757 4455 atque
777 4384 807 4441 in
830 4384 942 4444 ordina·
996 4386 1110 4455 fuerint,
1136 4388 1187 4444 sub
1212 4387 1355 4458 cujuslibet
1377 4406 1466 4447 causae
1487 4390 1623 4448 occasioni

142 4469 219 4526 tione
232 4469 433 4543 episcoporum,
444 4486 493 4529 seu
506 4481 669 4531 oaeterorum
684 4475 858 4542 clericorum,
873 4489 900 4536 et
914 4481 942 4555 in
997 4480 1121 4536 minuere
1136 4481 1175 4536 vel
1196 4480 1314 4549 auferre,
1337 4484 1392 4539 sive
1405 4484 1461 4540 suis
1476 4484 1570 4541 usibus
1586 4499 1622 4558 ap

141 4565 348 4623 consecratione
377 4565 507 4623 eeclesiae.
535 4564 690 4625 Hortamur
709 4570 801 4643 itaque
815 4560 941 4629 fraterni·
994 4573 1053 4630 aliis
1065 4573 1140 4644 qtvasi
1163 4574 1216 4646 plis
1231 4574 1265 4630 de
1283 4577 1374 4632 caussis
1396 4594 1444 4649 pro
1459 4592 1517 4633 suae
1532 4578 1623 4633 avarit

143 4660 227 4711 tatem
245 4664 322 4713 tuam
338 4665 369 4714 ut
383 4656 472 4715 bonor
485 4668 573 4717 tautae
588 4659 743 4734 dignitatis,
760 4665 939 4737 supplemen-
994 4667 1070 4723 uene
1092 4668 1250 4726 concedere.
1277 4669 1330 4726 Sed
1352 4679 1452 4725 cuncta
1471 4685 1532 4743 quae
1546 4670 1583 4726 ibi
1605 4686 1623 4727 o

142 4752 204 4803 tum
222 4748 318 4821 utique
331 4751 417 4807 totius
430 4753 605 4810 sacerdotalis
618 4755 735 4826 ordinis,
749 4758 874 4815 moribus
886 4761 940 4817 tuis
994 4760 1035 4816 vel
1049 4759 1143 4818 offerri
1171 4762 1316 4834 contigerit
1336 4771 1420 4818 tama
1435 4772 1462 4819 te
1479 4779 1565 4836 quam
1584 4762 1620 4820 ab

141 4840 300 4908 conveniam
329 4849 358 4897 et
387 4845 559 4903 non-solum
582 4849 722 4918 exteriori,
745 4851 793 4909 sed
817 4852 939 4909 interiori
993 4864 1042 4912 tuo
1062 4856 1152 4913 officio
1180 4858 1293 4931 locoque
1315 4859 1506 4925 successerint,
1527 4873 1623 4931 petent

142 4931 250 4991 bomini
262 4941 311 4990 hro
325 4934 454 4993 decorem
473 4947 595 5010 praestet,
610 4949 638 4997 et
650 4943 785 5013 gratim,
804 4945 938 5018 siqnidem
994 4950 1108 5020 illibata,
1129 4959 1157 5006 et
1176 4952 1234 5008 sine
1259 4951 1450 5024 inquictudine
1472 4953 1599 5010 volumus

142 5024 194 5082 ista
205 5035 269 5085 sunt
279 5027 363 5099 pallii,
372 5028 423 5085 ista
434 5038 499 5086 sunt
513 5029 672 5103 hujusmodi
687 5035 840 5093 indumenti
850 5039 939 5110 signa,
993 5055 1090 5096 eorum
1111 5039 1225 5112 navidem
1250 5042 1354 5106 usibus,
1380 5059 1428 5113 pro
1455 5058 1572 5114 quorum
1591 5057 1623 5099 su

142 5122 175 5170 ut
196 5115 352 5175 Dominum
364 5133 398 5175 er
412 5125 471 5176 toto
485 5120 580 5186 corde,
595 5129 624 5178 et
635 5130 692 5180 tota
706 5124 808 5190 anima,
822 5134 851 5182 et
865 5129 939 5184 omni
992 5129 1242 5202 gubernationeque
1275 5147 1404 5188 concessa
1437 5141 1512 5198 suot,
1544 5131 1623 5188 modi

141 5200 243 5258 virtute
263 5202 369 5277 diligas,
388 5213 416 5262 et
439 5206 597 5277 proximum
615 5216 694 5265 tuum
712 5210 784 5267 sicut
807 5213 937 5285 teipsum.
993 5215 1147 5288 profutura.
1164 5219 1345 5288 Nominatim,
1368 5230 1435 5287 etc,
1451 5220 1552 5279 deinde
1565 5236 1623 5277 cun

141 5291 214 5349 Sam
234 5290 299 5348 lieet
317 5291 353 5351 aa
369 5308 451 5350 usum
475 5293 551 5367 pallii
563 5296 688 5353 omnium
709 5299 841 5357 virtutum
856 5318 938 5360 orna·
992 5305 1118 5362 sionibus
1130 5308 1307 5364 eurimeratis.

140 5389 235 5439 menta
250 5382 306 5439 sint
322 5384 486 5454 necessaria,
502 5386 722 5458 inseparabiliter
738 5395 834 5447 tamen
846 5391 937 5448 chari·
1030 5397 1129 5451 Datrrm
1142 5398 1270 5452 Laterani
1288 5414 1344 5456 vrrs
1366 5398 1503 5456 Kalendas
1517 5402 1621 5455 Decem

141 5478 201 5538 tas,
220 5486 282 5543 quae
296 5485 394 5529 omnes
411 5473 610 5546 superexcedit,
634 5492 668 5534 ac
680 5477 827 5551 pollentem
846 5480 936 5555 digni·
991 5496 1044 5539 nrts
1066 5483 1139 5540 Petri
1167 5486 1196 5540 S.
1225 5487 1256 5542 tt.
1286 5490 1316 5542 E.
1337 5487 1497 5561 presbyteri,
1520 5479 1623 5545 cardina

140 5564 197 5615 tate
207 5558 337 5615 comitari
355 5561 494 5620 convenit.
511 5563 552 5620 td
566 5563 698 5623 imitanda
714 5566 798 5641 igitur
811 5571 938 5627 omnium
991 5571 1100 5642 btiorh,
1114 5588 1186 5630 anno
1198 5591 1232 5631 xt
1246 5585 1321 5648 pont.
1332 5575 1408 5634 dom.
1418 5580 1535 5649 Gregor.
1550 5580 1623 5653 Vllp

140 5648 278 5707 bonerum
301 5648 496 5719 instrumenta,
512 5653 567 5710 vita
580 5663 608 5712 et
627 5656 742 5716 scientia
757 5666 805 5716 tua
819 5658 938 5717 subditis
993 5658 1119 5718 videlicet
1130 5662 1214 5720 Dom.
1230 5666 1366 5722 incarnat.
1386 5671 1466 5733 toea,
1479 5667 1572 5723 indict
1585 5682 1618 5725 vr

178 5776 251 5844 (tri)
265 5773 382 5834 Videtur
393 5774 497 5861 aliquid
510 5776 615 5838 deesse.
