<?xml version="1.0" encoding="UTF-8"?>
<!DOCTYPE html PUBLIC "-//W3C//DTD XHTML 1.0 Transitional//EN"
    "http://www.w3.org/TR/xhtml1/DTD/xhtml1-transitional.dtd">
<html xmlns="http://www.w3.org/1999/xhtml" xml:lang="en" lang="en">
 <head>
  <title>
</title>
<meta http-equiv="Content-Type" content="text/html;charset=utf-8" />
  <meta name='ocr-system' content='tesseract 3.04.00' />
  <meta name='ocr-capabilities' content='ocr_page ocr_carea ocr_par ocr_line ocrx_word'/>
</head>
<body>
  <div class='ocr_page' id='page_1' title='image "./patrologiaecurs02unkngoog_0465.png"; bbox 0 0 3870 6164; ppageno 0'>
   <div class='ocr_carea' id='block_1_1' title="bbox 146 317 203 372">
    <p class='ocr_par' dir='ltr' id='par_1_1' title="bbox 146 317 203 372">
     <span class='ocr_line' id='line_1_1' title="bbox 146 317 203 372; baseline 0.035 -2"><span class='ocrx_word' id='word_1_1' title='bbox 146 317 203 372; x_wconf 74' lang='lat'>925</span> 
     </span>
    </p>
   </div>
   <div class='ocr_carea' id='block_1_2' title="bbox 608 320 1347 383">
    <p class='ocr_par' dir='ltr' id='par_1_2' title="bbox 608 320 1347 383">
     <span class='ocr_line' id='line_1_2' title="bbox 608 320 1347 383; baseline 0.012 -9"><span class='ocrx_word' id='word_1_2' title='bbox 608 320 752 376; x_wconf 78' lang='lat' dir='ltr'>APPEND.</span> <span class='ocrx_word' id='word_1_3' title='bbox 772 322 815 377; x_wconf 85' lang='lat' dir='ltr'>tlt.</span> <span class='ocrx_word' id='word_1_4' title='bbox 835 336 875 362; x_wconf 81' lang='grc'>-’</span> <span class='ocrx_word' id='word_1_5' title='bbox 889 320 1099 381; x_wconf 69' lang='lat' dir='ltr'>nonuncium</span> <span class='ocrx_word' id='word_1_6' title='bbox 1118 325 1347 383; x_wconf 70' lang='lat' dir='ltr'>dracontius.</span> 
     </span>
    </p>
   </div>
   <div class='ocr_carea' id='block_1_3' title="bbox 1748 340 1801 393">
    <p class='ocr_par' dir='ltr' id='par_1_3' title="bbox 1748 340 1801 393">
     <span class='ocr_line' id='line_1_3' title="bbox 1748 340 1801 393; baseline 0.019 -1"><span class='ocrx_word' id='word_1_7' title='bbox 1748 340 1801 393; x_wconf 69' lang='grc' dir='ltr'>9ῗὸ</span> 
     </span>
    </p>
   </div>
   <div class='ocr_carea' id='block_1_4' title="bbox 146 440 1803 528">
    <p class='ocr_par' dir='ltr' id='par_1_4' title="bbox 146 440 1803 528">
     <span class='ocr_line' id='line_1_4' title="bbox 146 440 1803 528; baseline 0.014 -34"><span class='ocrx_word' id='word_1_8' title='bbox 146 440 250 511; x_wconf 88' lang='lat' dir='ltr'>pariter</span> <span class='ocrx_word' id='word_1_9' title='bbox 281 455 345 496; x_wconf 90' lang='lat' dir='ltr'>cum</span> <span class='ocrx_word' id='word_1_10' title='bbox 376 440 572 511; x_wconf 84' lang='lat' dir='ltr'>gloriosissima</span> <span class='ocrx_word' id='word_1_11' title='bbox 602 443 713 500; x_wconf 91' lang='lat' dir='ltr'>domina</span> <span class='ocrx_word' id='word_1_12' title='bbox 741 445 885 514; x_wconf 84' lang='lat' dir='ltr'>blathilda,</span> <span class='ocrx_word' id='word_1_13' title='bbox 920 454 948 502; x_wconf 87' lang='lat' dir='ltr'>et</span> <span class='ocrx_word' id='word_1_14' title='bbox 960 450 987 512; x_wconf 76' lang='grc' dir='ltr'><strong>Α</strong></span> <span class='ocrx_word' id='word_1_15' title='bbox 1003 447 1113 505; x_wconf 88' lang='lat' dir='ltr'>vitatem</span> <span class='ocrx_word' id='word_1_16' title='bbox 1136 452 1282 506; x_wconf 79' lang='lat' dir='ltr'><strong>Mantuam</strong></span> <span class='ocrx_word' id='word_1_17' title='bbox 1302 463 1489 524; x_wconf 79' lang='lat' dir='ltr'>concurreret,</span> <span class='ocrx_word' id='word_1_18' title='bbox 1504 457 1803 528; x_wconf 89' lang='lat' dir='ltr'>quidamdevillano·</span> 
     </span>
    </p>
   </div>
   <div class='ocr_carea' id='block_1_5' title="bbox 145 533 948 1645">
    <p class='ocr_par' dir='ltr' id='par_1_5' title="bbox 147 533 948 982">
     <span class='ocr_line' id='line_1_5' title="bbox 147 533 948 608; baseline 0.012 -21"><span class='ocrx_word' id='word_1_19' title='bbox 147 533 328 606; x_wconf 88' lang='lat' dir='ltr'>psallentibus</span> <span class='ocrx_word' id='word_1_20' title='bbox 356 534 384 590; x_wconf 91' lang='lat' dir='ltr'>in</span> <span class='ocrx_word' id='word_1_21' title='bbox 413 534 457 591; x_wconf 91' lang='lat' dir='ltr'>die</span> <span class='ocrx_word' id='word_1_22' title='bbox 488 545 583 593; x_wconf 80' lang='lat' dir='ltr'>sanem</span> <span class='ocrx_word' id='word_1_23' title='bbox 613 540 777 608; x_wconf 89' lang='lat' dir='ltr'>Parasceve,</span> <span class='ocrx_word' id='word_1_24' title='bbox 802 539 948 597; x_wconf 89' lang='lat' dir='ltr'>adveniens</span> 
     </span>
     <span class='ocr_line' id='line_1_6' title="bbox 148 626 946 705; baseline 0.01 -22"><span class='ocrx_word' id='word_1_25' title='bbox 148 626 277 699; x_wconf 79' lang='lat' dir='ltr'>quasdam</span> <span class='ocrx_word' id='word_1_26' title='bbox 293 627 408 698; x_wconf 92' lang='lat' dir='ltr'>deloco,</span> <span class='ocrx_word' id='word_1_27' title='bbox 421 629 467 701; x_wconf 90' lang='lat' dir='ltr'>qui</span> <span class='ocrx_word' id='word_1_28' title='bbox 481 630 635 698; x_wconf 86' lang='lat' dir='ltr'>Coloniole,</span> <span class='ocrx_word' id='word_1_29' title='bbox 649 647 712 705; x_wconf 82' lang='lat' dir='ltr'>quae</span> <span class='ocrx_word' id='word_1_30' title='bbox 721 632 809 690; x_wconf 88' lang='lat' dir='ltr'>visum</span> <span class='ocrx_word' id='word_1_31' title='bbox 823 634 946 705; x_wconf 90' lang='lat' dir='ltr'>perdide·</span> 
     </span>
     <span class='ocr_line' id='line_1_7' title="bbox 147 720 948 797; baseline 0.012 -22"><span class='ocrx_word' id='word_1_32' title='bbox 147 729 203 788; x_wconf 84' lang='lat' dir='ltr'>rat,</span> <span class='ocrx_word' id='word_1_33' title='bbox 218 720 288 776; x_wconf 89' lang='lat' dir='ltr'>flens</span> <span class='ocrx_word' id='word_1_34' title='bbox 303 728 330 777; x_wconf 92' lang='lat' dir='ltr'>et</span> <span class='ocrx_word' id='word_1_35' title='bbox 344 722 466 794; x_wconf 89' lang='lat' dir='ltr'>ejulans,</span> <span class='ocrx_word' id='word_1_36' title='bbox 487 722 665 782; x_wconf 88' lang='lat' dir='ltr'>devotissime</span> <span class='ocrx_word' id='word_1_37' title='bbox 680 725 781 783; x_wconf 87' lang='lat' dir='ltr'>faciens</span> <span class='ocrx_word' id='word_1_38' title='bbox 794 728 899 797; x_wconf 89' lang='lat' dir='ltr'>venias,</span> <span class='ocrx_word' id='word_1_39' title='bbox 919 737 948 785; x_wconf 88' lang='lat' dir='ltr'>ct</span> 
     </span>
     <span class='ocr_line' id='line_1_8' title="bbox 149 815 946 893; baseline 0.011 -24"><span class='ocrx_word' id='word_1_40' title='bbox 149 821 213 885; x_wconf 91' lang='lat' dir='ltr'>post</span> <span class='ocrx_word' id='word_1_41' title='bbox 226 815 317 886; x_wconf 89' lang='lat' dir='ltr'>aliqua</span> <span class='ocrx_word' id='word_1_42' title='bbox 328 831 451 889; x_wconf 79' lang='lat' dir='ltr'>surgens,</span> <span class='ocrx_word' id='word_1_43' title='bbox 467 818 562 874; x_wconf 90' lang='lat' dir='ltr'>oculos</span> <span class='ocrx_word' id='word_1_44' title='bbox 574 818 609 874; x_wconf 88' lang='lat' dir='ltr'>ad</span> <span class='ocrx_word' id='word_1_45' title='bbox 623 827 750 890; x_wconf 89' lang='lat' dir='ltr'>tapetum</span> <span class='ocrx_word' id='word_1_46' title='bbox 760 821 876 893; x_wconf 78' lang='lat' dir='ltr'>sepulcri</span> <span class='ocrx_word' id='word_1_47' title='bbox 890 830 946 878; x_wconf 88' lang='lat' dir='ltr'>ter-</span> 
     </span>
     <span class='ocr_line' id='line_1_9' title="bbox 148 908 484 982; baseline 0.012 -20"><span class='ocrx_word' id='word_1_48' title='bbox 148 908 197 976; x_wconf 86' lang='lat' dir='ltr'>sit,</span> <span class='ocrx_word' id='word_1_49' title='bbox 213 909 359 981; x_wconf 86' lang='lat' dir='ltr'>risumque</span> <span class='ocrx_word' id='word_1_50' title='bbox 371 910 484 982; x_wconf 89' lang='lat' dir='ltr'>recepit.</span> 
     </span>
    </p>

    <p class='ocr_par' dir='ltr' id='par_1_6' title="bbox 146 1002 946 1354">
     <span class='ocr_line' id='line_1_10' title="bbox 185 1002 946 1081; baseline 0.012 -24"><span class='ocrx_word' id='word_1_51' title='bbox 185 1003 253 1057; x_wconf 80' lang='lat' dir='ltr'>XX.</span> <span class='ocrx_word' id='word_1_52' title='bbox 266 1002 318 1058; x_wconf 91' lang='lat' dir='ltr'>Die</span> <span class='ocrx_word' id='word_1_53' title='bbox 328 1002 436 1059; x_wconf 89' lang='lat' dir='ltr'>decima</span> <span class='ocrx_word' id='word_1_54' title='bbox 444 1005 661 1074; x_wconf 88' lang='lat' dir='ltr'>octava,mulier</span> <span class='ocrx_word' id='word_1_55' title='bbox 668 1006 812 1065; x_wconf 89' lang='lat' dir='ltr'>etiamuna</span> <span class='ocrx_word' id='word_1_56' title='bbox 822 1008 946 1081; x_wconf 85' lang='lat' dir='ltr'>ejusdem</span> 
     </span>
     <span class='ocr_line' id='line_1_11' title="bbox 147 1096 946 1170; baseline 0.013 -19"><span class='ocrx_word' id='word_1_57' title='bbox 147 1096 266 1152; x_wconf 90' lang='lat' dir='ltr'>civitatis</span> <span class='ocrx_word' id='word_1_58' title='bbox 279 1112 337 1152; x_wconf 92' lang='lat' dir='ltr'>non</span> <span class='ocrx_word' id='word_1_59' title='bbox 361 1097 465 1170; x_wconf 89' lang='lat' dir='ltr'>ignota,</span> <span class='ocrx_word' id='word_1_60' title='bbox 490 1098 616 1156; x_wconf 91' lang='lat' dir='ltr'>dentium</span> <span class='ocrx_word' id='word_1_61' title='bbox 637 1100 734 1158; x_wconf 89' lang='lat' dir='ltr'>dolore</span> <span class='ocrx_word' id='word_1_62' title='bbox 757 1103 946 1161; x_wconf 76' lang='lat' dir='ltr'>remanorum</span> 
     </span>
     <span class='ocr_line' id='line_1_12' title="bbox 148 1189 946 1266; baseline 0.01 -21"><span class='ocrx_word' id='word_1_63' title='bbox 148 1189 331 1261; x_wconf 78' lang='lat' dir='ltr'>torquebatur</span> <span class='ocrx_word' id='word_1_64' title='bbox 345 1210 352 1246; x_wconf 74' lang='grc' dir='ltr'><strong>ε</strong></span> <span class='ocrx_word' id='word_1_65' title='bbox 365 1205 427 1262; x_wconf 82' lang='lat' dir='ltr'>quas</span> <span class='ocrx_word' id='word_1_66' title='bbox 440 1193 603 1265; x_wconf 82' lang='lat' dir='ltr'>confugiens</span> <span class='ocrx_word' id='word_1_67' title='bbox 617 1194 654 1251; x_wconf 88' lang='lat' dir='ltr'>ad</span> <span class='ocrx_word' id='word_1_68' title='bbox 668 1194 791 1266; x_wconf 80' lang='lat' dir='ltr'>praedicti</span> <span class='ocrx_word' id='word_1_69' title='bbox 805 1195 946 1254; x_wconf 88' lang='lat' dir='ltr'>confesso·</span> 
     </span>
     <span class='ocr_line' id='line_1_13' title="bbox 146 1283 679 1354; baseline 0.013 -16"><span class='ocrx_word' id='word_1_70' title='bbox 146 1285 187 1339; x_wconf 91' lang='lat' dir='ltr'>ris</span> <span class='ocrx_word' id='word_1_71' title='bbox 203 1283 373 1354; x_wconf 84' lang='lat' dir='ltr'>sepulcrum,</span> <span class='ocrx_word' id='word_1_72' title='bbox 386 1300 452 1341; x_wconf 89' lang='lat' dir='ltr'>sana</span> <span class='ocrx_word' id='word_1_73' title='bbox 466 1301 531 1342; x_wconf 85' lang='lat' dir='ltr'>mox</span> <span class='ocrx_word' id='word_1_74' title='bbox 542 1287 613 1345; x_wconf 89' lang='lat' dir='ltr'>lacta</span> <span class='ocrx_word' id='word_1_75' title='bbox 627 1297 679 1344; x_wconf 90' lang='lat' dir='ltr'>est.</span> 
     </span>
    </p>

    <p class='ocr_par' dir='ltr' id='par_1_7' title="bbox 145 1382 946 1645">
     <span class='ocr_line' id='line_1_14' title="bbox 183 1382 946 1460; baseline 0.013 -21"><span class='ocrx_word' id='word_1_76' title='bbox 183 1384 268 1439; x_wconf 81' lang='lat' dir='ltr'>xxi.</span> <span class='ocrx_word' id='word_1_77' title='bbox 281 1382 375 1439; x_wconf 75' lang='lat' dir='ltr'>Altera</span> <span class='ocrx_word' id='word_1_78' title='bbox 389 1385 494 1456; x_wconf 80' lang='lat' dir='ltr'>quaevis</span> <span class='ocrx_word' id='word_1_79' title='bbox 506 1384 539 1441; x_wconf 95' lang='lat' dir='ltr'>de</span> <span class='ocrx_word' id='word_1_80' title='bbox 554 1386 666 1458; x_wconf 93' lang='lat' dir='ltr'>oppido,</span> <span class='ocrx_word' id='word_1_81' title='bbox 677 1387 751 1460; x_wconf 93' lang='lat' dir='ltr'>quod</span> <span class='ocrx_word' id='word_1_82' title='bbox 766 1389 946 1449; x_wconf 79' lang='lat' dir='ltr'>castellucule</span> 
     </span>
     <span class='ocr_line' id='line_1_15' title="bbox 145 1476 945 1555; baseline 0.014 -25"><span class='ocrx_word' id='word_1_83' title='bbox 145 1477 309 1547; x_wconf 87' lang='lat' dir='ltr'>appellatur,</span> <span class='ocrx_word' id='word_1_84' title='bbox 321 1476 389 1533; x_wconf 87' lang='lat' dir='ltr'>adeo</span> <span class='ocrx_word' id='word_1_85' title='bbox 400 1477 537 1534; x_wconf 88' lang='lat' dir='ltr'>infirmata</span> <span class='ocrx_word' id='word_1_86' title='bbox 553 1487 636 1535; x_wconf 88' lang='lat' dir='ltr'>estut</span> <span class='ocrx_word' id='word_1_87' title='bbox 649 1497 664 1536; x_wconf 91' lang='lat' dir='ltr'>a</span> <span class='ocrx_word' id='word_1_88' title='bbox 677 1482 748 1538; x_wconf 87' lang='lat' dir='ltr'>lecto</span> <span class='ocrx_word' id='word_1_89' title='bbox 760 1498 874 1555; x_wconf 82' lang='lat' dir='ltr'>surgere</span> <span class='ocrx_word' id='word_1_90' title='bbox 887 1501 945 1541; x_wconf 91' lang='lat' dir='ltr'>non</span> 
     </span>
     <span class='ocr_line' id='line_1_16' title="bbox 146 1569 944 1645; baseline 0.013 -21"><span class='ocrx_word' id='word_1_91' title='bbox 146 1578 240 1642; x_wconf 88' lang='lat' dir='ltr'>posset</span> <span class='ocrx_word' id='word_1_92' title='bbox 258 1569 314 1626; x_wconf 88' lang='lat' dir='ltr'>ullo</span> <span class='ocrx_word' id='word_1_93' title='bbox 335 1570 429 1627; x_wconf 90' lang='lat' dir='ltr'>modo.</span> <span class='ocrx_word' id='word_1_94' title='bbox 445 1573 524 1638; x_wconf 75' lang='lat' dir='ltr'>Haec,</span> <span class='ocrx_word' id='word_1_95' title='bbox 549 1572 650 1629; x_wconf 92' lang='lat' dir='ltr'>auditis</span> <span class='ocrx_word' id='word_1_96' title='bbox 667 1582 709 1631; x_wconf 92' lang='lat' dir='ltr'>tot</span> <span class='ocrx_word' id='word_1_97' title='bbox 727 1575 875 1645; x_wconf 91' lang='lat' dir='ltr'>miraculis,</span> <span class='ocrx_word' id='word_1_98' title='bbox 893 1594 944 1635; x_wconf 94' lang='lat' dir='ltr'>vo-</span> 
     </span>
    </p>
   </div>
   <div class='ocr_carea' id='block_1_6' title="bbox 998 542 1801 1648">
    <p class='ocr_par' dir='ltr' id='par_1_8' title="bbox 998 542 1801 1648">
     <span class='ocr_line' id='line_1_17' title="bbox 1002 542 1799 620; baseline 0.019 -23"><span class='ocrx_word' id='word_1_99' title='bbox 1002 542 1077 598; x_wconf 90' lang='lat' dir='ltr'>minc</span> <span class='ocrx_word' id='word_1_100' title='bbox 1092 544 1248 612; x_wconf 86' lang='lat' dir='ltr'>Fornicata,</span> <span class='ocrx_word' id='word_1_101' title='bbox 1269 552 1297 600; x_wconf 88' lang='lat' dir='ltr'>ct</span> <span class='ocrx_word' id='word_1_102' title='bbox 1311 545 1376 614; x_wconf 86' lang='lat' dir='ltr'>alia,</span> <span class='ocrx_word' id='word_1_103' title='bbox 1392 563 1454 618; x_wconf 76' lang='lat' dir='ltr'>quae</span> <span class='ocrx_word' id='word_1_104' title='bbox 1471 549 1585 607; x_wconf 89' lang='lat' dir='ltr'>Blittolo</span> <span class='ocrx_word' id='word_1_105' title='bbox 1598 552 1714 620; x_wconf 89' lang='lat' dir='ltr'>dicitur,</span> <span class='ocrx_word' id='word_1_106' title='bbox 1734 571 1799 612; x_wconf 80' lang='lat' dir='ltr'>crum</span> 
     </span>
     <span class='ocr_line' id='line_1_18' title="bbox 1002 636 1799 712; baseline 0.02 -23"><span class='ocrx_word' id='word_1_107' title='bbox 1002 636 1106 692; x_wconf 88' lang='lat' dir='ltr'>vexillis</span> <span class='ocrx_word' id='word_1_108' title='bbox 1129 645 1157 693; x_wconf 92' lang='lat' dir='ltr'>et</span> <span class='ocrx_word' id='word_1_109' title='bbox 1179 639 1340 695; x_wconf 78' lang='lat' dir='ltr'>sanctuariis</span> <span class='ocrx_word' id='word_1_110' title='bbox 1353 641 1497 712; x_wconf 81' lang='lat' dir='ltr'>reliquiisl,</span> <span class='ocrx_word' id='word_1_111' title='bbox 1521 644 1594 700; x_wconf 90' lang='lat' dir='ltr'>sicut</span> <span class='ocrx_word' id='word_1_112' title='bbox 1618 655 1660 702; x_wconf 88' lang='lat' dir='ltr'>est</span> <span class='ocrx_word' id='word_1_113' title='bbox 1683 662 1799 704; x_wconf 86' lang='lat' dir='ltr'>consue-</span> 
     </span>
     <span class='ocr_line' id='line_1_19' title="bbox 1000 728 1798 810; baseline 0.016 -26"><span class='ocrx_word' id='word_1_114' title='bbox 1000 728 1081 797; x_wconf 92' lang='lat' dir='ltr'>tudo,</span> <span class='ocrx_word' id='word_1_115' title='bbox 1097 730 1247 801; x_wconf 89' lang='lat' dir='ltr'>venientes,</span> <span class='ocrx_word' id='word_1_116' title='bbox 1273 740 1301 788; x_wconf 87' lang='lat' dir='ltr'>et</span> <span class='ocrx_word' id='word_1_117' title='bbox 1324 748 1402 790; x_wconf 90' lang='lat' dir='ltr'>secus</span> <span class='ocrx_word' id='word_1_118' title='bbox 1423 734 1497 791; x_wconf 91' lang='lat' dir='ltr'>viam</span> <span class='ocrx_word' id='word_1_119' title='bbox 1518 738 1718 810; x_wconf 83' lang='lat' dir='ltr'>conspicientes</span> <span class='ocrx_word' id='word_1_120' title='bbox 1739 757 1798 797; x_wconf 87' lang='lat' dir='ltr'>cer·</span> 
     </span>
     <span class='ocr_line' id='line_1_20' title="bbox 1001 826 1798 905; baseline 0.016 -28"><span class='ocrx_word' id='word_1_121' title='bbox 1001 838 1065 878; x_wconf 90' lang='lat' dir='ltr'>vam</span> <span class='ocrx_word' id='word_1_122' title='bbox 1079 839 1164 880; x_wconf 89' lang='lat' dir='ltr'>unam</span> <span class='ocrx_word' id='word_1_123' title='bbox 1185 840 1325 898; x_wconf 88' lang='lat' dir='ltr'>magnam,</span> <span class='ocrx_word' id='word_1_124' title='bbox 1340 826 1475 884; x_wconf 86' lang='lat' dir='ltr'>admoniti</span> <span class='ocrx_word' id='word_1_125' title='bbox 1499 831 1652 902; x_wconf 85' lang='lat' dir='ltr'>aquodam</span> <span class='ocrx_word' id='word_1_126' title='bbox 1675 833 1798 905; x_wconf 92' lang='lat' dir='ltr'>ipsorum</span> 
     </span>
     <span class='ocr_line' id='line_1_21' title="bbox 1001 916 1800 996; baseline 0.016 -25"><span class='ocrx_word' id='word_1_127' title='bbox 1001 916 1172 989; x_wconf 79' lang='lat' dir='ltr'>presbytero,</span> <span class='ocrx_word' id='word_1_128' title='bbox 1188 926 1332 991; x_wconf 83' lang='lat' dir='ltr'>coeperunt</span> <span class='ocrx_word' id='word_1_129' title='bbox 1343 923 1572 992; x_wconf 87' lang='lat' dir='ltr'>omnipotentiam</span> <span class='ocrx_word' id='word_1_130' title='bbox 1590 926 1643 981; x_wconf 91' lang='lat' dir='ltr'>Dei</span> <span class='ocrx_word' id='word_1_131' title='bbox 1656 925 1800 996; x_wconf 89' lang='lat' dir='ltr'>invocare,</span> 
     </span>
     <span class='ocr_line' id='line_1_22' title="bbox 1001 1011 1798 1092; baseline 0.018 -28"><span class='ocrx_word' id='word_1_132' title='bbox 1001 1019 1136 1083; x_wconf 88' lang='lat' dir='ltr'>qnatenus</span> <span class='ocrx_word' id='word_1_133' title='bbox 1149 1011 1255 1068; x_wconf 89' lang='lat' dir='ltr'>meritis</span> <span class='ocrx_word' id='word_1_134' title='bbox 1263 1013 1426 1071; x_wconf 84' lang='lat' dir='ltr'>sanctissimi</span> <span class='ocrx_word' id='word_1_135' title='bbox 1435 1015 1477 1072; x_wconf 91' lang='lat' dir='ltr'>sui</span> <span class='ocrx_word' id='word_1_136' title='bbox 1490 1017 1653 1088; x_wconf 89' lang='lat' dir='ltr'>sacerdotis,</span> <span class='ocrx_word' id='word_1_137' title='bbox 1667 1019 1702 1077; x_wconf 91' lang='lat' dir='ltr'>ad</span> <span class='ocrx_word' id='word_1_138' title='bbox 1713 1035 1798 1092; x_wconf 87' lang='lat' dir='ltr'>quem</span> 
     </span>
     <span class='ocr_line' id='line_1_23' title="bbox 1000 1102 1798 1182; baseline 0.013 -23"><span class='ocrx_word' id='word_1_139' title='bbox 1000 1102 1097 1159; x_wconf 89' lang='lat' dir='ltr'>devote</span> <span class='ocrx_word' id='word_1_140' title='bbox 1110 1104 1271 1175; x_wconf 82' lang='lat' dir='ltr'>pergebant,</span> <span class='ocrx_word' id='word_1_141' title='bbox 1282 1105 1452 1179; x_wconf 86' lang='lat' dir='ltr'>illaesamque</span> <span class='ocrx_word' id='word_1_142' title='bbox 1466 1108 1508 1164; x_wconf 89' lang='lat' dir='ltr'>eis</span> <span class='ocrx_word' id='word_1_143' title='bbox 1521 1110 1608 1182; x_wconf 90' lang='lat' dir='ltr'>ipsam</span> <span class='ocrx_word' id='word_1_144' title='bbox 1623 1110 1798 1181; x_wconf 82' lang='lat' dir='ltr'>concederet,</span> 
     </span>
     <span class='ocr_line' id='line_1_24' title="bbox 1001 1196 1800 1275; baseline 0.014 -24"><span class='ocrx_word' id='word_1_145' title='bbox 1001 1196 1075 1268; x_wconf 91' lang='lat' dir='ltr'>qnod</span> <span class='ocrx_word' id='word_1_146' title='bbox 1088 1205 1117 1252; x_wconf 93' lang='lat' dir='ltr'>et</span> <span class='ocrx_word' id='word_1_147' title='bbox 1127 1198 1168 1253; x_wconf 88' lang='lat' dir='ltr'>sic</span> <span class='ocrx_word' id='word_1_148' title='bbox 1178 1197 1285 1254; x_wconf 91' lang='lat' dir='ltr'>factum</span> <span class='ocrx_word' id='word_1_149' title='bbox 1297 1208 1349 1256; x_wconf 92' lang='lat' dir='ltr'>est.</span> <span class='ocrx_word' id='word_1_150' title='bbox 1369 1202 1449 1266; x_wconf 89' lang='lat' dir='ltr'>Nam,</span> <span class='ocrx_word' id='word_1_151' title='bbox 1462 1203 1541 1275; x_wconf 88' lang='lat' dir='ltr'>quasi</span> <span class='ocrx_word' id='word_1_152' title='bbox 1561 1203 1615 1259; x_wconf 85' lang='lat' dir='ltr'>fixa</span> <span class='ocrx_word' id='word_1_153' title='bbox 1631 1205 1704 1274; x_wconf 91' lang='lat' dir='ltr'>loeo,</span> <span class='ocrx_word' id='word_1_154' title='bbox 1723 1207 1800 1262; x_wconf 86' lang='lat' dir='ltr'>stetit</span> 
     </span>
     <span class='ocr_line' id='line_1_25' title="bbox 1000 1290 1798 1369; baseline 0.011 -23"><span class='ocrx_word' id='word_1_155' title='bbox 1000 1290 1102 1362; x_wconf 90' lang='lat' dir='ltr'>quieta.</span> <span class='ocrx_word' id='word_1_156' title='bbox 1123 1292 1160 1346; x_wconf 76' lang='lat' dir='ltr'>At</span> <span class='ocrx_word' id='word_1_157' title='bbox 1180 1290 1234 1361; x_wconf 90' lang='lat' dir='ltr'>illi,</span> <span class='ocrx_word' id='word_1_158' title='bbox 1249 1294 1335 1350; x_wconf 92' lang='lat' dir='ltr'>misso</span> <span class='ocrx_word' id='word_1_159' title='bbox 1350 1294 1379 1350; x_wconf 94' lang='lat' dir='ltr'>in</span> <span class='ocrx_word' id='word_1_160' title='bbox 1393 1295 1495 1351; x_wconf 91' lang='lat' dir='ltr'>collum</span> <span class='ocrx_word' id='word_1_161' title='bbox 1509 1296 1570 1369; x_wconf 83' lang='lat' dir='ltr'>ejus</span> <span class='ocrx_word' id='word_1_162' title='bbox 1587 1298 1711 1369; x_wconf 88' lang='lat' dir='ltr'>quodam</span> <span class='ocrx_word' id='word_1_163' title='bbox 1727 1297 1798 1356; x_wconf 90' lang='lat' dir='ltr'>luni·</span> 
     </span>
     <span class='ocr_line' id='line_1_26' title="bbox 999 1382 1798 1458; baseline 0.013 -20"><span class='ocrx_word' id='word_1_164' title='bbox 999 1382 1073 1450; x_wconf 77' lang='lat' dir='ltr'>cillo,</span> <span class='ocrx_word' id='word_1_165' title='bbox 1104 1383 1249 1458; x_wconf 90' lang='lat' dir='ltr'>adusque</span> <span class='ocrx_word' id='word_1_166' title='bbox 1274 1386 1431 1457; x_wconf 88' lang='lat' dir='ltr'>sepulcrum</span> <span class='ocrx_word' id='word_1_167' title='bbox 1455 1389 1604 1447; x_wconf 91' lang='lat' dir='ltr'>venerandi</span> <span class='ocrx_word' id='word_1_168' title='bbox 1630 1389 1798 1448; x_wconf 90' lang='lat' dir='ltr'>confessoris</span> 
     </span>
     <span class='ocr_line' id='line_1_27' title="bbox 999 1478 1801 1556; baseline 0.011 -24"><span class='ocrx_word' id='word_1_169' title='bbox 999 1478 1222 1534; x_wconf 87' lang='lat' dir='ltr'>mansuetissime</span> <span class='ocrx_word' id='word_1_170' title='bbox 1236 1478 1432 1550; x_wconf 79' lang='lat' dir='ltr'>perduxerunt.</span> <span class='ocrx_word' id='word_1_171' title='bbox 1448 1483 1550 1539; x_wconf 86' lang='lat' dir='ltr'>Factus</span> <span class='ocrx_word' id='word_1_172' title='bbox 1568 1490 1610 1539; x_wconf 85' lang='lat' dir='ltr'>est</span> <span class='ocrx_word' id='word_1_173' title='bbox 1624 1485 1718 1556; x_wconf 85' lang='lat' dir='ltr'>itaque</span> <span class='ocrx_word' id='word_1_174' title='bbox 1732 1485 1801 1542; x_wconf 78' lang='lat' dir='ltr'>inae-</span> 
     </span>
     <span class='ocr_line' id='line_1_28' title="bbox 998 1570 1791 1648; baseline 0.011 -23"><span class='ocrx_word' id='word_1_175' title='bbox 998 1570 1144 1626; x_wconf 89' lang='lat' dir='ltr'>stimabilis</span> <span class='ocrx_word' id='word_1_176' title='bbox 1161 1571 1251 1628; x_wconf 86' lang='lat' dir='ltr'>turbae</span> <span class='ocrx_word' id='word_1_177' title='bbox 1265 1587 1427 1631; x_wconf 89' lang='lat' dir='ltr'>concursus.</span> <span class='ocrx_word' id='word_1_178' title='bbox 1448 1575 1502 1631; x_wconf 78' lang='lat' dir='ltr'>Alii</span> <span class='ocrx_word' id='word_1_179' title='bbox 1525 1575 1595 1646; x_wconf 89' lang='lat' dir='ltr'>pilos</span> <span class='ocrx_word' id='word_1_180' title='bbox 1611 1577 1707 1648; x_wconf 90' lang='lat' dir='ltr'>ipsius,</span> <span class='ocrx_word' id='word_1_181' title='bbox 1729 1586 1791 1633; x_wconf 90' lang='lat' dir='ltr'>tan-</span> 
     </span>
    </p>
   </div>
   <div class='ocr_carea' id='block_1_7' title="bbox 144 1661 1795 1742">
    <p class='ocr_par' dir='ltr' id='par_1_9' title="bbox 144 1661 1795 1742">
     <span class='ocr_line' id='line_1_29' title="bbox 144 1661 1795 1742; baseline 0.004 -23"><span class='ocrx_word' id='word_1_182' title='bbox 144 1671 208 1719; x_wconf 88' lang='lat' dir='ltr'>tam</span> <span class='ocrx_word' id='word_1_183' title='bbox 233 1661 309 1732; x_wconf 89' lang='lat' dir='ltr'>lecit,</span> <span class='ocrx_word' id='word_1_184' title='bbox 331 1664 468 1736; x_wconf 88' lang='lat' dir='ltr'>pauloque</span> <span class='ocrx_word' id='word_1_185' title='bbox 483 1673 546 1737; x_wconf 90' lang='lat' dir='ltr'>post</span> <span class='ocrx_word' id='word_1_186' title='bbox 559 1667 654 1733; x_wconf 88' lang='lat' dir='ltr'>evasit,</span> <span class='ocrx_word' id='word_1_187' title='bbox 681 1676 766 1742; x_wconf 86' lang='lat' dir='ltr'>atque</span> <span class='ocrx_word' id='word_1_188' title='bbox 780 1679 876 1728; x_wconf 88' lang='lat' dir='ltr'>octava</span> <span class='ocrx_word' id='word_1_189' title='bbox 898 1672 944 1729; x_wconf 94' lang='lat' dir='ltr'>die</span> <span class='ocrx_word' id='word_1_190' title='bbox 996 1678 1082 1736; x_wconf 92' lang='lat' dir='ltr'>quam</span> <span class='ocrx_word' id='word_1_191' title='bbox 1104 1664 1227 1721; x_wconf 88' lang='lat' dir='ltr'>veritatis</span> <span class='ocrx_word' id='word_1_192' title='bbox 1250 1664 1397 1736; x_wconf 86' lang='lat' dir='ltr'>indicium,</span> <span class='ocrx_word' id='word_1_193' title='bbox 1418 1677 1577 1739; x_wconf 90' lang='lat' dir='ltr'>rapuerunt.</span> <span class='ocrx_word' id='word_1_194' title='bbox 1604 1668 1660 1724; x_wconf 81' lang='lat' dir='ltr'>alti</span> <span class='ocrx_word' id='word_1_195' title='bbox 1686 1675 1795 1727; x_wconf 90' lang='lat' dir='ltr'>tantum</span> 
     </span>
    </p>
   </div>
   <div class='ocr_carea' id='block_1_8' title="bbox 144 1755 943 1922">
    <p class='ocr_par' dir='ltr' id='par_1_10' title="bbox 144 1755 943 1922">
     <span class='ocr_line' id='line_1_30' title="bbox 144 1755 943 1833; baseline 0.014 -22"><span class='ocrx_word' id='word_1_196' title='bbox 144 1755 263 1829; x_wconf 90' lang='lat' dir='ltr'>pedibus</span> <span class='ocrx_word' id='word_1_197' title='bbox 277 1757 335 1813; x_wconf 89' lang='lat' dir='ltr'>suis</span> <span class='ocrx_word' id='word_1_198' title='bbox 348 1757 384 1813; x_wconf 91' lang='lat' dir='ltr'>ad</span> <span class='ocrx_word' id='word_1_199' title='bbox 398 1759 484 1815; x_wconf 90' lang='lat' dir='ltr'>sancti</span> <span class='ocrx_word' id='word_1_200' title='bbox 505 1758 556 1815; x_wconf 89' lang='lat' dir='ltr'>viri</span> <span class='ocrx_word' id='word_1_201' title='bbox 573 1761 700 1818; x_wconf 88' lang='lat' dir='ltr'>tumbam</span> <span class='ocrx_word' id='word_1_202' title='bbox 712 1764 833 1833; x_wconf 87' lang='lat' dir='ltr'>veniens,</span> <span class='ocrx_word' id='word_1_203' title='bbox 849 1773 943 1822; x_wconf 88' lang='lat' dir='ltr'>votum</span> 
     </span>
     <span class='ocr_line' id='line_1_31' title="bbox 145 1851 426 1922; baseline 0.011 -16"><span class='ocrx_word' id='word_1_204' title='bbox 145 1851 266 1922; x_wconf 87' lang='lat' dir='ltr'>ipsamet</span> <span class='ocrx_word' id='word_1_205' title='bbox 285 1852 426 1922; x_wconf 85' lang='lat' dir='ltr'>persolvit.</span> 
     </span>
    </p>
   </div>
   <div class='ocr_carea' id='block_1_9' title="bbox 998 1756 1794 1833">
    <p class='ocr_par' dir='ltr' id='par_1_11' title="bbox 998 1756 1794 1833">
     <span class='ocr_line' id='line_1_32' title="bbox 998 1756 1794 1833; baseline 0.011 -23"><span class='ocrx_word' id='word_1_206' title='bbox 998 1756 1089 1814; x_wconf 84' lang='lat' dir='ltr'>ridere</span> <span class='ocrx_word' id='word_1_207' title='bbox 1103 1759 1261 1828; x_wconf 86' lang='lat' dir='ltr'>cupierunt;</span> <span class='ocrx_word' id='word_1_208' title='bbox 1279 1774 1376 1816; x_wconf 91' lang='lat' dir='ltr'>omnes</span> <span class='ocrx_word' id='word_1_209' title='bbox 1390 1770 1483 1817; x_wconf 89' lang='lat' dir='ltr'>aurem</span> <span class='ocrx_word' id='word_1_210' title='bbox 1496 1762 1688 1833; x_wconf 70' lang='lat' dir='ltr'>aequanimiter</span> <span class='ocrx_word' id='word_1_211' title='bbox 1702 1764 1794 1819; x_wconf 91' lang='lat' dir='ltr'>mirati</span> 
     </span>
    </p>
   </div>
   <div class='ocr_carea' id='block_1_10' title="bbox 958 1846 1795 1926">
    <p class='ocr_par' dir='ltr' id='par_1_12' title="bbox 958 1846 1795 1926">
     <span class='ocr_line' id='line_1_33' title="bbox 958 1846 1795 1926; baseline 0.002 -16"><span class='ocrx_word' id='word_1_212' title='bbox 958 1846 1069 1910; x_wconf 89' lang='lat' dir='ltr'>Bsunt.</span> <span class='ocrx_word' id='word_1_213' title='bbox 1099 1850 1167 1917; x_wconf 88' lang='lat' dir='ltr'>Sed,</span> <span class='ocrx_word' id='word_1_214' title='bbox 1193 1853 1255 1924; x_wconf 88' lang='lat' dir='ltr'>quia</span> <span class='ocrx_word' id='word_1_215' title='bbox 1284 1861 1345 1910; x_wconf 89' lang='lat' dir='ltr'>erat</span> <span class='ocrx_word' id='word_1_216' title='bbox 1369 1853 1498 1926; x_wconf 86' lang='lat' dir='ltr'>gravida,</span> <span class='ocrx_word' id='word_1_217' title='bbox 1524 1863 1632 1911; x_wconf 88' lang='lat' dir='ltr'>tantam</span> <span class='ocrx_word' id='word_1_218' title='bbox 1657 1857 1795 1912; x_wconf 87' lang='lat' dir='ltr'>sustinere</span> 
     </span>
    </p>
   </div>
   <div class='ocr_carea' id='block_1_11' title="bbox 142 1945 1826 2487">
    <p class='ocr_par' dir='ltr' id='par_1_13' title="bbox 142 1945 1826 2487">
     <span class='ocr_line' id='line_1_34' title="bbox 180 1945 1826 2029; baseline 0.015 -30"><span class='ocrx_word' id='word_1_219' title='bbox 180 1946 275 2000; x_wconf 79' lang='lat' dir='ltr'>xxii.</span> <span class='ocrx_word' id='word_1_220' title='bbox 286 1945 338 2002; x_wconf 90' lang='lat' dir='ltr'>Die</span> <span class='ocrx_word' id='word_1_221' title='bbox 350 1947 478 2018; x_wconf 89' lang='lat' dir='ltr'>vigesima</span> <span class='ocrx_word' id='word_1_222' title='bbox 492 1949 592 2020; x_wconf 92' lang='lat' dir='ltr'>prima,</span> <span class='ocrx_word' id='word_1_223' title='bbox 606 1957 665 2005; x_wconf 88' lang='lat' dir='ltr'>erat</span> <span class='ocrx_word' id='word_1_224' title='bbox 673 1949 784 2023; x_wconf 91' lang='lat' dir='ltr'>insuper</span> <span class='ocrx_word' id='word_1_225' title='bbox 791 1952 857 2009; x_wconf 86' lang='lat' dir='ltr'>civis</span> <span class='ocrx_word' id='word_1_226' title='bbox 865 1955 942 2010; x_wconf 86' lang='lat' dir='ltr'>blan·</span> <span class='ocrx_word' id='word_1_227' title='bbox 998 1960 1154 2015; x_wconf 85' lang='lat' dir='ltr'>pressuram</span> <span class='ocrx_word' id='word_1_228' title='bbox 1176 1961 1232 2003; x_wconf 79' lang='lat'>¹¹⁰⁰</span> <span class='ocrx_word' id='word_1_229' title='bbox 1247 1947 1352 2018; x_wconf 91' lang='lat' dir='ltr'>potuit,</span> <span class='ocrx_word' id='word_1_230' title='bbox 1374 1946 1410 2003; x_wconf 66' lang='grc'>111</span> <span class='ocrx_word' id='word_1_231' title='bbox 1424 1950 1580 2019; x_wconf 50' lang='lat' dir='ltr'>&amp;fustium</span> <span class='ocrx_word' id='word_1_232' title='bbox 1594 1957 1689 2006; x_wconf 50' lang='lat' dir='ltr'>‘³¹⁰⁰ss</span> <span class='ocrx_word' id='word_1_233' title='bbox 1704 1965 1798 2022; x_wconf 85' lang='lat' dir='ltr'>perve·</span> <span class='ocrx_word' id='word_1_234' title='bbox 1823 2024 1826 2029; x_wconf 76' lang='grc'>,</span> 
     </span>
     <span class='ocr_line' id='line_1_35' title="bbox 143 2039 1795 2115; baseline 0.01 -21"><span class='ocrx_word' id='word_1_235' title='bbox 143 2046 260 2107; x_wconf 78' lang='lat' dir='ltr'>uranus,</span> <span class='ocrx_word' id='word_1_236' title='bbox 272 2039 334 2111; x_wconf 89' lang='lat' dir='ltr'>qui,</span> <span class='ocrx_word' id='word_1_237' title='bbox 347 2041 556 2111; x_wconf 87' lang='lat' dir='ltr'>superveniente</span> <span class='ocrx_word' id='word_1_238' title='bbox 569 2042 707 2115; x_wconf 86' lang='lat' dir='ltr'>albugine,</span> <span class='ocrx_word' id='word_1_239' title='bbox 723 2045 804 2101; x_wconf 91' lang='lat' dir='ltr'>unius</span> <span class='ocrx_word' id='word_1_240' title='bbox 817 2047 891 2102; x_wconf 91' lang='lat' dir='ltr'>oculi</span> <span class='ocrx_word' id='word_1_241' title='bbox 903 2048 943 2103; x_wconf 93' lang='lat' dir='ltr'>vi·</span> <span class='ocrx_word' id='word_1_242' title='bbox 995 2039 1049 2106; x_wconf 69' lang='grc'><strong>1111,</strong></span> <span class='ocrx_word' id='word_1_243' title='bbox 1072 2039 1166 2110; x_wconf 67' lang='lat' dir='ltr'>ibique</span> <span class='ocrx_word' id='word_1_244' title='bbox 1187 2039 1351 2108; x_wconf 64' lang='lat' dir='ltr'>⁸¹¹⁰⁰l¹b¹¹5l3</span> <span class='ocrx_word' id='word_1_245' title='bbox 1375 2048 1402 2097; x_wconf 67' lang='lat'>01</span> <span class='ocrx_word' id='word_1_246' title='bbox 1417 2041 1499 2113; x_wconf 73' lang='lat' dir='ltr'><strong>P³U¹0</strong></span> <span class='ocrx_word' id='word_1_247' title='bbox 1514 2050 1594 2113; x_wconf 63' lang='grc'><strong>11081,</strong></span> <span class='ocrx_word' id='word_1_248' title='bbox 1616 2042 1683 2099; x_wconf 73' lang='lat' dir='ltr'>dum</span> <span class='ocrx_word' id='word_1_249' title='bbox 1705 2044 1795 2099; x_wconf 87' lang='lat' dir='ltr'>vivere</span> 
     </span>
     <span class='ocr_line' id='line_1_36' title="bbox 142 2133 1795 2211; baseline 0.007 -22"><span class='ocrx_word' id='word_1_250' title='bbox 142 2149 207 2189; x_wconf 92' lang='lat' dir='ltr'>snm</span> <span class='ocrx_word' id='word_1_251' title='bbox 229 2133 367 2191; x_wconf 88' lang='lat' dir='ltr'>amiserat.</span> <span class='ocrx_word' id='word_1_252' title='bbox 390 2136 477 2193; x_wconf 84' lang='lat' dir='ltr'>Multa</span> <span class='ocrx_word' id='word_1_253' title='bbox 492 2137 586 2210; x_wconf 91' lang='lat' dir='ltr'>itaque</span> <span class='ocrx_word' id='word_1_254' title='bbox 600 2138 629 2192; x_wconf 92' lang='lat' dir='ltr'>in</span> <span class='ocrx_word' id='word_1_255' title='bbox 644 2138 768 2195; x_wconf 90' lang='lat' dir='ltr'>medicos</span> <span class='ocrx_word' id='word_1_256' title='bbox 781 2141 943 2211; x_wconf 85' lang='lat' dir='ltr'>expendens</span> <span class='ocrx_word' id='word_1_257' title='bbox 997 2147 1054 2187; x_wconf 81' lang='grc'><strong>11011</strong></span> <span class='ocrx_word' id='word_1_258' title='bbox 1068 2140 1172 2203; x_wconf 60' lang='grc'><strong>1101111,</strong></span> <span class='ocrx_word' id='word_1_259' title='bbox 1188 2133 1278 2189; x_wconf 72' lang='grc'><strong>011111</strong></span> <span class='ocrx_word' id='word_1_260' title='bbox 1293 2142 1354 2201; x_wconf 88' lang='lat' dir='ltr'>est;</span> <span class='ocrx_word' id='word_1_261' title='bbox 1370 2134 1795 2207; x_wconf 68' lang='grc'><strong>11111111011111111111111110111111</strong></span> 
     </span>
     <span class='ocr_line' id='line_1_37' title="bbox 142 2223 1794 2307; baseline 0.011 -25"><span class='ocrx_word' id='word_1_262' title='bbox 142 2226 267 2299; x_wconf 83' lang='lat' dir='ltr'>nihilque</span> <span class='ocrx_word' id='word_1_263' title='bbox 285 2226 444 2299; x_wconf 87' lang='lat' dir='ltr'>proficiens,</span> <span class='ocrx_word' id='word_1_264' title='bbox 458 2229 493 2286; x_wconf 90' lang='lat' dir='ltr'>ad</span> <span class='ocrx_word' id='word_1_265' title='bbox 508 2245 602 2287; x_wconf 88' lang='lat' dir='ltr'>verum</span> <span class='ocrx_word' id='word_1_266' title='bbox 616 2231 759 2288; x_wconf 90' lang='lat' dir='ltr'>medicum</span> <span class='ocrx_word' id='word_1_267' title='bbox 771 2233 877 2299; x_wconf 86' lang='lat' dir='ltr'>salutis,</span> <span class='ocrx_word' id='word_1_268' title='bbox 892 2251 942 2307; x_wconf 91' lang='lat' dir='ltr'>per</span> <span class='ocrx_word' id='word_1_269' title='bbox 994 2223 1115 2282; x_wconf 71' lang='grc'><strong>(11111118</strong></span> <span class='ocrx_word' id='word_1_270' title='bbox 1130 2240 1177 2296; x_wconf 68' lang='lat' dir='ltr'>Per</span> <span class='ocrx_word' id='word_1_271' title='bbox 1198 2234 1289 2298; x_wconf 85' lang='lat' dir='ltr'>partes</span> <span class='ocrx_word' id='word_1_272' title='bbox 1306 2225 1392 2283; x_wconf 92' lang='lat' dir='ltr'>divisa</span> <span class='ocrx_word' id='word_1_273' title='bbox 1407 2236 1459 2294; x_wconf 66' lang='lat'>0⁸¹2</span> <span class='ocrx_word' id='word_1_274' title='bbox 1475 2242 1538 2300; x_wconf 68' lang='lat' dir='ltr'>&lt;1ssae</span> <span class='ocrx_word' id='word_1_275' title='bbox 1552 2229 1647 2285; x_wconf 69' lang='grc' dir='ltr'><strong>11111Ιῖ13</strong></span> <span class='ocrx_word' id='word_1_276' title='bbox 1666 2237 1740 2285; x_wconf 62' lang='lat' dir='ltr'>fille</span> <span class='ocrx_word' id='word_1_277' title='bbox 1754 2228 1794 2284; x_wconf 72' lang='grc'><strong>111·</strong></span> 
     </span>
     <span class='ocr_line' id='line_1_38' title="bbox 142 2317 1794 2399; baseline 0.004 -24"><span class='ocrx_word' id='word_1_278' title='bbox 142 2320 243 2375; x_wconf 86' lang='lat' dir='ltr'>merita</span> <span class='ocrx_word' id='word_1_279' title='bbox 258 2321 407 2391; x_wconf 87' lang='lat' dir='ltr'>supradicti</span> <span class='ocrx_word' id='word_1_280' title='bbox 420 2324 547 2393; x_wconf 84' lang='lat' dir='ltr'>praesulis</span> <span class='ocrx_word' id='word_1_281' title='bbox 558 2325 726 2381; x_wconf 87' lang='lat' dir='ltr'>sanctissimi</span> <span class='ocrx_word' id='word_1_282' title='bbox 741 2326 876 2399; x_wconf 87' lang='lat' dir='ltr'>confugit,</span> <span class='ocrx_word' id='word_1_283' title='bbox 898 2328 941 2383; x_wconf 90' lang='lat' dir='ltr'>vi·</span> <span class='ocrx_word' id='word_1_284' title='bbox 995 2317 1082 2374; x_wconf 74' lang='lat' dir='ltr'>firmis</span> <span class='ocrx_word' id='word_1_285' title='bbox 1096 2318 1243 2390; x_wconf 71' lang='lat' dir='ltr'>pristinam</span> <span class='ocrx_word' id='word_1_286' title='bbox 1260 2318 1379 2375; x_wconf 68' lang='lat' dir='ltr'>reddidit</span> <span class='ocrx_word' id='word_1_287' title='bbox 1392 2320 1552 2376; x_wconf 76' lang='lat' dir='ltr'>sanitatem·</span> <span class='ocrx_word' id='word_1_288' title='bbox 1569 2320 1621 2377; x_wconf 78' lang='lat' dir='ltr'>Sed</span> <span class='ocrx_word' id='word_1_289' title='bbox 1634 2336 1691 2377; x_wconf 82' lang='lat' dir='ltr'>non</span> <span class='ocrx_word' id='word_1_290' title='bbox 1702 2322 1794 2377; x_wconf 82' lang='lat' dir='ltr'>minus</span> 
     </span>
     <span class='ocr_line' id='line_1_39' title="bbox 142 2410 1668 2487; baseline 0.002 -19"><span class='ocrx_word' id='word_1_291' title='bbox 142 2428 261 2484; x_wconf 92' lang='lat' dir='ltr'>sumque</span> <span class='ocrx_word' id='word_1_292' title='bbox 275 2416 459 2486; x_wconf 88' lang='lat' dir='ltr'>recuperavit.</span> <span class='ocrx_word' id='word_1_293' title='bbox 995 2410 1130 2468; x_wconf 89' lang='lat' dir='ltr'>laudabile</span> <span class='ocrx_word' id='word_1_294' title='bbox 1144 2427 1176 2470; x_wconf 89' lang='lat' dir='ltr'>ac</span> <span class='ocrx_word' id='word_1_295' title='bbox 1191 2413 1342 2486; x_wconf 89' lang='lat' dir='ltr'>gloriosum</span> <span class='ocrx_word' id='word_1_296' title='bbox 1357 2422 1409 2482; x_wconf 87' lang='lat' dir='ltr'>est,</span> <span class='ocrx_word' id='word_1_297' title='bbox 1425 2414 1501 2486; x_wconf 89' lang='lat' dir='ltr'>quod</span> <span class='ocrx_word' id='word_1_298' title='bbox 1517 2415 1644 2487; x_wconf 91' lang='lat' dir='ltr'>sequitur</span> <span class='ocrx_word' id='word_1_299' title='bbox 1660 2433 1668 2471; x_wconf 75' lang='grc' dir='ltr'><strong><em>ε</em></strong></span> 
     </span>
    </p>
   </div>
   <div class='ocr_carea' id='block_1_12' title="bbox 86 2507 1914 4087">
    <p class='ocr_par' dir='ltr' id='par_1_14' title="bbox 140 2507 1794 2867">
     <span class='ocr_line' id='line_1_40' title="bbox 178 2507 1794 2589; baseline 0.007 -27"><span class='ocrx_word' id='word_1_300' title='bbox 178 2507 288 2564; x_wconf 81' lang='lat' dir='ltr'>XXlll.</span> <span class='ocrx_word' id='word_1_301' title='bbox 308 2508 359 2564; x_wconf 91' lang='lat' dir='ltr'>Die</span> <span class='ocrx_word' id='word_1_302' title='bbox 372 2509 506 2581; x_wconf 89' lang='lat' dir='ltr'>vigesima</span> <span class='ocrx_word' id='word_1_303' title='bbox 518 2511 610 2577; x_wconf 88' lang='lat' dir='ltr'>tertia,</span> <span class='ocrx_word' id='word_1_304' title='bbox 625 2520 690 2584; x_wconf 90' lang='lat' dir='ltr'>post</span> <span class='ocrx_word' id='word_1_305' title='bbox 706 2512 766 2570; x_wconf 85' lang='lat' dir='ltr'>haec</span> <span class='ocrx_word' id='word_1_306' title='bbox 783 2529 851 2586; x_wconf 91' lang='lat' dir='ltr'>puer</span> <span class='ocrx_word' id='word_1_307' title='bbox 870 2532 941 2572; x_wconf 89' lang='lat' dir='ltr'>unus</span> <span class='ocrx_word' id='word_1_308' title='bbox 1030 2515 1242 2571; x_wconf 84' lang='lat' dir='ltr'>Revertentibus</span> <span class='ocrx_word' id='word_1_309' title='bbox 1256 2516 1328 2571; x_wconf 90' lang='lat' dir='ltr'>enim</span> <span class='ocrx_word' id='word_1_310' title='bbox 1343 2514 1447 2572; x_wconf 91' lang='lat' dir='ltr'>eisdem</span> <span class='ocrx_word' id='word_1_311' title='bbox 1463 2525 1527 2589; x_wconf 91' lang='lat' dir='ltr'>post</span> <span class='ocrx_word' id='word_1_312' title='bbox 1545 2517 1713 2588; x_wconf 88' lang='lat' dir='ltr'>completam</span> <span class='ocrx_word' id='word_1_313' title='bbox 1732 2532 1794 2574; x_wconf 84' lang='lat' dir='ltr'>ora·</span> 
     </span>
     <span class='ocr_line' id='line_1_41' title="bbox 140 2599 1794 2681; baseline 0.007 -25"><span class='ocrx_word' id='word_1_314' title='bbox 140 2599 176 2656; x_wconf 85' lang='lat' dir='ltr'>de</span> <span class='ocrx_word' id='word_1_315' title='bbox 201 2599 263 2655; x_wconf 89' lang='lat' dir='ltr'>villa</span> <span class='ocrx_word' id='word_1_316' title='bbox 285 2599 529 2660; x_wconf 80' lang='lat' dir='ltr'>vadumferratum</span> <span class='ocrx_word' id='word_1_317' title='bbox 551 2605 696 2676; x_wconf 88' lang='lat' dir='ltr'>appellata,</span> <span class='ocrx_word' id='word_1_318' title='bbox 711 2622 794 2679; x_wconf 91' lang='lat' dir='ltr'>quem</span> <span class='ocrx_word' id='word_1_319' title='bbox 809 2607 940 2664; x_wconf 86' lang='lat' dir='ltr'>arthetica</span> <span class='ocrx_word' id='word_1_320' title='bbox 995 2608 1110 2676; x_wconf 86' lang='lat' dir='ltr'>tionem,</span> <span class='ocrx_word' id='word_1_321' title='bbox 1130 2608 1280 2679; x_wconf 89' lang='lat' dir='ltr'>quamdam</span> <span class='ocrx_word' id='word_1_322' title='bbox 1293 2608 1328 2664; x_wconf 91' lang='lat' dir='ltr'>ad</span> <span class='ocrx_word' id='word_1_323' title='bbox 1342 2623 1442 2679; x_wconf 89' lang='lat' dir='ltr'>aquam</span> <span class='ocrx_word' id='word_1_324' title='bbox 1455 2617 1598 2676; x_wconf 88' lang='lat' dir='ltr'>venerunt,</span> <span class='ocrx_word' id='word_1_325' title='bbox 1623 2626 1717 2681; x_wconf 91' lang='lat' dir='ltr'>quam,</span> <span class='ocrx_word' id='word_1_326' title='bbox 1740 2611 1794 2666; x_wconf 91' lang='lat' dir='ltr'>nisi</span> 
     </span>
     <span class='ocr_line' id='line_1_42' title="bbox 142 2691 1794 2773; baseline 0.007 -24"><span class='ocrx_word' id='word_1_327' title='bbox 142 2691 287 2766; x_wconf 66' lang='lat' dir='ltr'>[artritica</span> <span class='ocrx_word' id='word_1_328' title='bbox 305 2698 408 2765; x_wconf 83' lang='lat' dir='ltr'>opinor]</span> <span class='ocrx_word' id='word_1_329' title='bbox 424 2695 516 2753; x_wconf 88' lang='lat' dir='ltr'>officio</span> <span class='ocrx_word' id='word_1_330' title='bbox 528 2697 706 2754; x_wconf 88' lang='lat' dir='ltr'>brachiorum</span> <span class='ocrx_word' id='word_1_331' title='bbox 722 2700 887 2769; x_wconf 88' lang='lat' dir='ltr'>privaverat,</span> <span class='ocrx_word' id='word_1_332' title='bbox 902 2701 953 2759; x_wconf 87' lang='lat' dir='ltr'>ad·</span> <span class='ocrx_word' id='word_1_333' title='bbox 995 2701 1110 2773; x_wconf 88' lang='lat' dir='ltr'>navigio,</span> <span class='ocrx_word' id='word_1_334' title='bbox 1125 2700 1243 2756; x_wconf 90' lang='lat' dir='ltr'>transire</span> <span class='ocrx_word' id='word_1_335' title='bbox 1263 2717 1319 2756; x_wconf 93' lang='lat' dir='ltr'>non</span> <span class='ocrx_word' id='word_1_336' title='bbox 1335 2710 1492 2772; x_wconf 89' lang='lat' dir='ltr'>potuerunt.</span> <span class='ocrx_word' id='word_1_337' title='bbox 1505 2703 1545 2758; x_wconf 90' lang='lat' dir='ltr'>Ut</span> <span class='ocrx_word' id='word_1_338' title='bbox 1566 2710 1659 2759; x_wconf 88' lang='lat' dir='ltr'>autem</span> <span class='ocrx_word' id='word_1_339' title='bbox 1677 2703 1794 2760; x_wconf 87' lang='lat' dir='ltr'>manife-</span> 
     </span>
     <span class='ocr_line' id='line_1_43' title="bbox 141 2785 1792 2867; baseline 0.007 -25"><span class='ocrx_word' id='word_1_340' title='bbox 141 2785 218 2843; x_wconf 90' lang='lat' dir='ltr'>idem</span> <span class='ocrx_word' id='word_1_341' title='bbox 239 2790 392 2845; x_wconf 87' lang='lat' dir='ltr'>oratorium</span> <span class='ocrx_word' id='word_1_342' title='bbox 412 2788 528 2857; x_wconf 88' lang='lat' dir='ltr'>delatus,</span> <span class='ocrx_word' id='word_1_343' title='bbox 551 2791 698 2848; x_wconf 89' lang='lat' dir='ltr'>sanitatem</span> <span class='ocrx_word' id='word_1_344' title='bbox 719 2793 832 2865; x_wconf 90' lang='lat' dir='ltr'>recepit.</span> <span class='ocrx_word' id='word_1_345' title='bbox 992 2803 1132 2850; x_wconf 87' lang='lat' dir='ltr'>starentur</span> <span class='ocrx_word' id='word_1_346' title='bbox 1145 2808 1227 2865; x_wconf 89' lang='lat' dir='ltr'>opera</span> <span class='ocrx_word' id='word_1_347' title='bbox 1244 2794 1302 2862; x_wconf 88' lang='lat' dir='ltr'>Dei,</span> <span class='ocrx_word' id='word_1_348' title='bbox 1326 2793 1404 2850; x_wconf 89' lang='lat' dir='ltr'>navis</span> <span class='ocrx_word' id='word_1_349' title='bbox 1417 2793 1532 2851; x_wconf 90' lang='lat' dir='ltr'>alteram</span> <span class='ocrx_word' id='word_1_350' title='bbox 1552 2797 1582 2851; x_wconf 94' lang='lat' dir='ltr'>in</span> <span class='ocrx_word' id='word_1_351' title='bbox 1604 2805 1710 2867; x_wconf 89' lang='lat' dir='ltr'>partem</span> <span class='ocrx_word' id='word_1_352' title='bbox 1736 2806 1792 2853; x_wconf 91' lang='lat' dir='ltr'>tra·</span> 
     </span>
    </p>

    <p class='ocr_par' dir='ltr' id='par_1_15' title="bbox 86 2886 1908 3335">
     <span class='ocr_line' id='line_1_44' title="bbox 174 2886 1796 2962; baseline 0.002 -21"><span class='ocrx_word' id='word_1_353' title='bbox 174 2887 282 2942; x_wconf 78' lang='lat' dir='ltr'>xxiv.</span> <span class='ocrx_word' id='word_1_354' title='bbox 296 2886 348 2942; x_wconf 89' lang='lat' dir='ltr'>Die</span> <span class='ocrx_word' id='word_1_355' title='bbox 369 2888 501 2959; x_wconf 88' lang='lat' dir='ltr'>vigesima</span> <span class='ocrx_word' id='word_1_356' title='bbox 514 2896 626 2960; x_wconf 89' lang='lat' dir='ltr'>quarta,</span> <span class='ocrx_word' id='word_1_357' title='bbox 639 2890 709 2945; x_wconf 90' lang='lat' dir='ltr'>alius</span> <span class='ocrx_word' id='word_1_358' title='bbox 724 2891 809 2947; x_wconf 87' lang='lat' dir='ltr'>etiam</span> <span class='ocrx_word' id='word_1_359' title='bbox 823 2906 891 2962; x_wconf 88' lang='lat' dir='ltr'>puer</span> <span class='ocrx_word' id='word_1_360' title='bbox 905 2891 940 2948; x_wconf 92' lang='lat' dir='ltr'>de</span> <span class='ocrx_word' id='word_1_361' title='bbox 994 2886 1078 2944; x_wconf 88' lang='lat' dir='ltr'>ducta</span> <span class='ocrx_word' id='word_1_362' title='bbox 1096 2895 1146 2944; x_wconf 91' lang='lat' dir='ltr'>est.</span> <span class='ocrx_word' id='word_1_363' title='bbox 1168 2887 1223 2943; x_wconf 88' lang='lat' dir='ltr'>Diu</span> <span class='ocrx_word' id='word_1_364' title='bbox 1248 2901 1314 2958; x_wconf 86' lang='lat' dir='ltr'>ergo</span> <span class='ocrx_word' id='word_1_365' title='bbox 1333 2893 1524 2959; x_wconf 80' lang='lat' dir='ltr'>exspectantes</span> <span class='ocrx_word' id='word_1_366' title='bbox 1547 2896 1575 2944; x_wconf 92' lang='lat' dir='ltr'>et</span> <span class='ocrx_word' id='word_1_367' title='bbox 1597 2888 1796 2961; x_wconf 87' lang='lat' dir='ltr'>aliquantulum</span> 
     </span>
     <span class='ocr_line' id='line_1_45' title="bbox 140 2979 1793 3058; baseline 0.002 -23"><span class='ocrx_word' id='word_1_368' title='bbox 140 2979 299 3047; x_wconf 76' lang='lat' dir='ltr'>burbassic,</span> <span class='ocrx_word' id='word_1_369' title='bbox 314 2980 418 3038; x_wconf 88' lang='lat' dir='ltr'>lumine</span> <span class='ocrx_word' id='word_1_370' title='bbox 430 2982 556 3053; x_wconf 86' lang='lat' dir='ltr'>privatus</span> <span class='ocrx_word' id='word_1_371' title='bbox 575 2982 731 3051; x_wconf 90' lang='lat' dir='ltr'>oculorum,</span> <span class='ocrx_word' id='word_1_372' title='bbox 748 2992 776 3040; x_wconf 91' lang='lat' dir='ltr'>et</span> <span class='ocrx_word' id='word_1_373' title='bbox 793 2985 872 3056; x_wconf 88' lang='lat' dir='ltr'>quasi</span> <span class='ocrx_word' id='word_1_374' title='bbox 888 2985 938 3058; x_wconf 86' lang='lat' dir='ltr'>by·</span> <span class='ocrx_word' id='word_1_375' title='bbox 993 2981 1095 3048; x_wconf 86' lang='lat' dir='ltr'>tristes,</span> <span class='ocrx_word' id='word_1_376' title='bbox 1110 2995 1144 3036; x_wconf 94' lang='lat' dir='ltr'>eo</span> <span class='ocrx_word' id='word_1_377' title='bbox 1162 2979 1234 3052; x_wconf 91' lang='lat' dir='ltr'>quod</span> <span class='ocrx_word' id='word_1_378' title='bbox 1246 2979 1332 3052; x_wconf 73' lang='lat' dir='ltr'>jeiuni</span> <span class='ocrx_word' id='word_1_379' title='bbox 1347 2987 1425 3036; x_wconf 85' lang='lat' dir='ltr'>erant</span> <span class='ocrx_word' id='word_1_380' title='bbox 1436 2996 1468 3036; x_wconf 89' lang='lat' dir='ltr'>ae</span> <span class='ocrx_word' id='word_1_381' title='bbox 1481 2979 1598 3054; x_wconf 90' lang='lat' dir='ltr'>fatigati,</span> <span class='ocrx_word' id='word_1_382' title='bbox 1614 2980 1793 3039; x_wconf 83' lang='lat' dir='ltr'>recordantes</span> 
     </span>
     <span class='ocr_line' id='line_1_46' title="bbox 140 3072 1793 3149; baseline 0 -19"><span class='ocrx_word' id='word_1_383' title='bbox 140 3072 278 3146; x_wconf 90' lang='lat' dir='ltr'>dropisim</span> <span class='ocrx_word' id='word_1_384' title='bbox 309 3089 471 3147; x_wconf 87' lang='lat' dir='ltr'>perpessus,</span> <span class='ocrx_word' id='word_1_385' title='bbox 497 3075 658 3132; x_wconf 90' lang='lat' dir='ltr'>admonitus</span> <span class='ocrx_word' id='word_1_386' title='bbox 684 3091 756 3149; x_wconf 77' lang='lat' dir='ltr'>saepe</span> <span class='ocrx_word' id='word_1_387' title='bbox 782 3077 811 3132; x_wconf 92' lang='lat' dir='ltr'>in</span> <span class='ocrx_word' id='word_1_388' title='bbox 835 3078 940 3135; x_wconf 89' lang='lat' dir='ltr'>somnis</span> <span class='ocrx_word' id='word_1_389' title='bbox 993 3074 1096 3147; x_wconf 88' lang='lat' dir='ltr'>prioris</span> <span class='ocrx_word' id='word_1_390' title='bbox 1108 3073 1245 3141; x_wconf 90' lang='lat' dir='ltr'>miraculi,</span> <span class='ocrx_word' id='word_1_391' title='bbox 1266 3073 1368 3129; x_wconf 85' lang='lat' dir='ltr'>iterum</span> <span class='ocrx_word' id='word_1_392' title='bbox 1387 3074 1584 3130; x_wconf 86' lang='lat' dir='ltr'>invocaverunt</span> <span class='ocrx_word' id='word_1_393' title='bbox 1598 3077 1687 3132; x_wconf 88' lang='lat' dir='ltr'>Deum</span> <span class='ocrx_word' id='word_1_394' title='bbox 1703 3083 1734 3131; x_wconf 91' lang='lat' dir='ltr'>ut</span> <span class='ocrx_word' id='word_1_395' title='bbox 1745 3091 1793 3145; x_wconf 93' lang='lat' dir='ltr'>per</span> 
     </span>
     <span class='ocr_line' id='line_1_47' title="bbox 139 3165 1793 3244; baseline 0.001 -21"><span class='ocrx_word' id='word_1_396' title='bbox 139 3166 254 3224; x_wconf 89' lang='lat' dir='ltr'>tandem</span> <span class='ocrx_word' id='word_1_397' title='bbox 267 3167 303 3225; x_wconf 88' lang='lat' dir='ltr'>ad</span> <span class='ocrx_word' id='word_1_398' title='bbox 320 3169 487 3225; x_wconf 86' lang='lat' dir='ltr'>sanctissimi</span> <span class='ocrx_word' id='word_1_399' title='bbox 501 3170 592 3226; x_wconf 85' lang='lat' dir='ltr'>Patris</span> <span class='ocrx_word' id='word_1_400' title='bbox 605 3171 759 3242; x_wconf 86' lang='lat' dir='ltr'>patrocinia</span> <span class='ocrx_word' id='word_1_401' title='bbox 771 3169 897 3244; x_wconf 81' lang='lat' dir='ltr'>confugit</span> <span class='ocrx_word' id='word_1_402' title='bbox 912 3180 939 3228; x_wconf 89' lang='lat' dir='ltr'>et</span> <span class='ocrx_word' id='word_1_403' title='bbox 992 3168 1092 3225; x_wconf 86' lang='lat' dir='ltr'>merita</span> <span class='ocrx_word' id='word_1_404' title='bbox 1115 3170 1157 3223; x_wconf 90' lang='lat' dir='ltr'>sui</span> <span class='ocrx_word' id='word_1_405' title='bbox 1178 3168 1266 3224; x_wconf 89' lang='lat' dir='ltr'>sancti</span> <span class='ocrx_word' id='word_1_406' title='bbox 1293 3165 1460 3224; x_wconf 87' lang='lat' dir='ltr'>confessoris</span> <span class='ocrx_word' id='word_1_407' title='bbox 1481 3169 1604 3224; x_wconf 71' lang='lat' dir='ltr'>anselmi</span> <span class='ocrx_word' id='word_1_408' title='bbox 1629 3168 1793 3225; x_wconf 90' lang='lat' dir='ltr'>transeundi</span> 
     </span>
     <span class='ocr_line' id='line_1_48' title="bbox 86 3242 1908 3335; baseline -0.001 -17"><span class='ocrx_word' id='word_1_409' title='bbox 86 3270 92 3287; x_wconf 86' lang='lat'><strong>¹</strong></span> <span class='ocrx_word' id='word_1_410' title='bbox 140 3261 239 3319; x_wconf 90' lang='lat' dir='ltr'>evasit.</span> <span class='ocrx_word' id='word_1_411' title='bbox 956 3242 1071 3318; x_wconf 80' lang='lat' dir='ltr'>Clara</span> <span class='ocrx_word' id='word_1_412' title='bbox 1095 3261 1250 3318; x_wconf 90' lang='lat' dir='ltr'>consilium.</span> <span class='ocrx_word' id='word_1_413' title='bbox 1273 3261 1327 3316; x_wconf 81' lang='lat' dir='ltr'>Vix</span> <span class='ocrx_word' id='word_1_414' title='bbox 1352 3261 1479 3332; x_wconf 90' lang='lat' dir='ltr'>precibus</span> <span class='ocrx_word' id='word_1_415' title='bbox 1506 3261 1650 3334; x_wconf 87' lang='lat' dir='ltr'>completis</span> <span class='ocrx_word' id='word_1_416' title='bbox 1678 3270 1707 3317; x_wconf 85' lang='lat' dir='ltr'>ct</span> <span class='ocrx_word' id='word_1_417' title='bbox 1731 3276 1793 3318; x_wconf 89' lang='lat' dir='ltr'>eece</span> <span class='ocrx_word' id='word_1_418' title='bbox 1902 3312 1908 3335; x_wconf 64' lang='lat'>,</span> 
     </span>
    </p>

    <p class='ocr_par' dir='ltr' id='par_1_16' title="bbox 135 3347 1914 4087">
     <span class='ocr_line' id='line_1_49' title="bbox 173 3347 1914 3432; baseline 0.001 -22"><span class='ocrx_word' id='word_1_419' title='bbox 173 3356 268 3411; x_wconf 79' lang='lat' dir='ltr'>XXV.</span> <span class='ocrx_word' id='word_1_420' title='bbox 281 3355 335 3411; x_wconf 91' lang='lat' dir='ltr'>Die</span> <span class='ocrx_word' id='word_1_421' title='bbox 345 3356 487 3429; x_wconf 85' lang='lat' dir='ltr'>trigesima</span> <span class='ocrx_word' id='word_1_422' title='bbox 502 3357 604 3428; x_wconf 90' lang='lat' dir='ltr'>prima,</span> <span class='ocrx_word' id='word_1_423' title='bbox 617 3355 670 3413; x_wconf 91' lang='lat' dir='ltr'>fuit</span> <span class='ocrx_word' id='word_1_424' title='bbox 680 3357 822 3432; x_wconf 86' lang='lat' dir='ltr'>presbyter</span> <span class='ocrx_word' id='word_1_425' title='bbox 833 3359 869 3416; x_wconf 90' lang='lat' dir='ltr'>de</span> <span class='ocrx_word' id='word_1_426' title='bbox 878 3359 937 3432; x_wconf 91' lang='lat' dir='ltr'>epi·</span> <span class='ocrx_word' id='word_1_427' title='bbox 990 3355 1216 3412; x_wconf 89' lang='lat' dir='ltr'>navisdissoluta</span> <span class='ocrx_word' id='word_1_428' title='bbox 1231 3353 1335 3426; x_wconf 86' lang='lat' dir='ltr'>absque</span> <span class='ocrx_word' id='word_1_429' title='bbox 1356 3355 1432 3411; x_wconf 91' lang='lat' dir='ltr'>omni</span> <span class='ocrx_word' id='word_1_430' title='bbox 1454 3355 1557 3429; x_wconf 82' lang='lat' dir='ltr'>remige</span> <span class='ocrx_word' id='word_1_431' title='bbox 1580 3359 1655 3411; x_wconf 91' lang='lat' dir='ltr'>venit</span> <span class='ocrx_word' id='word_1_432' title='bbox 1681 3353 1718 3412; x_wconf 90' lang='lat' dir='ltr'>ad</span> <span class='ocrx_word' id='word_1_433' title='bbox 1732 3370 1789 3411; x_wconf 88' lang='lat' dir='ltr'>eos.</span> <span class='ocrx_word' id='word_1_434' title='bbox 1863 3347 1864 3351; x_wconf 66' lang='grc'>’</span> <span class='ocrx_word' id='word_1_435' title='bbox 1903 3378 1914 3411; x_wconf 88' lang='grc'>·,</span> 
     </span>
     <span class='ocr_line' id='line_1_50' title="bbox 137 3445 1791 3525; baseline -0.002 -20"><span class='ocrx_word' id='word_1_436' title='bbox 137 3456 254 3522; x_wconf 83' lang='lat' dir='ltr'>scopata</span> <span class='ocrx_word' id='word_1_437' title='bbox 266 3449 402 3505; x_wconf 81' lang='lat' dir='ltr'>Brixiensi</span> <span class='ocrx_word' id='word_1_438' title='bbox 418 3449 451 3506; x_wconf 90' lang='lat' dir='ltr'>de</span> <span class='ocrx_word' id='word_1_439' title='bbox 464 3458 554 3506; x_wconf 88' lang='lat' dir='ltr'>castro</span> <span class='ocrx_word' id='word_1_440' title='bbox 574 3451 686 3507; x_wconf 91' lang='lat' dir='ltr'>nomine</span> <span class='ocrx_word' id='word_1_441' title='bbox 707 3453 874 3525; x_wconf 84' lang='lat' dir='ltr'>Gorelengo,</span> <span class='ocrx_word' id='word_1_442' title='bbox 894 3453 937 3510; x_wconf 92' lang='lat' dir='ltr'>cui</span> <span class='ocrx_word' id='word_1_443' title='bbox 990 3450 1102 3506; x_wconf 89' lang='lat' dir='ltr'>Gratias</span> <span class='ocrx_word' id='word_1_444' title='bbox 1120 3448 1212 3520; x_wconf 89' lang='lat' dir='ltr'>itaque</span> <span class='ocrx_word' id='word_1_445' title='bbox 1232 3445 1382 3504; x_wconf 85' lang='lat' dir='ltr'>relerentes</span> <span class='ocrx_word' id='word_1_446' title='bbox 1405 3451 1470 3504; x_wconf 88' lang='lat' dir='ltr'>Deo</span> <span class='ocrx_word' id='word_1_447' title='bbox 1496 3449 1614 3522; x_wconf 89' lang='lat' dir='ltr'>ejusque</span> <span class='ocrx_word' id='word_1_448' title='bbox 1639 3446 1791 3505; x_wconf 85' lang='lat' dir='ltr'>confessori</span> 
     </span>
     <span class='ocr_line' id='line_1_51' title="bbox 137 3541 1804 3616; baseline -0.001 -17"><span class='ocrx_word' id='word_1_449' title='bbox 137 3542 247 3599; x_wconf 83' lang='lat' dir='ltr'>malum</span> <span class='ocrx_word' id='word_1_450' title='bbox 266 3541 304 3611; x_wconf 92' lang='lat' dir='ltr'>id,</span> <span class='ocrx_word' id='word_1_451' title='bbox 330 3542 404 3616; x_wconf 92' lang='lat' dir='ltr'>quod</span> <span class='ocrx_word' id='word_1_452' title='bbox 426 3559 474 3615; x_wconf 91' lang='lat' dir='ltr'>per</span> <span class='ocrx_word' id='word_1_453' title='bbox 496 3544 669 3616; x_wconf 89' lang='lat' dir='ltr'>antiphrasin</span> <span class='ocrx_word' id='word_1_454' title='bbox 693 3544 821 3602; x_wconf 90' lang='lat' dir='ltr'>bomines</span> <span class='ocrx_word' id='word_1_455' title='bbox 842 3548 938 3602; x_wconf 83' lang='lat' dir='ltr'>bonum</span> <span class='ocrx_word' id='word_1_456' title='bbox 990 3541 1173 3609; x_wconf 90' lang='lat' dir='ltr'>sanctissimo,</span> <span class='ocrx_word' id='word_1_457' title='bbox 1205 3556 1303 3596; x_wconf 91' lang='lat' dir='ltr'>omnes</span> <span class='ocrx_word' id='word_1_458' title='bbox 1328 3541 1496 3597; x_wconf 89' lang='lat' dir='ltr'>transierunt</span> <span class='ocrx_word' id='word_1_459' title='bbox 1520 3542 1687 3610; x_wconf 86' lang='lat' dir='ltr'>incolumes,</span> <span class='ocrx_word' id='word_1_460' title='bbox 1714 3542 1804 3615; x_wconf 85' lang='lat' dir='ltr'>cnjus¹</span> 
     </span>
     <span class='ocr_line' id='line_1_52' title="bbox 136 3632 1791 3711; baseline -0.002 -18"><span class='ocrx_word' id='word_1_461' title='bbox 136 3635 289 3708; x_wconf 87' lang='lat' dir='ltr'>appellant,</span> <span class='ocrx_word' id='word_1_462' title='bbox 303 3637 386 3693; x_wconf 90' lang='lat' dir='ltr'>unius</span> <span class='ocrx_word' id='word_1_463' title='bbox 400 3637 470 3693; x_wconf 86' lang='lat' dir='ltr'>oculi</span> <span class='ocrx_word' id='word_1_464' title='bbox 489 3638 582 3694; x_wconf 91' lang='lat' dir='ltr'>lumen</span> <span class='ocrx_word' id='word_1_465' title='bbox 596 3638 759 3706; x_wconf 89' lang='lat' dir='ltr'>abstulerat,</span> <span class='ocrx_word' id='word_1_466' title='bbox 770 3640 828 3711; x_wconf 90' lang='lat' dir='ltr'>qui,</span> <span class='ocrx_word' id='word_1_467' title='bbox 840 3638 936 3695; x_wconf 89' lang='lat' dir='ltr'>audita</span> <span class='ocrx_word' id='word_1_468' title='bbox 991 3649 1023 3691; x_wconf 84' lang='lat' dir='ltr'>ex</span> <span class='ocrx_word' id='word_1_469' title='bbox 1042 3635 1117 3690; x_wconf 92' lang='lat' dir='ltr'>navis</span> <span class='ocrx_word' id='word_1_470' title='bbox 1132 3634 1204 3706; x_wconf 92' lang='lat' dir='ltr'>ligno</span> <span class='ocrx_word' id='word_1_471' title='bbox 1219 3632 1333 3690; x_wconf 89' lang='lat' dir='ltr'>diversis</span> <span class='ocrx_word' id='word_1_472' title='bbox 1348 3633 1382 3691; x_wconf 89' lang='lat' dir='ltr'>de</span> <span class='ocrx_word' id='word_1_473' title='bbox 1396 3634 1541 3692; x_wconf 91' lang='lat' dir='ltr'>doloribus</span> <span class='ocrx_word' id='word_1_474' title='bbox 1563 3635 1727 3707; x_wconf 87' lang='lat' dir='ltr'>perplurimi</span> <span class='ocrx_word' id='word_1_475' title='bbox 1744 3649 1791 3690; x_wconf 90' lang='lat' dir='ltr'>sa-</span> 
     </span>
     <span class='ocr_line' id='line_1_53' title="bbox 135 3729 1148 3805; baseline -0.002 -19"><span class='ocrx_word' id='word_1_476' title='bbox 135 3738 287 3787; x_wconf 88' lang='lat' dir='ltr'>tantorum</span> <span class='ocrx_word' id='word_1_477' title='bbox 296 3730 440 3802; x_wconf 89' lang='lat' dir='ltr'>signorum</span> <span class='ocrx_word' id='word_1_478' title='bbox 456 3729 539 3798; x_wconf 88' lang='lat' dir='ltr'>lama,</span> <span class='ocrx_word' id='word_1_479' title='bbox 564 3731 599 3788; x_wconf 89' lang='lat' dir='ltr'>ad</span> <span class='ocrx_word' id='word_1_480' title='bbox 623 3741 752 3789; x_wconf 85' lang='lat' dir='ltr'>sanctum</span> <span class='ocrx_word' id='word_1_481' title='bbox 776 3733 936 3805; x_wconf 90' lang='lat' dir='ltr'>sepulcrum</span> <span class='ocrx_word' id='word_1_482' title='bbox 991 3729 1050 3786; x_wconf 87' lang='lat' dir='ltr'>nati</span> <span class='ocrx_word' id='word_1_483' title='bbox 1072 3736 1148 3786; x_wconf 89' lang='lat' dir='ltr'>sunt.</span> 
     </span>
     <span class='ocr_line' id='line_1_54' title="bbox 136 3823 1791 3897; baseline 0.003 -19"><span class='ocrx_word' id='word_1_484' title='bbox 136 3825 306 3897; x_wconf 85' lang='lat' dir='ltr'>properavit,</span> <span class='ocrx_word' id='word_1_485' title='bbox 320 3823 392 3881; x_wconf 85' lang='lat' dir='ltr'>facta</span> <span class='ocrx_word' id='word_1_486' title='bbox 404 3840 470 3881; x_wconf 89' lang='lat' dir='ltr'>vero</span> <span class='ocrx_word' id='word_1_487' title='bbox 483 3825 587 3882; x_wconf 91' lang='lat' dir='ltr'>ibidem</span> <span class='ocrx_word' id='word_1_488' title='bbox 607 3826 731 3883; x_wconf 91' lang='lat' dir='ltr'>oratione</span> <span class='ocrx_word' id='word_1_489' title='bbox 744 3843 869 3884; x_wconf 87' lang='lat' dir='ltr'>reversus</span> <span class='ocrx_word' id='word_1_490' title='bbox 883 3835 937 3896; x_wconf 89' lang='lat' dir='ltr'>est,</span> <span class='ocrx_word' id='word_1_491' title='bbox 1026 3828 1138 3883; x_wconf 82' lang='lat' dir='ltr'>Xxlx.</span> <span class='ocrx_word' id='word_1_492' title='bbox 1150 3829 1237 3883; x_wconf 87' lang='lat' dir='ltr'>Nosse</span> <span class='ocrx_word' id='word_1_493' title='bbox 1246 3827 1331 3883; x_wconf 91' lang='lat' dir='ltr'>etiam</span> <span class='ocrx_word' id='word_1_494' title='bbox 1344 3827 1472 3884; x_wconf 90' lang='lat' dir='ltr'>volumus</span> <span class='ocrx_word' id='word_1_495' title='bbox 1482 3834 1607 3885; x_wconf 90' lang='lat' dir='ltr'>sanctum</span> <span class='ocrx_word' id='word_1_496' title='bbox 1621 3825 1791 3884; x_wconf 89' lang='lat' dir='ltr'>desiderium</span> 
     </span>
     <span class='ocr_line' id='line_1_55' title="bbox 136 3918 1790 3994; baseline 0.001 -19"><span class='ocrx_word' id='word_1_497' title='bbox 136 3926 168 3975; x_wconf 89' lang='lat' dir='ltr'>et</span> <span class='ocrx_word' id='word_1_498' title='bbox 181 3918 278 3992; x_wconf 90' lang='lat' dir='ltr'>quavis</span> <span class='ocrx_word' id='word_1_499' title='bbox 291 3919 440 3991; x_wconf 80' lang='lat' dir='ltr'>priuigine,</span> <span class='ocrx_word' id='word_1_500' title='bbox 461 3919 528 3977; x_wconf 91' lang='lat' dir='ltr'>dum</span> <span class='ocrx_word' id='word_1_501' title='bbox 542 3929 601 3977; x_wconf 88' lang='lat' dir='ltr'>erat</span> <span class='ocrx_word' id='word_1_502' title='bbox 616 3921 645 3977; x_wconf 93' lang='lat' dir='ltr'>in</span> <span class='ocrx_word' id='word_1_503' title='bbox 665 3922 706 3978; x_wconf 88' lang='lat' dir='ltr'>via</span> <span class='ocrx_word' id='word_1_504' title='bbox 720 3922 858 3991; x_wconf 87' lang='lat' dir='ltr'>incitatus,</span> <span class='ocrx_word' id='word_1_505' title='bbox 872 3938 938 3979; x_wconf 93' lang='lat' dir='ltr'>ocu·</span> <span class='ocrx_word' id='word_1_506' title='bbox 991 3929 1124 3990; x_wconf 89' lang='lat' dir='ltr'>vestrum,</span> <span class='ocrx_word' id='word_1_507' title='bbox 1147 3921 1222 3994; x_wconf 91' lang='lat' dir='ltr'>qnod</span> <span class='ocrx_word' id='word_1_508' title='bbox 1235 3937 1292 3978; x_wconf 93' lang='lat' dir='ltr'>non</span> <span class='ocrx_word' id='word_1_509' title='bbox 1313 3920 1424 3977; x_wconf 89' lang='lat' dir='ltr'>aliunde</span> <span class='ocrx_word' id='word_1_510' title='bbox 1446 3920 1611 3991; x_wconf 88' lang='lat' dir='ltr'>didicimus,</span> <span class='ocrx_word' id='word_1_511' title='bbox 1626 3936 1725 3978; x_wconf 87' lang='lat' dir='ltr'>verum</span> <span class='ocrx_word' id='word_1_512' title='bbox 1738 3921 1790 3993; x_wconf 91' lang='lat' dir='ltr'>ipsi</span> 
     </span>
     <span class='ocr_line' id='line_1_56' title="bbox 136 4011 1791 4087; baseline 0.002 -20"><span class='ocrx_word' id='word_1_513' title='bbox 136 4011 199 4071; x_wconf 82' lang='lat' dir='ltr'>luna</span> <span class='ocrx_word' id='word_1_514' title='bbox 212 4011 299 4085; x_wconf 67' lang='lat' dir='ltr'>cipro</span> <span class='ocrx_word' id='word_1_515' title='bbox 321 4012 441 4082; x_wconf 87' lang='lat' dir='ltr'>fricavit,</span> <span class='ocrx_word' id='word_1_516' title='bbox 456 4013 611 4086; x_wconf 88' lang='lat' dir='ltr'>apertisque</span> <span class='ocrx_word' id='word_1_517' title='bbox 626 4030 690 4070; x_wconf 85' lang='lat' dir='ltr'>mox</span> <span class='ocrx_word' id='word_1_518' title='bbox 712 4014 847 4087; x_wconf 89' lang='lat' dir='ltr'>palpebris</span> <span class='ocrx_word' id='word_1_519' title='bbox 866 4015 937 4072; x_wconf 90' lang='lat' dir='ltr'>clare</span> <span class='ocrx_word' id='word_1_520' title='bbox 992 4015 1108 4072; x_wconf 89' lang='lat' dir='ltr'>vidimus</span> <span class='ocrx_word' id='word_1_521' title='bbox 1123 4023 1151 4071; x_wconf 89' lang='lat' dir='ltr'>et</span> <span class='ocrx_word' id='word_1_522' title='bbox 1166 4014 1291 4072; x_wconf 88' lang='lat' dir='ltr'>fecimus.</span> <span class='ocrx_word' id='word_1_523' title='bbox 1307 4017 1376 4072; x_wconf 84' lang='lat' dir='ltr'>Erat</span> <span class='ocrx_word' id='word_1_524' title='bbox 1390 4015 1417 4071; x_wconf 96' lang='lat' dir='ltr'>in</span> <span class='ocrx_word' id='word_1_525' title='bbox 1433 4015 1577 4072; x_wconf 87' lang='lat' dir='ltr'>obsidione</span> <span class='ocrx_word' id='word_1_526' title='bbox 1588 4013 1735 4087; x_wconf 81' lang='lat' dir='ltr'>cujusdam</span> <span class='ocrx_word' id='word_1_527' title='bbox 1747 4028 1791 4071; x_wconf 87' lang='lat' dir='ltr'>ca·</span> 
     </span>
    </p>
   </div>
   <div class='ocr_carea' id='block_1_13' title="bbox 136 4105 1926 4180">
    <p class='ocr_par' dir='ltr' id='par_1_17' title="bbox 136 4105 1926 4180">
     <span class='ocr_line' id='line_1_57' title="bbox 136 4105 1926 4180; baseline 0 -18"><span class='ocrx_word' id='word_1_528' title='bbox 136 4105 216 4163; x_wconf 90' lang='lat' dir='ltr'>vidit.</span> <span class='ocrx_word' id='word_1_529' title='bbox 236 4108 389 4180; x_wconf 80' lang='lat' dir='ltr'>Regressus</span> <span class='ocrx_word' id='word_1_530' title='bbox 418 4123 483 4179; x_wconf 92' lang='lat' dir='ltr'>ergo</span> <span class='ocrx_word' id='word_1_531' title='bbox 502 4107 536 4163; x_wconf 92' lang='lat' dir='ltr'>ad</span> <span class='ocrx_word' id='word_1_532' title='bbox 549 4107 700 4176; x_wconf 88' lang='lat' dir='ltr'>civitatem,</span> <span class='ocrx_word' id='word_1_533' title='bbox 715 4109 819 4180; x_wconf 88' lang='lat' dir='ltr'>gratias</span> <span class='ocrx_word' id='word_1_534' title='bbox 842 4124 937 4166; x_wconf 88' lang='lat' dir='ltr'>coram</span> <span class='ocrx_word' id='word_1_535' title='bbox 991 4108 1061 4164; x_wconf 90' lang='lat' dir='ltr'>stelli</span> <span class='ocrx_word' id='word_1_536' title='bbox 1076 4109 1243 4176; x_wconf 89' lang='lat' dir='ltr'>veneranda,</span> <span class='ocrx_word' id='word_1_537' title='bbox 1265 4123 1350 4180; x_wconf 87' lang='lat' dir='ltr'>quam</span> <span class='ocrx_word' id='word_1_538' title='bbox 1366 4108 1562 4179; x_wconf 68' lang='lat' dir='ltr'>prediximus,</span> <span class='ocrx_word' id='word_1_539' title='bbox 1578 4107 1730 4176; x_wconf 89' lang='lat' dir='ltr'>comitissa,</span> <span class='ocrx_word' id='word_1_540' title='bbox 1746 4107 1792 4163; x_wconf 91' lang='lat' dir='ltr'>ubi</span> <span class='ocrx_word' id='word_1_541' title='bbox 1875 4136 1879 4145; x_wconf 87' lang='lat'><em>·</em></span> <span class='ocrx_word' id='word_1_542' title='bbox 1922 4118 1926 4125; x_wconf 85' lang='lat'>·</span> 
     </span>
    </p>
   </div>
   <div class='ocr_carea' id='block_1_14' title="bbox 136 4198 1792 4558">
    <p class='ocr_par' dir='ltr' id='par_1_18' title="bbox 137 4198 1789 4273">
     <span class='ocr_line' id='line_1_58' title="bbox 137 4198 1789 4273; baseline 0 -17"><span class='ocrx_word' id='word_1_543' title='bbox 137 4198 270 4257; x_wconf 86' lang='lat' dir='ltr'>omnibns</span> <span class='ocrx_word' id='word_1_544' title='bbox 282 4207 340 4256; x_wconf 90' lang='lat' dir='ltr'>tam</span> <span class='ocrx_word' id='word_1_545' title='bbox 357 4201 403 4271; x_wconf 93' lang='lat' dir='ltr'>pio</span> <span class='ocrx_word' id='word_1_546' title='bbox 415 4199 510 4256; x_wconf 89' lang='lat' dir='ltr'>retulit</span> <span class='ocrx_word' id='word_1_547' title='bbox 522 4201 686 4273; x_wconf 88' lang='lat' dir='ltr'>patrocinio.</span> <span class='ocrx_word' id='word_1_548' title='bbox 992 4202 1162 4258; x_wconf 87' lang='lat' dir='ltr'>Teutonicus</span> <span class='ocrx_word' id='word_1_549' title='bbox 1176 4201 1288 4273; x_wconf 93' lang='lat' dir='ltr'>quidam</span> <span class='ocrx_word' id='word_1_550' title='bbox 1301 4202 1357 4257; x_wconf 91' lang='lat' dir='ltr'>ictu</span> <span class='ocrx_word' id='word_1_551' title='bbox 1370 4210 1455 4273; x_wconf 84' lang='lat' dir='ltr'>petrae</span> <span class='ocrx_word' id='word_1_552' title='bbox 1467 4200 1626 4258; x_wconf 89' lang='lat' dir='ltr'>vulneratus</span> <span class='ocrx_word' id='word_1_553' title='bbox 1639 4210 1683 4257; x_wconf 85' lang='lat' dir='ltr'>est</span> <span class='ocrx_word' id='word_1_554' title='bbox 1697 4201 1727 4257; x_wconf 93' lang='lat' dir='ltr'>in</span> <span class='ocrx_word' id='word_1_555' title='bbox 1741 4215 1789 4256; x_wconf 89' lang='lat' dir='ltr'>ca·</span> 
     </span>
    </p>

    <p class='ocr_par' dir='ltr' id='par_1_19' title="bbox 136 4292 1792 4558">
     <span class='ocr_line' id='line_1_59' title="bbox 174 4292 1792 4371; baseline -0.002 -18"><span class='ocrx_word' id='word_1_556' title='bbox 174 4298 284 4354; x_wconf 80' lang='lat' dir='ltr'>XXVI.</span> <span class='ocrx_word' id='word_1_557' title='bbox 297 4298 383 4354; x_wconf 82' lang='lat' dir='ltr'>Nocte</span> <span class='ocrx_word' id='word_1_558' title='bbox 397 4298 520 4370; x_wconf 88' lang='lat' dir='ltr'>sequenti</span> <span class='ocrx_word' id='word_1_559' title='bbox 533 4298 708 4371; x_wconf 86' lang='lat' dir='ltr'>trigesimum</span> <span class='ocrx_word' id='word_1_560' title='bbox 721 4297 841 4370; x_wconf 88' lang='lat' dir='ltr'>primum</span> <span class='ocrx_word' id='word_1_561' title='bbox 851 4298 936 4367; x_wconf 86' lang='lat' dir='ltr'>diem,</span> <span class='ocrx_word' id='word_1_562' title='bbox 991 4295 1065 4365; x_wconf 88' lang='lat' dir='ltr'>pite;</span> <span class='ocrx_word' id='word_1_563' title='bbox 1078 4296 1125 4366; x_wconf 93' lang='lat' dir='ltr'>qui</span> <span class='ocrx_word' id='word_1_564' title='bbox 1135 4294 1227 4350; x_wconf 90' lang='lat' dir='ltr'>triduo</span> <span class='ocrx_word' id='word_1_565' title='bbox 1242 4302 1306 4365; x_wconf 93' lang='lat' dir='ltr'>post</span> <span class='ocrx_word' id='word_1_566' title='bbox 1318 4292 1454 4350; x_wconf 86' lang='lat' dir='ltr'>deductus</span> <span class='ocrx_word' id='word_1_567' title='bbox 1468 4302 1509 4350; x_wconf 90' lang='lat' dir='ltr'>est</span> <span class='ocrx_word' id='word_1_568' title='bbox 1522 4302 1650 4351; x_wconf 88' lang='lat' dir='ltr'>nostrum</span> <span class='ocrx_word' id='word_1_569' title='bbox 1663 4294 1691 4349; x_wconf 91' lang='lat' dir='ltr'>in</span> <span class='ocrx_word' id='word_1_570' title='bbox 1703 4294 1792 4365; x_wconf 91' lang='lat' dir='ltr'>bospi-</span> 
     </span>
     <span class='ocr_line' id='line_1_60' title="bbox 136 4386 1792 4463; baseline -0.005 -14"><span class='ocrx_word' id='word_1_571' title='bbox 136 4389 269 4463; x_wconf 76' lang='lat' dir='ltr'>queedam</span> <span class='ocrx_word' id='word_1_572' title='bbox 283 4400 375 4448; x_wconf 86' lang='lat' dir='ltr'>autem</span> <span class='ocrx_word' id='word_1_573' title='bbox 391 4391 426 4448; x_wconf 90' lang='lat' dir='ltr'>de</span> <span class='ocrx_word' id='word_1_574' title='bbox 440 4392 552 4449; x_wconf 65' lang='lat' dir='ltr'>casello</span> <span class='ocrx_word' id='word_1_575' title='bbox 568 4393 682 4448; x_wconf 90' lang='lat' dir='ltr'>nomine</span> <span class='ocrx_word' id='word_1_576' title='bbox 702 4393 846 4459; x_wconf 85' lang='lat' dir='ltr'>Maratica‚</span> <span class='ocrx_word' id='word_1_577' title='bbox 861 4392 937 4462; x_wconf 84' lang='lat' dir='ltr'>iuxta</span> <span class='ocrx_word' id='word_1_578' title='bbox 991 4389 1073 4455; x_wconf 90' lang='lat' dir='ltr'>tium,</span> <span class='ocrx_word' id='word_1_579' title='bbox 1089 4394 1224 4460; x_wconf 89' lang='lat' dir='ltr'>quatenus</span> <span class='ocrx_word' id='word_1_580' title='bbox 1237 4386 1274 4442; x_wconf 92' lang='lat' dir='ltr'>ibi</span> <span class='ocrx_word' id='word_1_581' title='bbox 1295 4386 1439 4443; x_wconf 86' lang='lat' dir='ltr'>meliorem</span> <span class='ocrx_word' id='word_1_582' title='bbox 1458 4401 1543 4458; x_wconf 91' lang='lat' dir='ltr'>quam</span> <span class='ocrx_word' id='word_1_583' title='bbox 1555 4386 1628 4458; x_wconf 92' lang='lat' dir='ltr'>apud</span> <span class='ocrx_word' id='word_1_584' title='bbox 1642 4387 1726 4443; x_wconf 91' lang='lat' dir='ltr'>laicos</span> <span class='ocrx_word' id='word_1_585' title='bbox 1741 4386 1792 4442; x_wconf 90' lang='lat' dir='ltr'>ba·</span> 
     </span>
     <span class='ocr_line' id='line_1_61' title="bbox 136 4478 1792 4558; baseline -0.005 -16"><span class='ocrx_word' id='word_1_586' title='bbox 136 4494 254 4558; x_wconf 88' lang='lat' dir='ltr'>portum</span> <span class='ocrx_word' id='word_1_587' title='bbox 276 4485 429 4558; x_wconf 79' lang='lat' dir='ltr'>lignacum</span> <span class='ocrx_word' id='word_1_588' title='bbox 453 4485 482 4541; x_wconf 91' lang='lat' dir='ltr'>in</span> <span class='ocrx_word' id='word_1_589' title='bbox 496 4485 631 4542; x_wconf 89' lang='lat' dir='ltr'>comitatu</span> <span class='ocrx_word' id='word_1_590' title='bbox 645 4485 811 4553; x_wconf 86' lang='lat' dir='ltr'>Veronensi,</span> <span class='ocrx_word' id='word_1_591' title='bbox 832 4485 937 4541; x_wconf 88' lang='lat' dir='ltr'>habens</span> <span class='ocrx_word' id='word_1_592' title='bbox 991 4480 1067 4537; x_wconf 84' lang='lat' dir='ltr'>beret</span> <span class='ocrx_word' id='word_1_593' title='bbox 1079 4480 1320 4553; x_wconf 87' lang='lat' dir='ltr'>tranquillitatem.</span> <span class='ocrx_word' id='word_1_594' title='bbox 1332 4482 1415 4535; x_wconf 82' lang='lat' dir='ltr'>Hrrnc</span> <span class='ocrx_word' id='word_1_595' title='bbox 1429 4478 1529 4535; x_wconf 89' lang='lat' dir='ltr'>deinde</span> <span class='ocrx_word' id='word_1_596' title='bbox 1543 4487 1635 4551; x_wconf 89' lang='lat' dir='ltr'>gutta,</span> <span class='ocrx_word' id='word_1_597' title='bbox 1651 4493 1732 4550; x_wconf 91' lang='lat' dir='ltr'>quam</span> <span class='ocrx_word' id='word_1_598' title='bbox 1748 4494 1792 4550; x_wconf 74' lang='lat' dir='ltr'>pa</span> 
     </span>
    </p>
   </div>
   <div class='ocr_carea' id='block_1_15' title="bbox 135 4570 1799 4838">
    <p class='ocr_par' dir='ltr' id='par_1_20' title="bbox 135 4570 1799 4838">
     <span class='ocr_line' id='line_1_62' title="bbox 136 4570 1790 4671; baseline -0.004 -36"><span class='ocrx_word' id='word_1_599' title='bbox 136 4578 283 4635; x_wconf 78' lang='lat' dir='ltr'>sinistmm</span> <span class='ocrx_word' id='word_1_600' title='bbox 308 4594 424 4635; x_wconf 88' lang='lat' dir='ltr'>manum</span> <span class='ocrx_word' id='word_1_601' title='bbox 446 4579 580 4645; x_wconf 88' lang='lat' dir='ltr'>clausam,</span> <span class='ocrx_word' id='word_1_602' title='bbox 595 4578 643 4634; x_wconf 90' lang='lat' dir='ltr'>sed</span> <span class='ocrx_word' id='word_1_603' title='bbox 665 4587 694 4634; x_wconf 90' lang='lat' dir='ltr'>et</span> <span class='ocrx_word' id='word_1_604' title='bbox 719 4580 818 4635; x_wconf 85' lang='lat' dir='ltr'>totam&#39;</span> <span class='ocrx_word' id='word_1_605' title='bbox 830 4586 937 4651; x_wconf 86' lang='lat' dir='ltr'>partem</span> <span class='ocrx_word' id='word_1_606' title='bbox 953 4609 978 4671; x_wconf 74' lang='lat' dir='ltr'>D</span> <span class='ocrx_word' id='word_1_607' title='bbox 992 4575 1096 4647; x_wconf 88' lang='lat' dir='ltr'>ralysin</span> <span class='ocrx_word' id='word_1_608' title='bbox 1115 4573 1215 4630; x_wconf 89' lang='lat' dir='ltr'>medici</span> <span class='ocrx_word' id='word_1_609' title='bbox 1235 4581 1344 4640; x_wconf 90' lang='lat' dir='ltr'>vocant,</span> <span class='ocrx_word' id='word_1_610' title='bbox 1359 4582 1417 4629; x_wconf 89' lang='lat' dir='ltr'>tam</span> <span class='ocrx_word' id='word_1_611' title='bbox 1432 4571 1581 4628; x_wconf 87' lang='lat' dir='ltr'>crudeliter</span> <span class='ocrx_word' id='word_1_612' title='bbox 1600 4571 1702 4627; x_wconf 87' lang='lat' dir='ltr'>invasit</span> <span class='ocrx_word' id='word_1_613' title='bbox 1716 4570 1790 4644; x_wconf 87' lang='lat' dir='ltr'>quod</span> 
     </span>
     <span class='ocr_line' id='line_1_63' title="bbox 135 4663 1799 4745; baseline -0.005 -17"><span class='ocrx_word' id='word_1_614' title='bbox 135 4672 216 4729; x_wconf 82' lang='lat' dir='ltr'>illam</span> <span class='ocrx_word' id='word_1_615' title='bbox 231 4679 307 4745; x_wconf 90' lang='lat' dir='ltr'>gutta</span> <span class='ocrx_word' id='word_1_616' title='bbox 321 4671 470 4744; x_wconf 89' lang='lat' dir='ltr'>paralytica</span> <span class='ocrx_word' id='word_1_617' title='bbox 483 4669 633 4744; x_wconf 87' lang='lat' dir='ltr'>perditam.</span> <span class='ocrx_word' id='word_1_618' title='bbox 647 4675 726 4740; x_wconf 82' lang='lat' dir='ltr'>Haec,</span> <span class='ocrx_word' id='word_1_619' title='bbox 741 4672 881 4745; x_wconf 88' lang='lat' dir='ltr'>trigesimo</span> <span class='ocrx_word' id='word_1_620' title='bbox 895 4671 938 4728; x_wconf 92' lang='lat' dir='ltr'>die</span> <span class='ocrx_word' id='word_1_621' title='bbox 993 4684 1089 4725; x_wconf 86' lang='lat' dir='ltr'>amem</span> <span class='ocrx_word' id='word_1_622' title='bbox 1100 4667 1208 4739; x_wconf 91' lang='lat' dir='ltr'>penitus</span> <span class='ocrx_word' id='word_1_623' title='bbox 1219 4666 1308 4724; x_wconf 89' lang='lat' dir='ltr'>factus</span> <span class='ocrx_word' id='word_1_624' title='bbox 1319 4674 1372 4737; x_wconf 89' lang='lat' dir='ltr'>est,</span> <span class='ocrx_word' id='word_1_625' title='bbox 1387 4664 1456 4722; x_wconf 89' lang='lat' dir='ltr'>adeo</span> <span class='ocrx_word' id='word_1_626' title='bbox 1471 4673 1502 4721; x_wconf 94' lang='lat' dir='ltr'>ut</span> <span class='ocrx_word' id='word_1_627' title='bbox 1512 4663 1578 4720; x_wconf 92' lang='lat' dir='ltr'>nihil</span> <span class='ocrx_word' id='word_1_628' title='bbox 1590 4665 1799 4735; x_wconf 85' lang='lat' dir='ltr'>sanesentiret,¹</span> 
     </span>
     <span class='ocr_line' id='line_1_64' title="bbox 136 4756 1791 4838; baseline -0.005 -15"><span class='ocrx_word' id='word_1_629' title='bbox 136 4765 235 4823; x_wconf 88' lang='lat' dir='ltr'>obitus</span> <span class='ocrx_word' id='word_1_630' title='bbox 244 4764 370 4838; x_wconf 81' lang='lat' dir='ltr'>ejusdem</span> <span class='ocrx_word' id='word_1_631' title='bbox 379 4768 408 4824; x_wconf 91' lang='lat' dir='ltr'>S.</span> <span class='ocrx_word' id='word_1_632' title='bbox 421 4765 557 4837; x_wconf 81' lang='lat' dir='ltr'>praesulis,</span> <span class='ocrx_word' id='word_1_633' title='bbox 571 4766 656 4836; x_wconf 93' lang='lat' dir='ltr'>ipsius</span> <span class='ocrx_word' id='word_1_634' title='bbox 667 4765 701 4822; x_wconf 91' lang='lat' dir='ltr'>ad</span> <span class='ocrx_word' id='word_1_635' title='bbox 711 4765 837 4822; x_wconf 89' lang='lat' dir='ltr'>tumbam</span> <span class='ocrx_word' id='word_1_636' title='bbox 845 4781 937 4833; x_wconf 89' lang='lat' dir='ltr'>orans,</span> <span class='ocrx_word' id='word_1_637' title='bbox 992 4761 1131 4818; x_wconf 87' lang='lat' dir='ltr'>neminem</span> <span class='ocrx_word' id='word_1_638' title='bbox 1143 4768 1328 4833; x_wconf 86' lang='lat' dir='ltr'>cognosceret.</span> <span class='ocrx_word' id='word_1_639' title='bbox 1339 4759 1435 4816; x_wconf 89' lang='lat' dir='ltr'>Vocati</span> <span class='ocrx_word' id='word_1_640' title='bbox 1444 4773 1542 4816; x_wconf 89' lang='lat' dir='ltr'>sumus</span> <span class='ocrx_word' id='word_1_641' title='bbox 1555 4756 1673 4829; x_wconf 90' lang='lat' dir='ltr'>denique</span> <span class='ocrx_word' id='word_1_642' title='bbox 1686 4765 1714 4814; x_wconf 88' lang='lat' dir='ltr'>et</span> <span class='ocrx_word' id='word_1_643' title='bbox 1728 4773 1791 4826; x_wconf 89' lang='lat' dir='ltr'>nos,</span> 
     </span>
    </p>
   </div>
   <div class='ocr_carea' id='block_1_16' title="bbox 133 4850 1879 5864">
    <p class='ocr_par' dir='ltr' id='par_1_21' title="bbox 137 4850 1793 4929">
     <span class='ocr_line' id='line_1_65' title="bbox 137 4850 1793 4929; baseline -0.007 -12"><span class='ocrx_word' id='word_1_644' title='bbox 137 4875 208 4917; x_wconf 86' lang='lat' dir='ltr'>sana</span> <span class='ocrx_word' id='word_1_645' title='bbox 222 4860 351 4916; x_wconf 80' lang='lat' dir='ltr'>surrexit.</span> <span class='ocrx_word' id='word_1_646' title='bbox 992 4862 1126 4929; x_wconf 89' lang='lat' dir='ltr'>quatenns</span> <span class='ocrx_word' id='word_1_647' title='bbox 1140 4854 1264 4928; x_wconf 85' lang='lat' dir='ltr'>injuncta</span> <span class='ocrx_word' id='word_1_648' title='bbox 1282 4854 1306 4910; x_wconf 92' lang='lat' dir='ltr'>ei</span> <span class='ocrx_word' id='word_1_649' title='bbox 1325 4853 1488 4924; x_wconf 81' lang='lat' dir='ltr'>poenitentia</span> <span class='ocrx_word' id='word_1_650' title='bbox 1503 4852 1731 4908; x_wconf 90' lang='lat' dir='ltr'>communionem</span> <span class='ocrx_word' id='word_1_651' title='bbox 1747 4850 1793 4907; x_wconf 87' lang='lat' dir='ltr'>da-</span> 
     </span>
    </p>

    <p class='ocr_par' dir='ltr' id='par_1_22' title="bbox 135 4945 1792 5487">
     <span class='ocr_line' id='line_1_66' title="bbox 174 4945 1791 5025; baseline -0.006 -15"><span class='ocrx_word' id='word_1_652' title='bbox 174 4955 296 5010; x_wconf 78' lang='lat' dir='ltr'>xxvii.</span> <span class='ocrx_word' id='word_1_653' title='bbox 312 4955 357 5009; x_wconf 89' lang='lat' dir='ltr'>De</span> <span class='ocrx_word' id='word_1_654' title='bbox 378 4952 512 5009; x_wconf 89' lang='lat' dir='ltr'>comitatu</span> <span class='ocrx_word' id='word_1_655' title='bbox 534 4968 643 5025; x_wconf 92' lang='lat' dir='ltr'>quoque</span> <span class='ocrx_word' id='word_1_656' title='bbox 669 4950 879 5020; x_wconf 82' lang='lat' dir='ltr'>trediatanensi,</span> <span class='ocrx_word' id='word_1_657' title='bbox 903 4951 938 5008; x_wconf 91' lang='lat' dir='ltr'>de</span> <span class='ocrx_word' id='word_1_658' title='bbox 992 4963 1095 5005; x_wconf 89' lang='lat' dir='ltr'>remus.</span> <span class='ocrx_word' id='word_1_659' title='bbox 1120 4946 1174 5004; x_wconf 89' lang='lat' dir='ltr'>Sed</span> <span class='ocrx_word' id='word_1_660' title='bbox 1188 4962 1275 5019; x_wconf 90' lang='lat' dir='ltr'>neque</span> <span class='ocrx_word' id='word_1_661' title='bbox 1294 4946 1455 5019; x_wconf 80' lang='lat' dir='ltr'>poenitentia</span> <span class='ocrx_word' id='word_1_662' title='bbox 1470 4945 1537 5019; x_wconf 91' lang='lat' dir='ltr'>quid</span> <span class='ocrx_word' id='word_1_663' title='bbox 1558 4952 1629 5002; x_wconf 87' lang='lat' dir='ltr'>esset</span> <span class='ocrx_word' id='word_1_664' title='bbox 1647 4945 1791 5018; x_wconf 89' lang='lat' dir='ltr'>potuimus</span> 
     </span>
     <span class='ocr_line' id='line_1_67' title="bbox 136 5037 1792 5121; baseline -0.007 -18"><span class='ocrx_word' id='word_1_665' title='bbox 136 5045 220 5121; x_wconf 92' lang='lat' dir='ltr'>plebe</span> <span class='ocrx_word' id='word_1_666' title='bbox 242 5044 352 5103; x_wconf 81' lang='lat' dir='ltr'>Rosade</span> <span class='ocrx_word' id='word_1_667' title='bbox 374 5044 490 5118; x_wconf 88' lang='lat' dir='ltr'>quidam</span> <span class='ocrx_word' id='word_1_668' title='bbox 514 5045 627 5102; x_wconf 89' lang='lat' dir='ltr'>claudus</span> <span class='ocrx_word' id='word_1_669' title='bbox 653 5043 814 5113; x_wconf 87' lang='lat' dir='ltr'>advenerat,</span> <span class='ocrx_word' id='word_1_670' title='bbox 841 5045 889 5117; x_wconf 93' lang='lat' dir='ltr'>qui</span> <span class='ocrx_word' id='word_1_671' title='bbox 912 5053 939 5100; x_wconf 89' lang='lat' dir='ltr'>et</span> <span class='ocrx_word' id='word_1_672' title='bbox 992 5043 1016 5099; x_wconf 90' lang='lat' dir='ltr'>ei</span> <span class='ocrx_word' id='word_1_673' title='bbox 1032 5043 1212 5098; x_wconf 90' lang='lat' dir='ltr'>innotescere.</span> <span class='ocrx_word' id='word_1_674' title='bbox 1228 5044 1384 5110; x_wconf 87' lang='lat' dir='ltr'>Postremo,</span> <span class='ocrx_word' id='word_1_675' title='bbox 1397 5055 1449 5097; x_wconf 93' lang='lat' dir='ltr'>nec</span> <span class='ocrx_word' id='word_1_676' title='bbox 1459 5038 1525 5113; x_wconf 93' lang='lat' dir='ltr'>quid</span> <span class='ocrx_word' id='word_1_677' title='bbox 1535 5043 1611 5096; x_wconf 89' lang='lat' dir='ltr'>Deus</span> <span class='ocrx_word' id='word_1_678' title='bbox 1625 5046 1698 5095; x_wconf 87' lang='lat' dir='ltr'>esset</span> <span class='ocrx_word' id='word_1_679' title='bbox 1708 5037 1792 5108; x_wconf 89' lang='lat' dir='ltr'>potui-</span> 
     </span>
     <span class='ocr_line' id='line_1_68' title="bbox 136 5130 1790 5212; baseline -0.008 -14"><span class='ocrx_word' id='word_1_680' title='bbox 136 5141 229 5198; x_wconf 83' lang='lat' dir='ltr'>multa</span> <span class='ocrx_word' id='word_1_681' title='bbox 239 5139 298 5212; x_wconf 83' lang='lat' dir='ltr'>jam</span> <span class='ocrx_word' id='word_1_682' title='bbox 312 5147 474 5197; x_wconf 89' lang='lat' dir='ltr'>sanctorum</span> <span class='ocrx_word' id='word_1_683' title='bbox 495 5138 590 5195; x_wconf 91' lang='lat' dir='ltr'>limina</span> <span class='ocrx_word' id='word_1_684' title='bbox 611 5138 649 5196; x_wconf 89' lang='lat' dir='ltr'>sic</span> <span class='ocrx_word' id='word_1_685' title='bbox 663 5146 821 5195; x_wconf 88' lang='lat' dir='ltr'>contractus</span> <span class='ocrx_word' id='word_1_686' title='bbox 834 5138 937 5194; x_wconf 88' lang='lat' dir='ltr'>sanita·</span> <span class='ocrx_word' id='word_1_687' title='bbox 992 5152 1056 5194; x_wconf 91' lang='lat' dir='ltr'>mus</span> <span class='ocrx_word' id='word_1_688' title='bbox 1075 5151 1139 5192; x_wconf 88' lang='lat' dir='ltr'>eum</span> <span class='ocrx_word' id='word_1_689' title='bbox 1153 5134 1245 5192; x_wconf 87' lang='lat' dir='ltr'>facere</span> <span class='ocrx_word' id='word_1_690' title='bbox 1260 5149 1418 5207; x_wconf 88' lang='lat' dir='ltr'>agnoscere,</span> <span class='ocrx_word' id='word_1_691' title='bbox 1435 5142 1484 5191; x_wconf 91' lang='lat' dir='ltr'>aut</span> <span class='ocrx_word' id='word_1_692' title='bbox 1497 5137 1589 5190; x_wconf 89' lang='lat' dir='ltr'>Deum</span> <span class='ocrx_word' id='word_1_693' title='bbox 1607 5130 1649 5187; x_wconf 90' lang='lat' dir='ltr'>vel</span> <span class='ocrx_word' id='word_1_694' title='bbox 1669 5130 1790 5203; x_wconf 90' lang='lat' dir='ltr'>aliquem</span> 
     </span>
     <span class='ocr_line' id='line_1_69' title="bbox 136 5222 1790 5306; baseline -0.007 -14"><span class='ocrx_word' id='word_1_695' title='bbox 136 5243 200 5292; x_wconf 83' lang='lat' dir='ltr'>tem</span> <span class='ocrx_word' id='word_1_696' title='bbox 220 5241 350 5306; x_wconf 86' lang='lat' dir='ltr'>expetens</span> <span class='ocrx_word' id='word_1_697' title='bbox 371 5231 511 5290; x_wconf 87' lang='lat' dir='ltr'>circuibat.</span> <span class='ocrx_word' id='word_1_698' title='bbox 536 5234 584 5289; x_wconf 85' lang='lat' dir='ltr'>llic</span> <span class='ocrx_word' id='word_1_699' title='bbox 604 5233 639 5290; x_wconf 89' lang='lat' dir='ltr'>ad</span> <span class='ocrx_word' id='word_1_700' title='bbox 659 5240 784 5290; x_wconf 64' lang='lat' dir='ltr'>sancum</span> <span class='ocrx_word' id='word_1_701' title='bbox 799 5232 938 5288; x_wconf 90' lang='lat' dir='ltr'>tumulum</span> <span class='ocrx_word' id='word_1_702' title='bbox 991 5237 1149 5287; x_wconf 89' lang='lat' dir='ltr'>sanctorum</span> <span class='ocrx_word' id='word_1_703' title='bbox 1166 5229 1304 5286; x_wconf 83' lang='lat' dir='ltr'>invocare.</span> <span class='ocrx_word' id='word_1_704' title='bbox 1329 5227 1546 5285; x_wconf 84' lang='lat' dir='ltr'>AEstimabamus</span> <span class='ocrx_word' id='word_1_705' title='bbox 1565 5225 1717 5282; x_wconf 90' lang='lat' dir='ltr'>certissime</span> <span class='ocrx_word' id='word_1_706' title='bbox 1730 5222 1790 5280; x_wconf 81' lang='lat' dir='ltr'>dae·</span> 
     </span>
     <span class='ocr_line' id='line_1_70' title="bbox 136 5319 1790 5402; baseline -0.007 -17"><span class='ocrx_word' id='word_1_707' title='bbox 136 5342 285 5402; x_wconf 88' lang='lat' dir='ltr'>proruens,</span> <span class='ocrx_word' id='word_1_708' title='bbox 300 5328 454 5385; x_wconf 88' lang='lat' dir='ltr'>orationem</span> <span class='ocrx_word' id='word_1_709' title='bbox 468 5323 581 5394; x_wconf 89' lang='lat' dir='ltr'>faciens,</span> <span class='ocrx_word' id='word_1_710' title='bbox 597 5341 682 5383; x_wconf 89' lang='lat' dir='ltr'>sanus</span> <span class='ocrx_word' id='word_1_711' title='bbox 696 5325 828 5383; x_wconf 88' lang='lat' dir='ltr'>continuo</span> <span class='ocrx_word' id='word_1_712' title='bbox 847 5325 938 5383; x_wconf 92' lang='lat' dir='ltr'>factus</span> <span class='ocrx_word' id='word_1_713' title='bbox 992 5325 1120 5381; x_wconf 90' lang='lat' dir='ltr'>monium</span> <span class='ocrx_word' id='word_1_714' title='bbox 1133 5323 1209 5380; x_wconf 92' lang='lat' dir='ltr'>illum</span> <span class='ocrx_word' id='word_1_715' title='bbox 1222 5321 1331 5378; x_wconf 89' lang='lat' dir='ltr'>babere.</span> <span class='ocrx_word' id='word_1_716' title='bbox 1344 5320 1553 5379; x_wconf 84' lang='lat' dir='ltr'>vociferabatur</span> <span class='ocrx_word' id='word_1_717' title='bbox 1566 5319 1649 5385; x_wconf 91' lang='lat' dir='ltr'>enim,</span> <span class='ocrx_word' id='word_1_718' title='bbox 1667 5324 1700 5372; x_wconf 93' lang='lat' dir='ltr'>ut</span> <span class='ocrx_word' id='word_1_719' title='bbox 1714 5331 1790 5374; x_wconf 82' lang='lat' dir='ltr'>asso·</span> 
     </span>
     <span class='ocr_line' id='line_1_71' title="bbox 135 5410 1789 5487; baseline -0.009 -7"><span class='ocrx_word' id='word_1_720' title='bbox 135 5430 191 5480; x_wconf 83' lang='lat' dir='ltr'>est.</span> <span class='ocrx_word' id='word_1_721' title='bbox 992 5418 1048 5474; x_wconf 91' lang='lat' dir='ltr'>lent</span> <span class='ocrx_word' id='word_1_722' title='bbox 1059 5417 1158 5487; x_wconf 90' lang='lat' dir='ltr'>insani,</span> <span class='ocrx_word' id='word_1_723' title='bbox 1170 5417 1291 5473; x_wconf 90' lang='lat' dir='ltr'>clamore</span> <span class='ocrx_word' id='word_1_724' title='bbox 1305 5415 1396 5472; x_wconf 88' lang='lat' dir='ltr'>valido</span> <span class='ocrx_word' id='word_1_725' title='bbox 1408 5411 1628 5471; x_wconf 88' lang='lat' dir='ltr'>inconvenientia</span> <span class='ocrx_word' id='word_1_726' title='bbox 1642 5410 1747 5478; x_wconf 87' lang='lat' dir='ltr'>multa;</span> <span class='ocrx_word' id='word_1_727' title='bbox 1761 5417 1789 5466; x_wconf 89' lang='lat' dir='ltr'>et</span> 
     </span>
    </p>

    <p class='ocr_par' dir='ltr' id='par_1_23' title="bbox 133 5505 1879 5864">
     <span class='ocr_line' id='line_1_72' title="bbox 175 5505 1879 5590; baseline -0.008 -17"><span class='ocrx_word' id='word_1_728' title='bbox 175 5516 311 5574; x_wconf 78' lang='lat' dir='ltr'>xxviii.</span> <span class='ocrx_word' id='word_1_729' title='bbox 323 5515 377 5573; x_wconf 89' lang='lat' dir='ltr'>Die</span> <span class='ocrx_word' id='word_1_730' title='bbox 385 5514 529 5590; x_wconf 87' lang='lat' dir='ltr'>trigesimo</span> <span class='ocrx_word' id='word_1_731' title='bbox 543 5528 628 5583; x_wconf 91' lang='lat' dir='ltr'>nono,</span> <span class='ocrx_word' id='word_1_732' title='bbox 640 5512 741 5571; x_wconf 92' lang='lat' dir='ltr'>accidit</span> <span class='ocrx_word' id='word_1_733' title='bbox 750 5510 852 5570; x_wconf 93' lang='lat' dir='ltr'>deinde</span> <span class='ocrx_word' id='word_1_734' title='bbox 863 5513 938 5585; x_wconf 92' lang='lat' dir='ltr'>quod</span> <span class='ocrx_word' id='word_1_735' title='bbox 991 5511 1047 5569; x_wconf 91' lang='lat' dir='ltr'>nisi</span> <span class='ocrx_word' id='word_1_736' title='bbox 1064 5516 1204 5568; x_wconf 86' lang='lat' dir='ltr'>teneretur</span> <span class='ocrx_word' id='word_1_737' title='bbox 1220 5510 1363 5580; x_wconf 88' lang='lat' dir='ltr'>violenter,</span> <span class='ocrx_word' id='word_1_738' title='bbox 1377 5524 1434 5565; x_wconf 93' lang='lat' dir='ltr'>non</span> <span class='ocrx_word' id='word_1_739' title='bbox 1448 5507 1538 5564; x_wconf 92' lang='lat' dir='ltr'>solum</span> <span class='ocrx_word' id='word_1_740' title='bbox 1551 5505 1727 5572; x_wconf 88' lang='lat' dir='ltr'>vestimenta,</span> <span class='ocrx_word' id='word_1_741' title='bbox 1742 5519 1788 5560; x_wconf 89' lang='lat' dir='ltr'>ve·</span> <span class='ocrx_word' id='word_1_742' title='bbox 1875 5506 1879 5517; x_wconf 95' lang='lat'>&#39;</span> 
     </span>
     <span class='ocr_line' id='line_1_73' title="bbox 134 5594 1790 5683; baseline -0.011 -14"><span class='ocrx_word' id='word_1_743' title='bbox 134 5611 168 5669; x_wconf 84' lang='lat' dir='ltr'>in</span> <span class='ocrx_word' id='word_1_744' title='bbox 181 5609 335 5666; x_wconf 88' lang='lat' dir='ltr'>multorum</span> <span class='ocrx_word' id='word_1_745' title='bbox 348 5610 436 5667; x_wconf 86' lang='lat' dir='ltr'>oculis</span> <span class='ocrx_word' id='word_1_746' title='bbox 440 5608 597 5683; x_wconf 90' lang='lat' dir='ltr'>jucundum</span> <span class='ocrx_word' id='word_1_747' title='bbox 612 5604 664 5663; x_wconf 90' lang='lat' dir='ltr'>luit</span> <span class='ocrx_word' id='word_1_748' title='bbox 675 5615 702 5663; x_wconf 93' lang='lat' dir='ltr'>et</span> <span class='ocrx_word' id='word_1_749' title='bbox 714 5607 850 5663; x_wconf 89' lang='lat' dir='ltr'>mirabile.</span> <span class='ocrx_word' id='word_1_750' title='bbox 863 5609 937 5663; x_wconf 90' lang='lat' dir='ltr'>Nam</span> <span class='ocrx_word' id='word_1_751' title='bbox 992 5620 1056 5661; x_wconf 92' lang='lat' dir='ltr'>rum</span> <span class='ocrx_word' id='word_1_752' title='bbox 1074 5603 1157 5660; x_wconf 86' lang='lat' dir='ltr'>etiam</span> <span class='ocrx_word' id='word_1_753' title='bbox 1173 5602 1361 5675; x_wconf 89' lang='lat' dir='ltr'>discerpsisset</span> <span class='ocrx_word' id='word_1_754' title='bbox 1373 5600 1509 5657; x_wconf 84' lang='lat' dir='ltr'>membra.</span> <span class='ocrx_word' id='word_1_755' title='bbox 1534 5596 1653 5655; x_wconf 77' lang='lat' dir='ltr'>Auditur</span> <span class='ocrx_word' id='word_1_756' title='bbox 1665 5594 1790 5670; x_wconf 89' lang='lat' dir='ltr'>undique</span> 
     </span>
     <span class='ocr_line' id='line_1_74' title="bbox 136 5687 1789 5776; baseline -0.008 -15"><span class='ocrx_word' id='word_1_757' title='bbox 136 5705 169 5761; x_wconf 92' lang='lat' dir='ltr'>in</span> <span class='ocrx_word' id='word_1_758' title='bbox 182 5702 295 5771; x_wconf 86' lang='lat' dir='ltr'>litaniis,</span> <span class='ocrx_word' id='word_1_759' title='bbox 312 5718 376 5776; x_wconf 78' lang='lat' dir='ltr'>qnae</span> <span class='ocrx_word' id='word_1_760' title='bbox 389 5702 569 5776; x_wconf 83' lang='lat' dir='ltr'>Gregorianae</span> <span class='ocrx_word' id='word_1_761' title='bbox 582 5700 763 5772; x_wconf 87' lang='lat' dir='ltr'>appellantur,</span> <span class='ocrx_word' id='word_1_762' title='bbox 775 5699 843 5756; x_wconf 91' lang='lat' dir='ltr'>dum</span> <span class='ocrx_word' id='word_1_763' title='bbox 858 5699 939 5755; x_wconf 91' lang='lat' dir='ltr'>innu-</span> <span class='ocrx_word' id='word_1_764' title='bbox 992 5698 1106 5767; x_wconf 85' lang='lat' dir='ltr'>clamor,</span> <span class='ocrx_word' id='word_1_765' title='bbox 1121 5705 1271 5754; x_wconf 89' lang='lat' dir='ltr'>accurrunt</span> <span class='ocrx_word' id='word_1_766' title='bbox 1288 5694 1412 5768; x_wconf 89' lang='lat' dir='ltr'>plurimi,</span> <span class='ocrx_word' id='word_1_767' title='bbox 1428 5692 1470 5748; x_wconf 87' lang='lat' dir='ltr'>alii</span> <span class='ocrx_word' id='word_1_768' title='bbox 1493 5691 1663 5764; x_wconf 88' lang='lat' dir='ltr'>plangentes,</span> <span class='ocrx_word' id='word_1_769' title='bbox 1677 5687 1722 5744; x_wconf 91' lang='lat' dir='ltr'>alii</span> <span class='ocrx_word' id='word_1_770' title='bbox 1737 5691 1789 5747; x_wconf 90' lang='lat' dir='ltr'>ad·</span> 
     </span>
     <span class='ocr_line' id='line_1_75' title="bbox 133 5779 1787 5864; baseline -0.008 -8"><span class='ocrx_word' id='word_1_771' title='bbox 133 5796 282 5856; x_wconf 87' lang='lat' dir='ltr'>merabilis</span> <span class='ocrx_word' id='word_1_772' title='bbox 299 5796 448 5854; x_wconf 91' lang='lat' dir='ltr'>bominum</span> <span class='ocrx_word' id='word_1_773' title='bbox 458 5793 608 5853; x_wconf 89' lang='lat' dir='ltr'>multitudo</span> <span class='ocrx_word' id='word_1_774' title='bbox 628 5790 665 5850; x_wconf 89' lang='lat' dir='ltr'>ad</span> <span class='ocrx_word' id='word_1_775' title='bbox 679 5806 761 5864; x_wconf 86' lang='lat' dir='ltr'>supra</span> <span class='ocrx_word' id='word_1_776' title='bbox 780 5793 883 5851; x_wconf 90' lang='lat' dir='ltr'>dictam</span> <span class='ocrx_word' id='word_1_777' title='bbox 898 5793 936 5848; x_wconf 92' lang='lat' dir='ltr'>ci·</span> <span class='ocrx_word' id='word_1_778' title='bbox 992 5791 1132 5849; x_wconf 87' lang='lat' dir='ltr'>mirantes.</span> <span class='ocrx_word' id='word_1_779' title='bbox 1153 5788 1316 5846; x_wconf 78' lang='lat' dir='ltr'>Audivimus</span> <span class='ocrx_word' id='word_1_780' title='bbox 1329 5799 1438 5862; x_wconf 90' lang='lat' dir='ltr'>quoque</span> <span class='ocrx_word' id='word_1_781' title='bbox 1456 5798 1508 5842; x_wconf 88' lang='lat' dir='ltr'>nos</span> <span class='ocrx_word' id='word_1_782' title='bbox 1527 5785 1557 5839; x_wconf 91' lang='lat' dir='ltr'>in</span> <span class='ocrx_word' id='word_1_783' title='bbox 1575 5797 1685 5840; x_wconf 82' lang='lat' dir='ltr'>camera</span> <span class='ocrx_word' id='word_1_784' title='bbox 1698 5779 1787 5850; x_wconf 88' lang='lat' dir='ltr'>ipsius</span> 
     </span>
    </p>
   </div>
   <div class='ocr_carea' id='block_1_17' title="bbox 0 0 1940 6164">
    <p class='ocr_par' dir='ltr' id='par_1_24' title="bbox 0 0 1940 6164">
     <span class='ocr_line' id='line_1_76' title="bbox 0 0 1940 6164; baseline 0 3"><span class='ocrx_word' id='word_1_785' title='bbox 0 0 1940 6164; x_wconf 95' lang='lat' dir='ltr'> </span> 
     </span>
    </p>
   </div>
  </div>
 </body>
</html>
