3870 6164
21 192 81 211 ‘¹
155 244 224 302 4444
393 216 398 235 ’
655 245 702 300 tn
719 244 833 301 44444
851 244 880 300 4.
900 190 1061 299 ennoean
1079 239 1299 297 4444444444.
1651 278 1655 283 .
1752 238 1806 293 nn

186 371 362 427 4441144444
377 367 473 423 xistus
487 383 557 440 papa
571 368 717 438 ⁴6²⁸,sedit
734 383 821 425 annos
845 374 872 424 8.
946 366 988 447 (Α
1037 370 1101 421 449.
1119 367 1220 421 lterum
1229 363 1359 421 catholici
1372 363 1407 420 ab
1418 363 1600 436 imperatore
1613 359 1808 418 Theodosioel

188 468 251 521 ltt.
275 461 477 518 Valentinianus
490 471 622 535 augustus
641 463 728 521 multa
743 461 861 519 ¹eeclesiis
876 460 949 517 dona
1002 458 1169 515 audientiam
1187 457 1301 515 evocati.

150 557 233 615 dedit.
1038 557 1100 609 450.
1122 553 1179 608 144
1203 550 1389 624 papalegato‘s
1408 550 1445 609 ad
1458 548 1678 607 confutandam
1706 549 1806 607 herss'n

186 655 249 708 434.
267 647 397 706 Wandali
408 649 466 722 iam
480 665 555 708 nono
569 666 643 708 4444
656 648 791 709 Aiiricam
818 648 946 707 inlestan·
1002 645 1112 703 mittere
1125 646 1242 702 curavit.
1261 638 1432 702 Theodosius
1443 644 1611 717 imperator
1621 644 1756 702 moritur.
1767 646 1807 702 ihu

46 732 49 737 '
149 752 201 811 tes,
216 752 353 816 pactuma
368 745 504 801 Romanis
528 746 680 818 postulant,
1001 755 1056 811 quo
1081 739 1238 795 Martianus
1261 737 1376 795 orientis
1410 738 1569 811 imperium
1596 736 1734 811 adeptus,
1758 745 1806 795 ett

185 840 388 895 mensuum
400 837 548 896 wandalis
561 839 642 896 facta,
1000 832 1080 889 annis
1104 847 1231 906 regnans,
1250 832 1425 889 Euthicetem
1459 848 1530 888 eum
1557 833 1623 888 suis
1654 832 1807 906 sequacibrs

184 930 341 988 4364141141
349 931 508 988 Narbonem
519 931 659 989 obsessam
668 929 741 988 ieme
750 939 889 1004 premunt.
999 925 1121 983 damnat.
1135 925 1252 983 Placidia
1263 933 1377 998 augusta
1392 926 1472 982 obiit.
1483 925 1622 982 Romani
1638 928 1726 983 Aetio
1741 927 1806 993 dnn.

184 1031 250 1081 437.
276 1025 382 1081 Bellum
402 1025 673 1082 etlonraniscontra
699 1024 806 1082 Gothos
829 1025 944 1097 geritur.
999 1019 1100 1077 Gothis
1122 1019 1338 1088 auxiliatoribus,
1354 1018 1467 1076 Attilam
1485 1019 1625 1077 vicerunt
1640 1036 1739 1093 regem
1757 1023 1804 1077 114-

184 1121 247 1176 438.
270 1120 321 1175 1114
346 1119 510 1191 temporibus
530 1125 640 1175 sanctus
663 1121 780 1190 Prosper
810 1118 945 1188 neeesse
997 1129 1107 1171 norum.

147 1214 284 1284 episcopm
306 1217 401 1269 ceretro
416 1212 514 1267 librum
533 1212 657 1269 Cassiani
677 1213 882 1283 deprotectioee
895 1214 945 1269 Dei
1034 1215 1098 1264 451.
1111 1208 1197 1265 Attila
1213 1208 1364 1265 recollectis
1380 1208 1485 1265 viribus
1510 1208 1701 1288 Aquilegiam
1721 1225 1804 1284 magor

146 1307 265 1376 scripsit,
274 1309 302 1361 in
309 1323 363 1376 ouo
372 1307 483 1361 eundem
493 1306 605 1362 liberum
615 1306 761 1361 arbitrium
768 1309 849 1362 nimis
862 1311 942 1362 ectu·
997 1301 1023 1356 vi
1035 1301 1116 1374 cepit.
1134 1301 1178 1357 Ad
1193 1317 1276 1374 quem
1290 1301 1501 1358 Valentinianus
1516 1302 1684 1375 imperetur
1696 1305 1804 1361 leonem

146 1399 209 1456 iisse
230 1401 356 1471 probavit
371 1397 403 1434 ¹⁸²
418 1403 518 1467 (1175).
996 1410 1095 1467 papam
1116 1396 1241 1464 mittens,
1264 1410 1360 1467 pacem
1383 1411 1447 1452 cum
1468 1411 1506 1452 eo
1531 1394 1616 1454 iecit.

181 1492 383 1549 4341414444
403 1491 575 1549 atelenensis
588 1492 741 1565 episcopus,
763 1492 941 1565 Pelagienista
1031 1494 1096 1546 451.
1113 1488 1194 1545 Attila
1211 1504 1257 1545 rex
1266 1491 1414 1546 Hunorum
1427 1489 1453 1545 in
1468 1490 1532 1546 suis
1549 1490 1677 1548 sedibus
1690 1492 1802 1549 merim.

140 1585 366 1657 iactantissimus,
412 1585 528 1643 aeclesiae
574 1585 765 1643 communioni
807 1587 942 1659 surripere
995 1584 1056 1639 1144
1070 1590 1301 1655 temporequarta
1314 1583 1425 1641 sinodus
1444 1583 1628 1641 uniuersalis
1643 1591 1700 1642 636
1713 1587 1802 1659 episeo-

143 1687 292 1752 temptens‚
310 1677 797 1752 4111414,4444444444144444144.
996 1691 1093 1748 porum
1122 1675 1150 1732 in
1172 1674 1324 1732 Caleenone
1350 1684 1445 1733 contre
1474 1676 1632 1733 Euthicen
1658 1687 1688 1734 et
1718 1695 1800 1736 omnes

178 1780 241 1832 440.
264 1778 364 1833 itomae
386 1774 515 1832 defuncto
529 1774 623 1844 Xisto,
640 1779 707 1843 Leo,
723 1774 762 1831 vir
777 1774 902 1832 doctrina
915 1782 943 1833 et
957 1746 981 1810 Β
996 1769 1131 1827 hereticos
1151 1777 1343 1843 congregatur,
1360 1770 1392 1807 ¹⁸¹
1404 1771 1504 1841 ibique
1521 1771 1676 1829 dementis
1694 1774 1799 1830 14441441

143 1869 268 1926 moribus
283 1869 410 1943 insignis,
427 1884 496 1942 papa
509 1873 581 1938 47⁰⁸,
593 1868 666 1926 sedit
690 1870 771 1925 annis
789 1876 835 1937 74,
850 1869 883 1907 ¹⁴⁸
893 1868 940 1941 qui
996 1868 1158 1920 tinctiones
1177 1867 1344 1920 statuerunt.

141 1962 313 2019 Euticianam
336 1971 364 2020 et
386 1963 579 2019 Nestorianam
606 1962 714 2019 hereses
735 1962 939 2033 condemnavit,
1028 1963 1090 2013 453.
1106 1957 1315 2014 Valentinianus
1334 1957 1491 2030 imperator
1516 1960 1643 2017 Aelium
1666 1962 1795 2034 pnltinnn

140 2059 167 2111 pi
188 2054 225 2094 ne
239 2061 275 2112 49
290 2057 395 2113 decreta
412 2057 581 2127 conscripsit,
994 2066 1081 2107 mann
1096 2066 1144 2107 444
1156 2050 1185 2107 14
1199 2052 1301 2124 palatio
1313 2050 1509 2109 fraudulenter
1521 2054 1646 2111 occidit.
1754 2074 1759 2089 ·

176 2155 239 2205 441.
261 2148 433 2206 Theodosius
449 2148 600 2219 imperator
613 2156 707 2206 contra
720 2149 870 2207 Wandalos
893 2166 940 2222 per
1027 2151 1091 2201 454.
1106 2145 1315 2202 Valentinianus
1326 2145 1480 2217 imperator
1498 2146 1530 2202 in
1545 2164 1658 2222 campo
1669 2150 1795 2206 Martiorb

63 2234 66 2239 ’
139 2240 223 2298 duces
235 2257 301 2299 snos
312 2242 414 2315 bellurn
424 2249 525 2297 moret.
991 2237 1086 2295 amicis
1099 2239 1171 2296 Aetii
1184 2239 1366 2297 interemitur.
1375 2240 1429 2296 Pro
1438 2256 1500 2313 quo
1514 2243 1669 2301 Maximus
1679 2243 1794 2300 invadens

174 2339 237 2390 444.
256 2335 373 2391 Sanctus
394 2333 513 2391 Brictius
525 2337 705 2391 Turonorum
720 2334 864 2408 episcopus
887 2336 935 2394 de·
990 2331 1149 2403 imperium,
1163 2332 1233 2390 inira
1253 2331 1326 2390 duos
1336 2349 1450 2391 menses
1466 2351 1485 2391 a
1501 2335 1651 2394 militibus
1663 2338 1791 2401 occiditun

138 2426 230 2497 cessit,
258 2427 304 2483 eui
324 2436 433 2483 sanctus
456 2426 620 2483 Eustochius
634 2429 776 2486 successit.
799 2431 853 2487 leo
867 2447 935 2503 papa
989 2434 1052 2497 post
1078 2442 1160 2499 quem
1184 2427 1282 2485 Avitus
1299 2427 1419 2499 sumpsit
1429 2427 1610 2501 imperium.
1637 2435 1714 2505 ipsos
1733 2447 1790 2488 4444

137 2521 242 2578 multos
264 2520 294 2576 in
316 2520 394 2578 Urbe
423 2521 583 2577 Manicheos
608 2521 765 2593 publicarit,
800 2530 828 2579 ct
849 2523 934 2582 libros
988 2519 1145 2578 Geiserieus
1164 2537 1211 2578 rex
1234 2521 1439 2578 Wandalorum
1462 2525 1602 2581 Romam
1618 2526 1724 2582 cunctis
1745 2526 1790 2597 opi

136 2626 234 2671 eorum
248 2613 375 2671 incendit.
393 2613 490 2669 ‘nuic
515 2617 607 2682 (l276)
622 2619 771 2684 contituit,
795 2621 933 2673 441444444-
986 2612 1038 2670 bus
1069 2615 1199 2687 expoliat.
1227 2616 1287 2672 Huc
1320 2630 1407 2688 usque
1430 2617 1565 2690 Prosper
1602 2619 1731 2677 chronica
1751 2634 1789 2675 sur

133 2708 184 2762 che
198 2709 322 2764 uelamen
335 2710 432 2778 cepitis
446 2709 481 2763 ab
500 2711 619 2780 episeopo
630 2708 798 2766 benedictum
811 2712 930 2768 nullate·
987 2706 1122 2778 perduxit,
1151 2711 1200 2779 qui
1223 2710 1400 2780 etcpistolem
1438 2713 1541 2767 144414
1576 2730 1662 2785 perper
1687 2715 1718 2769 de
1740 2729 1788 2768 terr

133 2798 184 2857 nus
197 2804 336 2872 occiperet,
356 2803 412 2856 nisi
429 2803 511 2871 prius
538 2804 681 2872 cispinitus
707 2804 782 2860 illies
810 2806 930 2876 probata
983 2802 1094 2856 Domini
1107 2803 1293 2858 incantatione
1315 2808 1407 2858 4441444
1429 2807 1580 2861 Euthicert
1596 2809 1717 2864 ereditur
1734 2824 1787 2864 4444·

14 2892 29 2929 '·
132 2894 213 2960 soret.
228 2894 303 2951 Unde
317 2899 343 2949 ct
354 2895 526 2964 Aupustinus
535 2899 640 2964 essent,
650 2912 696 2952 nee
709 2898 784 2952 illem
794 2901 929 2955 414144414-
981 2901 1110 2969 posm'sse.

132 2990 208 3056 pines
219 3003 313 3043 socrus
324 2989 530 3044 consecrandum
543 2991 614 3057 sore,
630 2991 799 3060 4144474441
814 2994 856 3048 441
867 2998 930 3050 erite
1017 2997 1081 3047 455.
1094 2991 1191 3048 Avitus
1202 2992 1669 3070 imperiumPlacentiaedeposnit.
1681 3003 1730 3056 Pro
1741 3013 1788 3071 quo

133 3080 296 3151 baptismum
306 3086 441 3153 coempto.
982 3083 1150 3156 Maiorianus
1164 3087 1284 3160 regnavit
1298 3086 1377 3143 annis
1396 3094 1426 3144 4.

166 3179 231 3230 444.
247 3175 330 3231 Attila
344 3190 393 3231 rex
415 3177 560 3232 Hunorum
573 3175 694 3233 Bleldam
709 3174 821 3235 fratrem
845 3141 968 3237 suum(3
1017 3179 1244 3236 esnMartienus
1258 3179 1407 3253 imperator
1423 3182 1554 3242 orientis
1575 3185 1658 3251 obiit;
1678 3200 1786 3258 promo

14 3340 23 3349 ἱ
129 3267 263 3340 regnique
273 3276 428 3325 consortem
443 3269 592 3326 interemit.
607 3274 648 3327 De
658 3269 740 3344 huius
753 3269 819 3327 anni
828 3273 928 3345 pasche
981 3272 1037 3328 Leo
1060 3273 1209 3345 imperator
1222 3272 1301 3330 annis
1320 3273 1353 3308 ¹⁶¹
1374 3279 1407 3329 17
1430 3286 1554 3351 regnat.
1584 3280 1624 3335 Ab
1645 3278 1696 3334 boc
1716 3295 1786 3334 4444

129 3361 270 3418 Proterius
283 3369 311 3419 ct
326 3363 489 3420 Pascasinus
504 3363 591 3420 Leoni
605 3379 683 3436 pape
699 3363 832 3421 scribunt.
980 3367 1118 3423 Victorius
1128 3366 1267 3438 paschales
1290 3368 1391 3441 cyclos,
1417 3378 1463 3426 set
1487 3387 1593 3432 errore
1623 3374 1723 3447 plenos,
1745 3373 1784 3428 in·

163 3460 225 3512 445.
239 3455 290 3512 1114
304 3456 477 3529 temporibus
490 3459 547 3515 Leo
558 3473 627 3530 papa
640 3458 711 3514 inter
725 3457 777 3515 alia
793 3458 865 3515 bona
877 3459 927 3515 ba·
978 3458 1072 3525 chent,
1096 3459 1211 3532 iubente
1235 3475 1303 3533 papa
1330 3461 1460 3534 Hylario.

29 3618 40 3631 Ι
126 3547 216 3605 silices
228 3550 416 3621 apostolorum
435 3550 507 3607 Petri
519 3559 546 3606 et
557 3551 633 3607 Pauli
653 3551 803 3609 renovavit.
1013 3559 1076 3610 457.
1090 3553 1259 3626 Maiorianus
1273 3555 1425 3628 imperator
1444 3559 1612 3619 occidentis
1621 3563 1650 3619 in
1662 3560 1780 3618 Aiiritanr

161 3646 224 3696 446.
241 3640 323 3713 Apud
339 3644 477 3715 Ephesum
487 3652 592 3716 septem
607 3644 786 3715 dormientes,
801 3645 846 3717 qui
873 3645 923 3702 sub
977 3655 1075 3704 contra
1085 3647 1239 3705 Wandalos
1254 3650 1342 3705 morit
1357 3650 1560 3722 procinctum.

125 3733 211 3789 Decio
235 3734 324 3791 multa
359 3751 409 3807 pro
428 3736 537 3794 Christo
559 3745 696 3796 tormenta
720 3739 791 3810 possi
813 3739 843 3795 in
863 3755 923 3813 spe·
1013 3746 1075 3798 466.
1102 3741 1268 3813 Maiorianus
1284 3742 1468 3816 imperatore
1487 3748 1654 3809 Richmere
1681 3749 1776 3824 patricio

125 3825 206 3881 lunea
218 3825 336 3896 quadem
349 3828 568 3899 obdormierunt,
584 3839 648 3903 post
660 3847 747 3889 annos
759 3839 809 3890 196
823 3849 922 3907 exper·
976 3832 1166 3892 fraudulenter
1176 3835 1329 3908 perimitur.

124 3915 224 3990 geiacti
234 3927 353 3990 sunt,et,
363 3920 811 3996 confirmatefideresurrectionis,
821 3926 922 3984 iterum
1012 3934 1075 3986 461.
1095 3931 1212 3986 Severus
1222 3933 1360 3987 navennae
1375 3947 1390 3987 4
1405 3933 1570 3997 Richmere
1582 3940 1728 4013 imperator
1739 3934 1771 3993 41-

124 4008 345 4068 obdormierunt.
975 4022 1075 4090 iectus,
1109 4031 1228 4096 quatuor
1262 4024 1344 4081 annis
1373 4028 1519 4099 regnarit.
1551 4036 1676 4092 Turonis
1695 4034 1771 4089 bearn

158 4109 222 4161 447.
238 4104 365 4163 1141141444
379 4105 515 4180 presbiter
529 4115 558 4165 41
568 4108 653 4165 abbas
667 4111 922 4186 Constantinopoli·
975 4116 1125 4187 Perpetuus
1140 4117 1285 4189 episcopus
1307 4116 1404 4187 lactus,
1435 4137 1551 4195 corpus
1577 4130 1667 4185 sancti
1678 4123 1766 4184 11444141

121 4204 214 4268 tanus,
231 4199 343 4256 confusa
358 4200 387 4257 in
399 4200 509 4258 Christo
522 4201 676 4261 divinitatis
693 4213 721 4262 et
744 4205 921 4264 humanitatis
973 4209 1123 4267 transtulit.

120 4291 421 4361 substautia‚unamin
448 4311 481 4352 44
494 4304 624 4354 naturam
647 4298 845 4373 dogmatizans,
866 4317 919 4358 an·
1009 4309 1074 4360 461.
1098 4307 1196 4361 Romen
1217 4304 1354 4379 Hilarius,
1377 4322 1450 4380 papa
1475 4317 1564 4383 48⁰¹,
1587 4317 1659 4376 sedit
1668 4315 1732 4374 annis
1743 4320 1768 4382 6,

119 4384 224 4444 nitente
236 4386 512 4460 Theodosioiuniore
523 4399 640 4464 augusto
655 4399 683 4448 et
697 4392 828 4451 Dioscoro
853 4395 918 4452 Ale·
972 4396 1113 4454 mensibus
1132 4405 1158 4455 3.
1184 4400 1240 4472 Qui
1254 4399 1363 4457 hereses
1380 4400 1596 4467 Euthicinnam
1611 4421 1640 4468 et
1653 4411 1771 4469 h‘estonr·

120 4477 252 4535 sandrino
266 4481 406 4553 episcopo,
418 4484 592 4540 resistentem
605 4484 657 4540 sibi
669 4486 831 4544 Flavianum
845 4489 916 4545 Con·
931 4488 956 4552 D
970 4506 1035 4548 nam
1051 4492 1201 4562 damnavit,
1225 4502 1255 4550 et
1271 4495 1343 4551 inter
1359 4493 1410 4551 4114
1432 4496 1518 4559 bona
1547 4506 1639 4563 etiam
1664 4507 1726 4563 durs
1740 4503 1773 4559 bi

119 4573 394 4645 stantinopolitanurn
423 4575 670 4650 archiepiscopum,
691 4580 848 4652 expulsum,
882 4582 916 4639 441
969 4583 1121 4642 bliothecns
1138 4585 1172 4625 ¹⁸³
1188 4586 1216 4643 in
1236 4588 1313 4645 Urbe
1326 4589 1462 4656 condidit,
1488 4594 1773 4675 ι*141444444441141

118 4672 239 4722 mortem
253 4682 339 4741 usque
352 4679 561 4743 persequuntur.
579 4673 682 4729 Contra
698 4689 784 4746 quam
799 4673 917 4732 heresim
969 4681 1090 4751 capitula
1119 4684 1269 4737 constituit.

117 4756 176 4814 Leo
188 4773 256 4831 papa
269 4760 373 4833 legatos
387 4763 471 4820 misit.
1005 4777 1069 4831 463.
1084 4776 1144 4830 Rex
1161 4774 1313 4832 Alanorum
1334 4774 1446 4834 ltaliam
1461 4790 1586 4856 petens,
1601 4790 1679 4863 apud
1688 4794 1773 4862 pirgi.

152 4856 217 4908 446.
238 4852 411 4911 Theodosius
436 4857 587 4930 imperator
605 4860 728 4917 Leonem
746 4877 844 4935 papam
864 4880 913 4935 pro
967 4882 1046 4923 muni
1059 4883 1073 4923 a
1086 4867 1235 4924 Riehrnere
1251 4868 1364 4942 patricio
1379 4885 1481 4944 pugna
1500 4879 1603 4940 victus
1621 4883 1734 4943 interiit.
1823 4882 1825 4947 l

116 4943 274 5003 defensione
294 4947 443 5006 Euthicetis
471 4949 508 5007 441
533 4962 669 5009 sevocat.
692 4955 745 5024 Qui
771 4971 788 5012 a
811 4958 912 5029 populo
1002 4966 1065 5019 464.
1090 4962 1206 5018 Severus
1224 4962 1374 5033 imperator
1386 4961 1511 5039 fraude,
1544 4987 1580 5034 ut
1595 4979 1689 5039 aiunt.
1705 4976 1775 5037 niet-

115 5038 244 5097 Romano
259 5041 351 5097 venire
362 5042 524 5113 prohibitus,
535 5045 698 5119 legatospro
711 5064 740 5105 se
752 5049 838 5106 misit.
967 5054 1048 5111 meris
1069 5069 1175 5112 veneno
1197 5056 1286 5128 periit.

746 5176 872 5236 vnntAE
905 5180 1118 5239 Lectiones.

150 5288 251 5349 ¹“hcm
261 5291 412 5364 pacientie
432 5296 583 5351 atramento
596 5297 706 5369 scriptu.
732 5298 924 5372 ιι3444444114
943 5308 973 5361 in
996 5306 1138 5362 14444444.
1160 5304 1194 5342 ¹⁸⁹
1215 5313 1245 5363 41
1255 5307 1387 5364 XLVllll
1423 5308 1454 5366 d.
1470 5329 1501 5371 c.
1530 5320 1600 5380 alio
1627 5330 1772 5382 utrumme

113 5360 222 5433 ³⁵⁰oue
245 5369 406 5444 sequuntur,
421 5367 450 5421 in
468 5368 592 5434 mereim
605 5368 788 5428 4441444441.
811 5374 844 5411 ¹³¹
865 5379 1346 5447 44444444414441144144444414.
1372 5378 1420 5437 ¹⁸².
1435 5382 1523 5444 deest
1553 5399 1603 5453 ¹2.
1634 5397 1671 5434 ,44
1692 5397 1773 5454 iiii,

66 5468 69 5473 -
110 5431 205 5490 thecas
220 5439 243 5490 1.
262 5435 688 5508 141444444414441444114444414.

876 5545 993 5603 NOEAE.

145 5650 437 5735 (1475)(14414441144
462 5653 549 5713 hies.
566 5657 682 5730 Prosper
703 5660 849 5731 Regiensis
871 5663 899 5719 in
953 5665 1114 5723 Cassianum
1137 5675 1225 5726 exstat
1247 5668 1276 5725 in
1299 5668 1358 5742 eius
1381 5672 1533 5744 operibus
1560 5683 1635 5743 edis,
1661 5686 1766 5743 venees

39 5726 60 5779 .’
110 5720 275 5778 1444144444
288 5738 430 5796 episcopus
442 5742 506 5783 curn
525 5729 553 5783 S.
569 5730 705 5800 Prospero
720 5732 887 5802 Aquitanico
956 5742 1035 5792 1744.
1048 5738 1112 5796 Vid.
1128 5738 1210 5811 int,
1224 5739 1301 5824 praei.
1315 5756 1343 5812 p.
1356 5756 1427 5800 4444.
1442 5746 1523 5808 1144.

106 5791 308 5869 uttiepiscopus
328 5811 467 5868 nunquam
483 5797 543 5867 luit,
566 5800 698 5874 cuiusque
711 5800 780 5858 liber
804 5813 899 5862 eontra
991 5811 1086 5880 (127⁶)
1105 5812 1147 5868 Ex
1164 5820 1248 5886 gestes
1268 5809 1420 5885 pontilill.
