3870 6164
183 258 217 315 os
382 206 385 213 ’
796 240 1216 305 sarracenatorum.
1800 250 1835 306 ιι

180 382 237 437 tate
248 377 395 434 summm
409 373 483 432 Petri
492 380 520 431 et
533 370 608 429 Pauli
621 368 832 445 Apostolorum,
847 371 979 444 praecipio
992 380 1017 447 ,q
1033 370 1171 437 cruribus,
1186 370 1226 429 sic
1238 378 1270 429 ut
1290 370 1334 429 vix
1354 371 1564 447 quomodolibet
1583 379 1658 439 stare
1666 381 1770 447 posset,
1787 376 1835 434 vix

181 468 269 540 robis,
283 476 315 528 ut
334 469 475 527 neminem
496 466 619 525 babeatis
635 467 795 524 itomanam
808 464 979 535 Pontificem,
1034 465 1118 523 etiem
1131 464 1222 538 jacere
1240 465 1281 522 rel
1304 465 1424 525 sedere:
1447 469 1494 540 qui
1516 474 1544 525 et
1560 468 1648 525 multa
1667 467 1694 524 ιιι
1708 466 1835 529 medicos

181 562 235 621 nisi
246 563 377 621 canonice
390 563 519 631 eloctum,
534 568 738 620 etsanctorum
756 562 870 617 Patrum
884 568 981 618 aucto·
1034 567 1202 633 erogaverat,
1236 558 1358 632 nihilque
1388 560 1555 633 proieceratu
1582 562 1706 636 apposita
1737 564 1835 621 eadem

181 659 261 715 ritate
286 658 405 715 electum
424 665 452 714 et
472 655 640 714 ordinatum.
663 653 719 710 Ubi
734 668 799 710 vero
817 653 846 709 in
858 661 981 711 extremo
1034 653 1115 711 mitra
1132 653 1180 710 ubi
1202 653 1290 726 major
1308 653 1447 727 ingruerat
1466 653 1556 726 dolor,
1577 655 1699 729 pristina
1712 655 1836 715 redditus

182 751 286 825 positus
303 758 373 820 eret,
386 751 485 808 ultima
500 750 583 808 verbu
597 749 658 823 ejus
669 746 873 806 baecfuerunt:
894 748 981 805 Dilesi
1034 754 1076 806 est
1093 747 1211 804 sanitati.
1230 747 1313 805 Liber
1329 747 1452 821 ejusdem
1465 750 1589 806 linselmi
1603 750 1637 807 de
1660 750 1833 808 Psalmorum

183 938 287 996 exsilio.
303 941 363 1010 Quo
387 946 485 996 contra
506 938 620 1013 quidam
647 935 807 993 venerabilis
832 935 982 1009 Episcopus
1033 936 1111 1009 pium
1124 935 1256 994 allectum
1268 952 1332 1010 erga
1345 939 1516 994 sanctitatem
1528 937 1650 1011 magistri
1664 938 1706 995 sui
1725 939 1834 1012 Grego-

183 1033 358 1106 rcspondissc
376 1041 502 1089 narratur
517 1049 525 1087 ι
539 1034 601 1089 Non
613 1039 699 1104 potes,
713 1030 842 1101 Domine,
860 1029 932 1085 mori
954 1029 981 1086 ιιι
1032 1031 1065 1088 rii
1078 1030 1213 1100 babuerit,
1230 1030 1380 1088 evidentius
1399 1029 1554 1089 ostendere.
1569 1031 1615 1089 Sic
1632 1048 1697 1106 ergo
1712 1031 1835 1105 loquitur

184 1127 289 1197 exsilio,
303 1128 349 1200 qui
367 1127 396 1183 in
415 1126 473 1184 vice
484 1125 584 1184 christi
599 1134 627 1182 et
647 1125 843 1198 Apostolorum
865 1122 924 1196 ejus
938 1122 980 1180 di·
1033 1123 1188 1185 intractata
1201 1122 1311 1181 secundi
1323 1125 1424 1181 Psalmi
1436 1142 1445 1181 ι
1458 1126 1634 1183 «Astiterunt
1644 1128 1732 1199 Reges
1742 1134 1834 1197 terrae,

90 1248 100 1273 ι
183 1220 285 1279 rinitus
307 1220 434 1295 accepisti
455 1227 551 1292 gentes
571 1219 773 1287 haereditatem,
786 1226 814 1275 et
835 1217 982 1291 possessio·
1035 1226 1062 1276 et
1079 1219 1217 1291 Principes
1234 1219 1463 1276 conveneruntin
1479 1218 1722 1289 unum,adversus
1736 1220 1835 1277 Domi·

183 1329 248 1371 nem
261 1312 393 1371 terminos
404 1322 495 1371 terrae.
514 1317 608 1385 ltaque
619 1311 773 1386 septiformi
784 1312 872 1386 gratia
885 1312 981 1385 plenus
1034 1328 1113 1382 num,
1129 1322 1157 1370 et
1179 1313 1310 1370 adversus
1335 1312 1478 1370 Christum
1498 1314 1569 1387 ejus.
1593 1336 1607 1365 s
1626 1316 1715 1387 Reges
1740 1322 1832 1384 terra,
1922 1340 1926 1345 ·

184 1408 293 1480 septimi
312 1407 439 1481 Gregorii
452 1407 575 1480 spiritus,
589 1408 636 1481 qui
652 1405 788 1464 mundum
804 1415 832 1463 et
845 1407 981 1479 principes
1033 1406 1159 1463 membra
1173 1407 1295 1464 videlicet
1308 1404 1365 1479 ejus
1379 1406 1425 1479 qui
1440 1423 1524 1481 regna
1544 1422 1625 1482 super
1646 1423 1743 1465 omnes
1762 1407 1835 1465 illios

184 1501 243 1573 eius
256 1510 384 1575 arguerat
396 1500 431 1559 de
449 1509 560 1574 peceato
575 1511 603 1558 et
618 1500 763 1574 dejustitia
779 1499 849 1557 etde
861 1498 978 1573 iudicio,
1034 1500 1181 1573 superbiae,
1200 1516 1258 1557 non
1271 1501 1363 1557 solum
1374 1511 1520 1570 venerunt,
1540 1502 1589 1559 sed
1602 1510 1630 1559 et
1642 1501 1794 1565 astiterunt,
1807 1510 1835 1559 et

184 1593 213 1650 ιιι
236 1592 398 1652 fortitudine
419 1594 538 1652 oralestis
554 1595 608 1652 cibi
622 1611 709 1668 nuper
724 1595 826 1668 accepti
841 1593 980 1651 coelestem
1034 1594 1153 1652 ιιιιιιιιιι
1175 1611 1226 1652 suo
1249 1598 1407 1653 Romanam
1427 1595 1578 1653 Ecclesiam
1597 1594 1783 1666 obsederunt,
1806 1603 1834 1653 et

184 1687 255 1744 viam
279 1688 423 1760 arripiens,
444 1689 598 1762 meritoque
622 1688 704 1746 divini
726 1689 788 1758 aeli,
810 1690 884 1746 velut
899 1689 980 1760 igpeo
1035 1688 1170 1762 principes
1203 1688 1380 1746 Sacerdotum
1414 1689 1616 1763 conspirantem
1647 1697 1835 1747 convenerunt

114 1828 125 1847 ,
183 1794 276 1852 curru,
291 1781 376 1839 instar
390 1782 456 1841 Elias
470 1784 625 1851 subvectus,
649 1787 722 1851 (101)
747 1783 852 1841 Urbani
864 1782 982 1855 tpraede·
996 1750 1021 1813 Β
1034 1783 1062 1840 in
1074 1798 1171 1850 uuum,
1188 1790 1284 1839 contra
1303 1790 1428 1840 sanctum
1456 1786 1577 1851 Petrum,
1600 1793 1629 1841 et
1646 1790 1740 1840 contra
1755 1783 1835 1840 Vica-

183 1875 299 1933 oessoris
312 1876 365 1945 sui,
377 1876 454 1950 cujus
468 1893 500 1934 ea
511 1877 555 1934 die
568 1876 702 1936 festivitas
713 1877 827 1946 exstitit,
843 1877 980 1934 omnium·
1033 1875 1107 1934 rium
1123 1877 1183 1951 ejus
1198 1877 1372 1949 Gregorium,
1391 1876 1449 1934 imo
1463 1877 1556 1949 ipsum
1569 1877 1616 1950 qui
1629 1876 1697 1934 dixit
1717 1896 1724 1934 :
1746 1899 1761 1926 ι
1776 1877 1831 1947 Qui

103 2001 106 2006 ·
185 1970 398 2042 quebeatorum
414 1972 540 2028 letitiam
560 1971 706 2029 incoelesti
721 1972 885 2045 gloriacum
901 1970 980 2028 Chri·
1036 1985 1084 2028 vos
1103 1969 1190 2045 tangit
1209 1986 1253 2027 me
1268 1970 1373 2044 tangit;
1395 1970 1441 2042 qui
1463 1986 1511 2027 ros
1530 1970 1645 2043 spernit,
1660 1986 1707 2028 me
1722 1971 1832 2042 'spernit

183 2070 228 2121 sto
239 2063 418 2134 gaudentium
429 2050 594 2122 excellenter
604 2064 763 2138 ampliavit;
778 2065 807 2123 in
821 2064 902 2121 terris
916 2080 980 2122 vero
1036 2064 1109 2131 (Luc.
1125 2071 1172 2136 x);
1189 2065 1353 2137 crucifigunt
1374 2065 1475 2121 iterum
1492 2064 1591 2123 Filium
1604 2064 1695 2123 Dei.»
1719 2065 1834 2122 ΰοιιιιιι

183 2157 400 2231 peregrinantem
426 2158 576 2217 Ecclesiam
601 2158 721 2216 discessu
741 2174 792 2216 suo
817 2175 874 2215 non
896 2173 980 2230 parvo
1035 2159 1151 2227 etenim,
1175 2159 1238 2232 quia
1259 2167 1341 2231 caput
1358 2158 1523 2216 nostrumin
1542 2158 1674 2216 membris
1691 2158 1747 2216 suis
1761 2159 1832 2232 pati·

184 2265 305 2309 moerore
324 2253 517 2311 consternavit.
532 2255 639 2326 Corpus
651 2252 710 2324 ejus
731 2254 879 2326 sepultura
898 2251 982 2309 tradi·
1034 2262 1092 2322 tur,
1106 2254 1134 2309 in
1148 2253 1281 2310 membris
1296 2251 1468 2321 infirmatum
1481 2253 1554 2310 siout
1567 2252 1624 2326 ipse
1642 2254 1727 2310 Beato
1750 2255 1833 2310 Petro

184 2351 245 2403 tum
262 2353 304 2402 est
321 2344 396 2418 apud
413 2345 525 2404 beatum
544 2346 707 2404 biattbaeum
720 2347 931 2418 Evangelistam,
946 2345 980 2403 de
1033 2345 1104 2404 dixit
1121 2366 1128 2403 ι
1146 2369 1159 2398 ι
1173 2345 1250 2403 vado
1261 2346 1358 2403 iterum
1367 2349 1488 2404 Romam
1503 2345 1631 2420 cruciligi.
1646 2369 1660 2397 s
1674 2349 1772 2404 Nonne
1785 2346 1832 2403 tibi

183 2436 262 2512 cujus
284 2454 355 2496 nova
378 2439 532 2498 inventione
556 2440 726 2499 laetabundus
749 2441 894 2514 scripserat
918 2451 981 2499 ants
1036 2439 1161 2497 ridentur
1179 2440 1319 2513 Principes
1341 2440 1521 2498 Sacerdotem
1535 2440 1562 2497 in
1576 2440 1660 2497 domo
1680 2439 1757 2497 Pilati
1780 2439 1833 2496 col·

184 2545 287 2606 paucos
301 2548 390 2591 annos
403 2534 556 2607 Epistotam
573 2533 660 2607 (los).
1033 2533 1120 2605 ligere
1144 2533 1290 2592 concilium
1310 2542 1342 2590 ut
1359 2533 1499 2592 christum
1518 2541 1600 2591 mortl
1624 2533 1742 2599 tradant,
1767 2548 1832 2591 cum

470 2647 593 2704 gppppp
611 2649 692 2704 χῃι,
1033 2635 1077 2686 tot
1090 2626 1173 2685 tarsos
1187 2635 1270 2686 testes
1284 2636 1380 2685 contra
1398 2642 1540 2685 summum
1557 2628 1719 2685 Pontilloem
1732 2627 1832 2686 Heari-

182 2749 317 2875 fflemgepa
329 2764 420 2804 ,mm
434 2752 484 2821 qm·
495 2752 622 2820 (prem,-
639 2751 750 2806 moeris
773 2750 922 2806 obedientes
940 2752 982 2806 „el
1033 2737 1083 2781 cus
1094 2721 1248 2792 adornavit,
1261 2738 1326 2779 cum
1340 2737 1436 2779 omnes
1450 2723 1568 2780 clamant
1582 2741 1590 2778 ι
1613 2726 1687 2779 licus
1700 2729 1743 2779 cst
1758 2736 1834 2778 mor·

218 2822 265 2876 s'oo
297 2822 399 2878 duales
423 2824 511 2892 merc,
530 2823 792 2894 diuinitrrsprobutu
812 2823 854 2878 ael
878 2825 981 2892 impro-
1034 2816 1088 2874 tis?
1100 2818 1198 2874 Nonne
1211 2816 1313 2873 iterum
1329 2815 1596 2889 Barrabaseligitur,
1608 2815 1833 2874 ethristussub

221 2892 294 2949 Wa-
1035 2909 1121 2971 Pilato
1142 2910 1224 2967 morti
1251 2908 1397 2979 addicitur,
1422 2925 1487 2967 cum
1513 2912 1657 2967 Ravennas
1683 2910 1833 2968 Guibertus

181 3022 187 3067 1
221 3009 283 3063 llis.
317 3006 522 3080 Consequenter
553 3005 600 3063 bic
625 3005 844 3063 introducendus
875 3005 981 3063 videtur
1033 3002 1141 3077 eligitur
1159 3011 1188 3060 et
1203 3006 1275 3076 Papa
1296 3003 1446 3077 Gregorius
1467 3004 1649 3076 reprobaturi
1677 3004 1721 3061 Sic
1744 3004 1833 3060 vivere

174 3098 337 3171 'maecipuus
364 3099 500 3156 virtutum
529 3099 588 3171 eius
609 3106 728 3155 sectator
753 3108 781 3155 et
803 3098 891 3169 ireres,
918 3097 982 3155 bea-
997 3120 1020 3184 c
1035 3098 1172 3154 iatronem
1203 3105 1310 3170 petunt,
1324 3096 1379 3180 ‘qui
1404 3096 1463 3170 lege
1485 3096 1647 3165 damnatur,
1677 3105 1706 3155 et
1725 3098 1832 3171 justum

182 3198 229 3265 tus
242 3193 315 3261 (tos)
329 3193 487 3259 Anselrnus,
503 3192 631 3249 Ecclesia
642 3192 774 3249 Lucensis
787 3192 921 3259 Antiates,
932 3193 979 3265 qui
1034 3191 1176 3258 damnant,
1198 3206 1247 3263 per
1266 3204 1348 3263 quem
1373 3206 1471 3247 omnes
1489 3192 1638 3248 salvantur.
1663 3193 1759 3249 Nonne
1780 3191 1832 3249 tibi

75 3334 81 3347 .
182 3292 245 3342 ante
269 3284 363 3342 omnia
381 3283 409 3341 id
421 3284 505 3342 studii
524 3299 634 3359 semper
651 3285 755 3356 babuit,
776 3293 808 3343 ut
825 3286 980 3343 imitaretur
1033 3284 1256 3342 rideturiterum
1272 3283 1374 3341 Pilatus
1389 3299 1487 3341 manus
1502 3301 1566 3342 suas
1585 3284 1692 3353 lavisse,
1707 3284 1833 3343 etdixia·

97 3390 106 3407 ·
127 3433 130 3437 ,
183 3392 248 3437 arm
268 3378 296 3435 in
321 3378 459 3447 omnibus,
483 3379 562 3448 adeo,
577 3387 610 3436 ut
621 3378 774 3452 discrepare
787 3379 822 3436 ab
841 3380 886 3437 illo
907 3396 981 3453 pror·
1034 3393 1064 3436 sc
1079 3396 1086 3436 ι
1100 3377 1221 3436 blundus
1232 3393 1283 3450 ego
1297 3393 1360 3435 snm
1373 3378 1629 3452 asanguinebujus,
1643 3379 1747 3436 unllam
1757 3379 1785 3438 in
1797 3395 1831 3438 eo

183 3486 231 3531 sus
244 3473 329 3529 nollet
340 3473 370 3530 in
384 3473 492 3546 aliquo:
513 3473 621 3543 deinde,
636 3473 702 3548 quid
718 3473 819 3547 inipso
832 3472 893 3542 luit,
910 3474 981 3532 illius
1033 3487 1146 3530 causam
1169 3471 1296 3541 invenio;
1317 3470 1425 3544 quando
1443 3472 1572 3529 simulata
1586 3472 1743 3544 poenitentia
1757 3475 1833 3530 Hen-

183 3579 293 3638 semper
307 3567 415 3624 meritis
433 3566 563 3624 attribuit.
581 3568 733 3641 Gregorius
752 3583 881 3640 namque,
897 3568 979 3625 velati
1033 3565 1106 3623 neus
1128 3565 1252 3623 adoravit
1274 3581 1415 3623 summum
1440 3566 1612 3635 Pontificem,
1635 3565 1732 3623 deinde
1757 3566 1832 3624 lalsis

130 3696 133 3701 -
183 3657 247 3717 tons
268 3668 344 3726 erat:
371 3658 515 3716 Aoeelmus
537 3661 612 3733 quasi
635 3661 711 3717 rivus
729 3660 842 3730 lluebat,
864 3670 892 3717 et
906 3661 981 3719 arida
1034 3659 1177 3731 Episcopis
1193 3659 1249 3716 suis
1262 3659 1347 3717 dixit:
1364 3659 1518 3717 mundum
1530 3661 1618 3734 legem
1632 3669 1751 3717 rosham
1761 3660 1833 3733 iudi·

183 3751 332 3825 irrigabat:
349 3752 404 3821 iile,
418 3753 596 3826 quasifcaput
617 3761 709 3811 totum
730 3769 829 3827 corpus
842 3755 979 3827 guberna·
1033 3761 1093 3811 cate
1117 3757 1206 3811 cunr?
1235 3753 1361 3825 Amplius
1388 3771 1395 3809 :
1426 3753 1626 3826 Dimmpamus
1651 3754 1759 3811 vincula
1784 3770 1833 3813 eo·

184 3844 231 3902 bat
247 3864 254 3901 ι
270 3844 332 3910 iste,
347 3861 397 3903 ceu
412 3847 655 3915 manusstudioso,
670 3846 981 3921 quodinJunctumope-
1033 3862 1108 3917 rum,
1130 3855 1183 3904 etc.
1210 3847 1415 3920 Opprimamus,
1442 3847 1577 3917 inquiunt,
1604 3847 1693 3904 virum
1710 3848 1829 3921 justum,

183 3939 311 3997 rebatur:
326 3939 379 4008 ille,
392 3939 463 3997 sicut
474 3940 515 3997 sol
527 3940 693 3997 illuminavit
706 3941 817 4010 omnia3
832 3942 894 4011 iste,
905 3942 980 4000 velut
1034 3940 1164 4015 quoniam
1191 3940 1344 3998 contrarius
1364 3949 1406 3998 est
1426 3940 1556 4014 operibus
1572 3940 1681 3998 nostris.
1706 3942 1734 3999 Si
1756 3942 1830 4000 enim

181 4032 323 4106 splendor,
337 4031 483 4091 declaravit
496 4033 611 4106 singula.
627 4035 703 4092 Olim
717 4034 801 4103 Elias,
825 4051 859 4092 ex
873 4045 979 4093 morta·
1034 4034 1221 4095 dimiserimus
1244 4050 1308 4092 eum
1331 4035 1381 4100 sic,
1397 4035 1506 4092 venient
1529 4034 1657 4104 Romani,
1680 4042 1708 4092 ct
1735 4035 1832 4093 tollent

183 4128 251 4185 lium
266 4127 469 4185 cohabitatione
487 4127 662 4198 transiturus,
676 4129 782 4185 dimisit
804 4129 902 4187 Etisao
922 4129 979 4202 pal·
1031 4138 1161 4188 nostrum
1173 4128 1264 4187 locum
1274 4137 1431 4204 etgeutcm.
1447 4131 1516 4187 item
1532 4147 1540 4184 ι
1555 4130 1582 4186 Si
1597 4146 1666 4202 papa
1680 4130 1830 4203 Gregorius

183 4220 252 4280 lium
271 4237 364 4290 suum,
381 4222 532 4295 Prophetici
551 4222 673 4280 muneris
687 4222 901 4281 instmmeutum
922 4224 981 4281 :si-
1033 4223 1140 4293 riserit,
1154 4222 1245 4279 mittet
1255 4230 1351 4280 contra
1362 4238 1413 4279 nos
1432 4221 1622 4295 predicatores
1638 4224 1769 4290 raritatis,
1784 4224 1829 4296 qui

182 4315 284 4373 militer
295 4324 324 4374 et
335 4317 491 4390 Gregorius,
505 4332 538 4375 ex
548 4316 599 4374 bac
615 4316 722 4374 mortali
736 4317 790 4375 vita
802 4318 978 4392 migraturus,
1033 4316 1208 4376 discutientes
1229 4316 1312 4373 vitam
1334 4325 1361 4373 et
1384 4326 1460 4374 actus
1481 4326 1600 4385 nostros,
1628 4317 1741 4387 eripient
1765 4333 1831 4375 oves

182 4410 334 4468 transmisit
358 4411 491 4468 Anselmo
516 4411 679 4469 Pontificatis
703 4411 808 4484 insigne
829 4413 979 4484 potcstatis,
1032 4410 1134 4470 Christi
1148 4410 1182 4469 de
1195 4411 1322 4467 manibus
1334 4411 1453 4481 uostris;
1478 4419 1506 4469 et
1514 4411 1583 4484 justi
1598 4410 1726 4484 diripient
1744 4413 1830 4485 spolia

77 4532 80 4539 ·
182 4502 306 4561 videlicet
318 4504 429 4562 mitram
446 4505 542 4578 capitis
562 4505 606 4562 sui
620 4525 629 4573 ς
643 4505 696 4562 hoc
708 4505 844 4561 nimirum
860 4508 917 4562 Deo
929 4521 976 4562 co·
992 4494 1017 4556 D
1031 4513 1142 4571 nostra,
1158 4512 1186 4561 et
1205 4504 1345 4562 dimittent
1361 4505 1512 4563 Ecclesiam
1534 4504 1694 4562 iacientibus
1709 4505 1831 4563 iructum

182 4606 324 4670 operante,
338 4606 380 4667 ut,
395 4598 521 4656 sicutille
536 4599 690 4672 Prophetis
703 4614 752 4673 per
762 4599 876 4672 pallium
891 4599 978 4657 barre·
1034 4599 1063 4657 in
1075 4615 1117 4656 ea.
1133 4597 1249 4669 Quando
1271 4614 1335 4655 vero
1352 4600 1504 4657 sanctitatis
1515 4607 1645 4656 tractator
1661 4599 1711 4656 iste
1732 4597 1830 4668 luerit,

181 4690 279 4748 ditavit
295 4694 514 4765 prorogativom,
538 4693 575 4750 ita
594 4702 623 4751 et
644 4694 694 4750 iste
715 4693 917 4751 sacerdotalem
931 4710 980 4767 per
1033 4692 1131 4765 partim
1145 4708 1178 4750 es
1192 4692 1308 4749 lectione
1326 4701 1485 4751 sanctorum
1508 4701 1648 4767 gestorum
1667 4693 1725 4766 ejus
1747 4693 1832 4749 anim·

182 4783 296 4842 mitram
318 4785 454 4843 obtineret
476 4786 661 4845 eminentiam.
688 4790 793 4861 Nempe
816 4804 860 4856 eo,
892 4804 979 4862 usquo
1033 4785 1211 4855 advertimus,
1233 4787 1332 4860 partim
1353 4802 1386 4844 ex
1410 4786 1540 4843 relatione
1558 4785 1748 4856 religiosorum
1763 4787 1831 4843 Era·

182 4878 315 4952 processit
334 4878 496 4947 similitudo,
515 4888 558 4947 ut,
581 4880 652 4937 sicut
670 4881 784 4939 Eiisaeus
800 4897 849 4954 per
867 4882 979 4954 pallium
1033 4887 1119 4948 trum,
1130 4881 1176 4954 qui
1189 4895 1220 4937 se
1233 4880 1267 4937 de
1285 4880 1433 4954 longinquo
1449 4880 1484 4937 ad
1508 4879 1682 4951 sepulchrum
1704 4880 1764 4952 ejus
1785 4896 1833 4952 per

184 4972 252 5031 Elisa
263 4988 311 5045 per
324 4972 456 5030 ιιιιιιιιιιιι
473 4973 548 5046 signa
567 4956 813 5045 demonstraverat,
827 4975 905 5032 itaet
924 4979 980 5031 Αιι·
1033 4975 1227 5032 revelationem
1246 4974 1373 5032 invitatos
1387 4974 1503 5043 venisse,
1524 4983 1579 5031 cta
1599 4973 1726 5047 gravibus
1746 4983 1831 5047 atque

181 5065 286 5124 scimus
313 5082 361 5139 per
390 5066 501 5123 mitram
528 5067 651 5140 Gregorii
682 5067 811 5139 quasdam
843 5069 979 5143 magnalia
1034 5068 1144 5127 diutinis
1162 5068 1343 5143 languoribus
1361 5067 1464 5142 absque
1490 5083 1569 5125 mora
1598 5068 1726 5126 liberatos
1749 5067 1833 5126 fuisse

182 5159 345 5218 exhibuerit.
362 5162 445 5226 Nam,
461 5166 534 5218 utne
552 5161 674 5234 pluribus
686 5177 772 5218 uuum
791 5162 880 5235 magis
891 5162 979 5219 disul-
1033 5163 1125 5221 testati
1139 5171 1212 5229 sunt,
1228 5163 1430 5236 perpendimus.

182 5261 278 5328 gamm
302 5253 481 5333 proteramus,
501 5254 665 5312 reverendus
693 5257 851 5314 Mantuanae
875 5257 978 5314 Praesui
1072 5262 1133 5314 tol.
1160 5258 1239 5314 Nunc
1274 5271 1364 5329 operm
1397 5256 1513 5327 pretium
1547 5258 1713 5314 arbitramur
1741 5259 1834 5329 paucis

140 5348 143 5353 ’
182 5347 309 5406 Ecclesia
317 5346 444 5406 Uboldus
458 5354 542 5416 (lot),
557 5349 719 5424 multisjam
734 5350 814 5407 annis
825 5350 980 5423 gravissime
1034 5351 1222 5410 demonstrare
1236 5350 1352 5423 qualiter
1364 5349 1405 5405 rel
1417 5349 1502 5423 gratia
1521 5352 1562 5407 vei
1584 5351 1623 5407 ira
1642 5351 1703 5419 Dei,
1719 5354 1832 5420 nostris,

17 5448 25 5455 '
78 5480 86 5487 -
181 5441 358 5517 spleneticus,
373 5450 400 5499 et
413 5451 472 5500 toto
494 5459 609 5516 corpore
629 5444 766 5503 ulceratus
780 5445 933 5519 prasertim
951 5445 981 5502 in
1034 5444 1088 5505 hoc
1102 5453 1143 5503 eet
1157 5443 1185 5501 in
1210 5442 1380 5503 Germanicis
1400 5445 1522 5515 partibus
1542 5445 1777 5503 commendaverit
1789 5444 1836 5503 de·

113 5684 117 5695 Ι
181 5604 799 5749 1,1111011911ἰεόῃῐιζιιιιιιι,Ραιιιιιιιιιιιιιιιιιι,
820 5606 900 5682 cujus
912 5611 981 5665 scra
1037 5611 1147 5738 mssgoltg
1162 5607 1331 5734 ῗῐθιῐιιῖἷιιιιιι·
1353 5605 1472 5680 episcopi
1496 5606 1628 5665 Lucensis
1652 5608 1744 5666 vitam
1759 5607 1835 5666 dedi·

158 5816 163 5823 .
219 5753 294 5816 (tot)
305 5749 356 5805 Est
368 5748 429 5807 brec
446 5749 567 5823 Epistola
584 5747 675 5809 tt'libri
689 5765 763 5822 vrrs,
776 5751 811 5809 ad
827 5750 981 5827 siphonum
1060 5755 1145 5818 ’(104)
1172 5750 1293 5806 Uduldus
1315 5757 1420 5808 creatus
1438 5762 1511 5807 anno
1528 5755 1597 5809 lost
1620 5752 1780 5827 Episcopus,
1798 5752 1835 5809 ab

187 5818 354 5895 Episcopum
366 5820 579 5881 salernitanum.
1037 5821 1466 5899 Henuooregedcsedepulsus
