3884 6158
143 301 196 381 ¹⁷3
639 300 900 356 transcensum.
919 329 955 342 -
972 286 1061 359 rena
1079 302 1110 360 s,
1128 266 1302 359 ennoean.
1745 307 1795 360 ire

142 436 230 496 quem
243 421 436 480 resistentibus
447 421 499 481 sibi
514 423 652 480 Romanis
667 431 694 480 et
708 424 840 498 Gregorio
860 441 941 497 papa,
957 429 984 492 Α
997 441 1056 483 mm
1069 427 1304 500 archiepiscopum
1317 430 1463 503 Hugonem
1478 438 1528 487 aut
1541 432 1669 489 (ttonem
1683 430 1796 488 ostien-

141 515 202 572 iere
224 531 273 586 per
294 515 432 572 biennium
455 514 576 583 obsedit,
599 516 688 575 donec
710 526 850 590 postremo
874 534 946 576 anno
1000 535 1071 587 sem,
1086 520 1142 577 sive
1164 520 1325 578 anselmum
1350 524 1503 579 Lucensem
1521 524 1663 597 episcopos
1685 525 1795 596 eligere,

142 610 257 667 Domini
273 615 343 666 totta
354 609 443 667 Nonis
453 610 544 677 lunii,
560 608 731 668 tradentibus
750 627 779 668 se
794 614 945 681 Romanis,
998 628 1083 685 quam
1095 614 1151 685 lpse
1164 615 1282 685 primum
1296 615 1445 673 defunctus
1458 625 1540 686 esset,
1552 617 1706 674 studerent.

143 705 286 776 ingressus
301 710 353 759 est.
371 701 495 760 Pontifex
508 703 675 776 Gregorius,
691 705 769 762 Urbe
784 707 884 778 partim
903 707 943 776 si,
1036 706 1082 762 llis
1092 705 1234 774 ordinatis,
1251 723 1316 763 cum
1330 715 1443 781 tempus
1460 708 1553 767 obitus
1565 709 1607 766 sui
1616 709 1734 782 iamlam
1745 725 1797 782 ap-

143 796 244 869 partim
263 796 417 869 proditione
439 798 474 853 ab
495 796 615 853 ilenrico
636 807 779 870 occupata,
801 799 829 854 iu
850 814 944 856 arcem
998 800 1178 872 propinquare
1194 808 1385 872 cognosceret,
1408 802 1535 858 clamarit
1550 821 1557 859 :
1575 826 1588 852 e
1603 803 1696 859 bilem
1711 803 1797 872 justi-

143 891 237 947 Sancti
254 890 373 963 Angeli,
385 905 468 963 quam
482 891 590 964 egregm
602 892 749 960 munierat,
765 909 830 950 cum
843 893 902 950 suis
914 910 945 951 se
999 896 1081 957 turm,
1098 898 1124 949 et
1140 896 1314 964 iniquitatem
1331 893 1394 949 odb
1409 896 1501 958 moui,
1517 903 1544 952 et
1559 905 1703 968 propterea
1719 896 1796 952 exsul

143 984 255 1057 recepit
268 988 308 1040 At
323 999 388 1042 cum
405 983 481 1041 nulla
500 984 570 1041 inter
583 985 777 1058 imperatorem
792 994 820 1043 et
834 987 944 1060 pontib-
997 989 1112 1045 morior.
1130 1009 1143 1037 a
1165 987 1216 1043 llis
1225 985 1317 1056 dictis,
1328 996 1356 1044 et
1365 987 1494 1045 omnibus
1505 988 1696 1046 ecelesiasticis
1708 1004 1798 1046 saera-

143 1093 208 1137 cem
227 1077 385 1135 concordiae
403 1078 447 1133 ria
472 1077 569 1135 relicta
589 1087 676 1147 esset,
698 1079 849 1152 imperator
872 1096 945 1139 anno
998 1082 1098 1138 mentis
1108 1081 1299 1154 praemunitus,
1307 1080 1442 1154 gloriosm
1450 1089 1477 1137 et
1485 1082 1518 1136 B.
1530 1080 1720 1152 pontilexvrrr
1731 1082 1796 1140 Kal.

144 1171 272 1245 sequemi
295 1176 380 1240 teu,
398 1171 532 1244 Gregorio
553 1170 645 1230 adhuc
659 1173 688 1229 in
711 1187 775 1230 arce
795 1177 828 1232 S.
847 1175 945 1247 Angeli
998 1175 1083 1239 lunii,
1097 1174 1142 1232 die
1161 1173 1324 1242 Dorninico,
1341 1171 1493 1231 indictione
1510 1179 1538 1239 8,
1555 1188 1629 1231 anno
1650 1175 1797 1243 1085,ani·

143 1265 288 1334 existente,
305 1264 342 1335 de,
358 1264 462 1337 aliquot
475 1280 620 1338 procerum
635 1274 663 1322 et
686 1266 865 1324 cardinalium
887 1270 945 1325 Ro·
999 1284 1073 1324 mam
1080 1269 1152 1325 coelo
1160 1266 1297 1324 reddidit:
1307 1265 1466 1338 ibidemque
1474 1267 1621 1324 inscelesia
1630 1267 1721 1324 Sancti
1732 1270 1797 1323 llat-

142 1374 295 1415 manerum
307 1373 453 1438 consentu,
468 1374 538 1432 quos
553 1359 654 1432 partim
663 1359 692 1414 vi
706 1367 735 1416 et
745 1369 832 1430 metu,
844 1362 945 1433 partim
997 1362 1077 1430 tbaei,
1088 1375 1151 1434 ques
1165 1360 1267 1417 Salerni
1277 1359 1441 1418 cathedralis
1452 1368 1506 1430 est,
1521 1359 1797 1417 honorificentissime

141 1451 222 1509 donis
235 1459 265 1507 et
279 1451 523 1523 pollicitationibus
536 1453 564 1508 in
578 1453 746 1510 sententiam
762 1468 842 1510 suam
859 1463 946 1511 traxe·
999 1462 1041 1511 est
1063 1454 1197 1526 sepultus.
1222 1453 1334 1510 vacavit
1356 1469 1389 1510 eo
1409 1461 1519 1510 mortuo
1533 1461 1646 1525 propter
1664 1453 1798 1525 temporis

142 1552 194 1612 rat,
206 1543 373 1602 Guibertum
385 1544 625 1618 archiepiscopum
634 1548 832 1615 Ravennatem,
843 1563 875 1604 ex
885 1548 946 1621 ejus
997 1562 1143 1620 rerumque
1154 1546 1344 1605 difficultatem
1354 1550 1480 1604 Romana
1491 1545 1572 1604 sodes
1581 1561 1686 1604 annum
1698 1561 1796 1603 unum.

141 1637 946 1713 auctoritatellririntetriennioauteRomanumpontificem
1033 1642 1104 1698 Cum
1130 1642 1216 1714 igitur
1239 1641 1269 1696 in
1294 1640 1414 1714 principe
1437 1643 1566 1697 Romano
1588 1639 1736 1711 imperium
1762 1639 1798 1696 ab

141 1730 331 1804 designatam,
346 1732 374 1787 in
388 1732 545 1804 antipapam
559 1733 706 1790 Dominico
722 1734 767 1789 die
785 1735 942 1792 Palmarum
997 1735 1115 1791 Ecclesia
1128 1734 1275 1806 praecisum
1294 1734 1413 1806 graviter
1431 1748 1593 1805 percussum
1614 1731 1723 1801 luisset,
1743 1735 1797 1789 Ec-

140 1824 294 1882 Clementis
302 1827 342 1881 lll
354 1825 392 1881 illi
405 1825 518 1881 nomine
531 1825 671 1898 imposito,
686 1827 841 1901 inaugurari
857 1828 943 1886 fecit:
960 1845 984 1908 Β
1000 1827 1081 1885 clesla
1112 1843 1224 1899 quoque
1253 1830 1381 1883 Romana
1410 1834 1487 1882 tanto
1510 1833 1633 1898 pastore,
1657 1826 1703 1896 qui
1727 1824 1798 1882 inter

140 1934 224 1992 aquo
239 1919 372 1991 proximo
384 1917 506 1990 paschali
527 1917 599 1977 lesto
617 1935 683 1976 cum
698 1936 784 1978 uxore
798 1937 847 1978 sua
861 1925 944 1980 Berta
1000 1936 1096 1977 omues
1111 1920 1248 1993 principes
1267 1922 1402 1991 precipui
1415 1921 1467 1976 reli
1487 1936 1518 1974 uc
1532 1922 1709 1975 auctoretate
1723 1926 1796 1985 erat,

141 2013 688 2094 imperatoretaugustuscoronatusest
698 2014 943 2073 Deindeadarcem
999 2014 1111 2083 orbata,
1125 2015 1251 2072 dolorem
1261 2030 1318 2070 nen
1333 2014 1476 2070 modicum
1487 2013 1582 2069 sensit.
1597 2010 1660 2069 Fuit
1668 2011 1742 2069 euim
1753 2011 1797 2067 liic

140 2106 167 2161 S.
177 2104 280 2178 Angeli
290 2103 516 2179 oppugnandam,
527 2106 828 2180 inquaGregoriusllll
838 2125 945 2181 perma·
999 2108 1121 2182 pontifex
1137 2111 1180 2164 uir
1197 2111 1445 2177 corutuutissimus,
1465 2109 1532 2163 recti
1547 2108 1683 2177 propositi
1698 2113 1796 2174 tetus,

140 2198 233 2266 nebat,
246 2213 396 2257 censemus
409 2214 473 2256 cum
484 2214 544 2256 eam
559 2201 657 2257 acriter
672 2208 792 2273 urgeret,
805 2201 901 2259 effecit
915 2210 945 2258 ut
998 2205 1084 2273 etqui
1096 2220 1114 2257 o
1129 2208 1200 2259 rectu
1211 2205 1257 2257 viu
1269 2218 1316 2258 sec
1328 2204 1420 2265 mines,
1433 2217 1480 2257 uec
1492 2201 1615 2271 precibus
1628 2215 1750 2270 uuquam
1763 2215 1798 2254 rte

139 2289 269 2363 pontifex
282 2299 394 2349 coactus
413 2291 568 2349 liebertum
587 2294 772 2352 Guiscerdum
794 2311 859 2352 cum
883 2311 944 2352 ma·
998 2297 1084 2352 lotum
1103 2297 1221 2368 quidus,
1243 2301 1274 2351 ut
1297 2296 1409 2364 duum,
1424 2309 1542 2365 usqum
1563 2294 1693 2349 deeset.
1713 2295 1797 2349 Home

140 2387 215 2442 rium
238 2387 483 2443 Nortmannorum
501 2387 623 2444 exercitu
650 2388 678 2444 in
706 2388 836 2445 auxilium
862 2405 944 2446 suum
998 2390 1461 2461 oratquieeemplt,etprr'scisillis
1475 2387 1796 2458 Romonrspoutifiu'bus,

140 2478 277 2546 mecam,
312 2478 393 2552 eujus
426 2479 545 2537 adremu
581 2480 733 2552 imperator
767 2484 942 2554 perterritus,
998 2487 1046 2553 qui
1059 2484 1166 2539 dieusa
1175 2499 1225 2554 pro
1240 2483 1344 2540 Glrristo
1360 2484 1527 2538 cruciatuum
1538 2496 1638 2553 penem
1648 2481 1796 2552 perimere,

141 2572 218 2629 Urbe
224 2587 293 2629 cum
299 2572 426 2644 antipapa
434 2571 549 2646 aufugit.
560 2572 701 2631 liebertus
710 2590 795 2647 porro
802 2576 829 2631 iu
835 2576 944 2634 Urbem
997 2577 1212 2647 comparandus,
1226 2578 1335 2644 sudum
1345 2577 1483 2647 prudeus,
1496 2579 1608 2644 mutus,
1622 2578 1649 2644 et
1661 2576 1798 2629 mocimus

140 2667 264 2733 veniens,
276 2665 445 2738 Gregorium
459 2682 521 2723 arce
531 2666 662 2725 eductum
674 2684 731 2725 suae
746 2669 804 2726 sedi
816 2670 944 2727 Laterani
998 2671 1320 2726 melesmsticoelibertutrs
1334 2674 1458 2726 assertor.
1469 2667 1611 2738 Huicuni,
1620 2683 1685 2724 cum
1699 2682 1798 2723 omines

139 2759 274 2828 restituit;
286 2757 458 2816 mendicus
469 2759 675 2832 imperatorem,
690 2777 773 2833 quem
782 2763 860 2820 Urbe
871 2762 943 2820 ellu-
999 2763 1105 2818 Latinas
1120 2762 1266 2829 Ecclesiae,
1282 2769 1344 2818 tum
1363 2762 1498 2833 praecipuo
1510 2765 1637 2817 nomana
1650 2768 1798 2832 acceptum
1818 2824 1831 2848 ἱ

140 2861 263 2925 gereret,
286 2851 419 2924 reparatis
435 2869 469 2910 ex
490 2854 590 2911 Tuscia
610 2864 639 2911 et
661 2856 825 2913 lombardia
840 2857 944 2915 viribus
998 2855 1100 2913 reterre
1117 2855 1215 2922 debet,
1234 2854 1308 2927 quod
1327 2854 1411 2910 libera
1434 2854 1470 2910 sit
1488 2862 1517 2910 et
1538 2853 1573 2909 ab
1598 2853 1797 2924 imperatorum

140 2961 203 3002 mm
214 2946 344 3018 antipapa
352 2948 475 3002 Romam
485 2948 593 3017 reverti,
603 2948 741 3022 simulque
752 2952 943 3007 Romanorum
998 2966 1083 3007 manu
1105 2957 1197 3013 eruta,
1224 2947 1297 3021 quod
1316 2955 1359 3004 tot
1382 2946 1494 3014 divitiis,
1516 2945 1612 3018 opibus
1636 2953 1664 3000 et
1684 2943 1797 3017 prolana

140 3039 352 3097 inctrnstantiam
366 3038 478 3108 veritus,
497 3041 655 3112 pontificem
679 3058 712 3099 ex
726 3042 803 3099 Urbe
815 3043 944 3101 eductum
998 3044 1102 3100 ditione
1114 3042 1275 3115 locupletata
1285 3061 1293 3113 l
1304 3040 1379 3115 quod
1393 3041 1514 3114 regibus,
1528 3037 1755 3111 imperatoribus,
1768 3047 1797 3097 et

139 3148 233 3189 mm
247 3132 396 3190 Salernum
409 3134 508 3190 urbem
522 3135 737 3193 munitissimam
751 3136 891 3208 perduxit,
912 3147 945 3194 ut
997 3137 1124 3194 omnibus
1139 3135 1302 3193 Christianis
1315 3134 1484 3209 principibus
1504 3134 1539 3191 sit
1557 3131 1701 3205 praetecta,
1714 3148 1730 3188 a
1742 3146 1797 3205 quo

141 3226 744 3300 ibidem,quousquepaxdareturEeclesim,
757 3239 941 3302 permaneret.
960 3236 1149 3304 cpostremo,
1169 3239 1200 3287 ut
1220 3229 1314 3286 omnia
1329 3228 1414 3286 serbo
1436 3243 1492 3285 uno
1506 3228 1685 3300 complectar,
1709 3226 1797 3283 mari·

142 3319 213 3389 Ubi,
234 3327 297 3377 toto
320 3325 477 3378 annotetis
498 3329 526 3379 et
539 3330 615 3394 parte
636 3323 700 3379 anni
720 3329 789 3380 108⁵
811 3323 944 3397 usquead
1000 3340 1062 3381 mus
1072 3324 1122 3380 iste
1133 3323 1302 3395 eximiusque
1316 3331 1418 3386 emtus,
1433 3322 1462 3378 in
1471 3336 1527 3395 quo
1542 3320 1662 3377 Ecclesia
1670 3323 1797 3377 Romano

142 3411 213 3469 diem
234 3413 336 3469 mortis
356 3428 414 3470 suae
428 3425 617 3473 commoratus
638 3425 692 3485 est,
714 3433 778 3473 cum
794 3418 945 3491 imperator
999 3426 1041 3474 est
1063 3417 1189 3472 omnium
1212 3415 1432 3473 Christianorum
1454 3414 1582 3479 domium
1607 3428 1672 3469 eum
1700 3421 1795 3482 antea,

142 3512 169 3563 st
190 3506 322 3580 antipapa
345 3509 479 3577 Romam,
494 3524 526 3565 eo
540 3509 652 3566 interim
665 3517 807 3583 tempore,
822 3519 849 3568 et
862 3526 945 3568 omne
1000 3520 1129 3583 tanquam
1141 3510 1204 3566 vilis
1217 3508 1332 3576 ancilla,
1351 3524 1409 3565 non
1422 3508 1456 3564 ab
1471 3505 1687 3580 imperatoribus
1696 3504 1794 3568 modo,

144 3599 270 3656 wedre
284 3600 481 3672 patrimonium
501 3611 692 3674 occupassent.
998 3603 1047 3663 sed
1072 3603 1198 3676 aquosis
1219 3602 1340 3675 principe
1360 3601 1480 3659 llomani
1500 3600 1650 3673 imperator
1663 3596 1797 3672 praesidiis
1894 3630 1897 3637 ,

176 3692 287 3763 Quibus
300 3691 379 3750 lactis
392 3694 542 3766 imperator
566 3695 594 3752 in
615 3697 794 3754 Germaniam
817 3712 944 3757 resemus
998 3697 1087 3768 fulto,
1107 3704 1287 3770 premeretur,
1302 3696 1337 3753 ab
1352 3694 1406 3752 hoc
1426 3694 1548 3751 maxime
1569 3693 1652 3762 illius,
1675 3701 1703 3749 et
1719 3692 1796 3749 omni

144 3786 302 3860 antipapam
315 3802 415 3860 magna
438 3802 504 3844 cum
526 3789 644 3846 militum
658 3791 746 3862 copia,
769 3800 797 3848 et
810 3793 944 3850 Romanis
999 3792 1099 3849 saecrdo
1112 3789 1263 3848 tremendae
1283 3788 1499 3861 venerandaque
1513 3786 1634 3844 Romani
1647 3785 1796 3859 pontilicis,

144 3878 368 3936 commendatum
386 3878 415 3937 in
436 3880 513 3938 Urbe
535 3882 657 3955 reliquit.
998 3893 1027 3942 et
1051 3884 1163 3942 inllnitae
1187 3898 1256 3956 pens
1270 3882 1412 3955 potestatis
1429 3882 1475 3951 lus
1496 3880 1626 3938 manavit.
1650 3881 1721 3936 llam
1744 3879 1796 3936 etsi

176 3979 262 4031 Anno
282 3972 399 4043 deiude,
416 3974 463 4047 qui
483 3983 594 4032 secutus
607 3984 650 4035 est
667 3982 754 4045 1085,
770 3979 810 4032 uir·
829 3981 887 4033 vitu
901 3996 943 4034 ue·
997 3985 1063 4035 ante
1088 3977 1205 4034 Romani
1235 3976 1376 4049 pontilices
1399 3983 1530 4048 unquam
1554 3973 1693 4047 religionis
1718 3971 1797 4031 Chri-

143 4067 290 4130 serebils's,
302 4067 545 4138 pmdemrsaimus,
558 4070 719 4134 emiorum,
739 4074 792 4128 beo
806 4072 942 4137 amabilis,
997 4071 1092 4129 manse
1109 4071 1196 4144 capita
1213 4069 1370 4143 Christique
1382 4068 1473 4126 vicarii
1496 4075 1523 4125 et
1536 4067 1608 4124 Petri
1621 4080 1796 4123 successores

143 4158 334 4217 buretioorum
360 4162 474 4217 malleus
496 4163 662 4232 indefessus,
682 4149 855 4220 ecclesiastici
870 4165 943 4234 J'urr‘s
998 4165 1164 4232 colerentur,
1178 4179 1235 4220 non
1252 4172 1345 4220 samm
1358 4178 1455 4220 eorum
1473 4162 1621 4220 auctoritas
1644 4160 1715 4217 ultra
1731 4175 1794 4233 pro·

141 4252 299 4324 redempter
311 4269 343 4309 oc
354 4261 524 4312 comessator
542 4256 744 4321 solertissimus,
757 4262 944 4329 perpetuaque
997 4257 1160 4315 tendebatur
1177 4272 1260 4329 quam
1275 4257 1304 4312 in
1318 4255 1381 4313 lldei
1400 4255 1572 4328 dogmatibus
1586 4254 1627 4311 vel
1641 4253 1796 4311 asserendis

143 4350 271 4402 memoria
286 4346 397 4417 dianam
413 4349 557 4418 Gregorius
567 4366 643 4422 popo
662 4353 726 4418 Vll,
741 4365 805 4407 cum
827 4366 876 4422 per
893 4351 942 4408 ali·
998 4351 1039 4408 vel
1054 4349 1171 4408 tuendis.
1187 4352 1325 4407 Caeterum
1336 4348 1547 4421 imperatoribus
1563 4346 1793 4418 suberant(278);

142 4450 213 4514 quot
224 4455 338 4498 menses
350 4441 453 4498 Salerni
466 4441 572 4513 luisset,
595 4459 693 4517 magna
711 4442 801 4500 morbi
814 4444 839 4500 ri
854 4446 941 4517 premi
997 4444 1032 4502 ad
1054 4459 1151 4502 eorum
1169 4453 1269 4501 nutum
1287 4442 1380 4500 omnia
1402 4441 1504 4498 debant
1525 4460 1534 4495 ε
1561 4440 1596 4496 ab
1610 4439 1650 4495 eis
1662 4440 1795 4495 creaban-

141 4534 244 4607 coepis,
262 4533 404 4608 exitusque
416 4534 451 4593 de
465 4534 518 4593 hoc
537 4535 641 4595 mundo
655 4544 767 4610 tempus
780 4537 832 4595 sibi
846 4539 943 4596 adesse
998 4547 1043 4595 tur
1063 4554 1071 4592 z
1091 4537 1126 4595 de
1144 4537 1330 4610 eisjudicare,
1346 4535 1387 4591 rel
1403 4534 1554 4608 quidquam
1567 4533 1717 4591 decernere
1738 4547 1795 4588 non

141 4641 328 4701 mgnoacena,
343 4636 407 4685 ante
431 4629 545 4687 tertium
565 4629 607 4687 sui
627 4631 717 4688 obitus
736 4630 811 4689 diem
831 4641 944 4705 rogatus
958 4610 982 4673 Ῐ)
997 4631 1115 4689 audebat
1128 4647 1194 4705 papa
1208 4634 1352 4688 Romanus
1365 4629 1448 4701 (279).
1468 4627 1578 4684 Pdmus
1594 4627 1721 4683 omnium
1736 4628 1793 4682 Ro-

140 4721 173 4777 ab
187 4720 329 4794 episeopis
349 4729 376 4777 et
395 4722 597 4794 cardinalibus,
622 4723 668 4797 qui
690 4724 761 4782 lorte
786 4733 853 4783 tunc
877 4742 941 4784 eum
986 4740 1146 4782 manorum
1166 4723 1327 4796 pontificum
1353 4721 1502 4796 Gregorius
1523 4723 1585 4788 vll,
1607 4720 1691 4777 armis
1712 4722 1794 4777 llort·

141 4813 244 4871 rbbete
263 4814 418 4872 cassinensi
445 4816 587 4875 Desiderio
601 4816 723 4887 aderant,
745 4818 812 4891 quid
831 4819 868 4876 do
883 4822 944 4878 Ro-
998 4833 1164 4876 mannorum
1175 4815 1271 4882 fretus,
1285 4814 1384 4888 opibus
1396 4815 1546 4873 comitissa
1567 4812 1718 4881 lllathildis,
1732 4829 1794 4870 mu·

142 4923 233 4966 manae
247 4905 322 4964 aedis
340 4918 405 4980 post
418 4908 527 4969 obitum
539 4926 622 4969 suum
635 4910 805 4969 ordinatione
821 4912 943 4986 juberet,
998 4912 1072 4969 lieris
1090 4926 1139 4984 per
1152 4909 1259 4967 ltaliam
1278 4909 1475 4983 potentissima
1489 4909 1623 4975 conlisus,
1647 4906 1796 4965 discordia·

142 5015 241 5058 ornnes
260 4999 389 5059 boruuu
409 5010 451 5060 est
472 5011 505 5062 ut
526 5005 622 5077 procul
640 5003 725 5062 dubio
738 5021 842 5062 novum
862 5007 889 5062 in
903 5007 943 5063 sui
998 5020 1051 5078 que
1060 5006 1263 5063 Germanorum
1273 5003 1429 5077 principum
1440 5003 1513 5060 bello
1525 5001 1594 5059 cirili
1608 5000 1795 5059 laborantium

143 5094 236 5153 heum
259 5094 423 5170 pontificem
446 5107 585 5169 crearent,
608 5099 793 5172 omnibusque
815 5099 944 5156 abbatem
999 5098 1200 5167 inllsmmatus,
1221 5104 1319 5170 prater
1336 5096 1477 5170 majorum
1496 5111 1619 5164 morem,
1636 5101 1795 5167 contempta

143 5189 319 5249 ὓαίάοήοιιι
332 5191 477 5265 proposuit
495 5200 572 5249 tanto
589 5193 699 5250 muneri
720 5208 826 5265 parem.
842 5196 945 5251 urerer
1000 5191 1172 5264 imperatoris
1186 5192 1350 5249 auctoritate
1364 5198 1393 5247 et
1412 5198 1562 5264 potestate,
1574 5204 1640 5246 cum
1652 5194 1794 5246 mmmum

145 5282 271 5353 idenim,
283 5283 394 5357 quadis
408 5287 437 5343 S.
453 5286 489 5342 ll.
502 5287 535 5341 E.
547 5284 688 5357 presbyter
705 5285 848 5343 cardinalis
862 5295 943 5354 esset,
999 5285 1188 5358 pontificatum
1203 5285 1383 5353 obtinuisset,
1402 5286 1538 5341 Gaesarem
1556 5284 1656 5356 ipsum,
1675 5297 1692 5338 a
1706 5296 1761 5353 quo
1774 5278 1796 5336 si

145 5378 291 5452 perdenda
320 5393 430 5451 quoque
454 5393 567 5437 summa
593 5387 621 5436 st
643 5378 773 5452 religione
795 5381 945 5453 praecipua,
999 5394 1055 5433 non
1077 5379 1193 5447 electus,
1213 5379 1312 5435 saltem
1339 5377 1518 5435 confirmatus
1537 5376 1640 5442 luerat,
1658 5390 1716 5431 non
1733 5373 1796 5431 dico

145 5472 277 5547 scarlati
290 5472 447 5546 principum
467 5471 657 5530 benevolentia
670 5471 846 5545 amicitiaque
860 5474 944 5546 polle·
999 5458 1248 5539 excommunicare,
1272 5470 1320 5527 sed
1344 5471 1427 5528 etiam
1448 5485 1535 5544 regno
1552 5468 1723 5544 imperioque
1742 5467 1798 5539 pri·

146 5566 201 5625 bat.
222 5565 346 5640 Quodsi
367 5564 443 5626 bunc
462 5565 573 5625 lleetere
591 5565 747 5624 nullatenus
768 5575 893 5639 possent,
915 5575 946 5624 ut
1000 5580 1064 5621 vare
1085 5580 1167 5622 ausus
1180 5574 1233 5622 est.
1255 5565 1312 5622 iles
1330 5573 1394 5622 ante
1415 5581 1447 5622 ea
1466 5563 1566 5623 secula
1578 5560 1710 5619 inaudita.
1725 5563 1795 5616 llam

146 5660 339 5735 munaum
362 5664 524 5719 Romanum
540 5658 687 5732 acciperet,
711 5667 760 5717 aut
778 5660 945 5734 lugdunen·
1000 5657 1122 5728 fabulas,
1134 5658 1240 5730 quaede
1253 5658 1390 5729 mendic,
1410 5658 1571 5728 Anastasio,
1586 5664 1615 5714 et
1629 5659 1722 5713 Leone
1734 5655 1795 5709 leo·

182 5776 483 5848 tnslbunemnibus,
495 5775 704 5848 sednonnullis,
721 5776 803 5849 idque
817 5777 944 5846 delacio,
1000 5793 1007 5808 ·
1037 5779 1109 5841 (279)
1129 5776 1192 5832 Non
1218 5782 1260 5831 est
1281 5790 1387 5832 rerum.

146 5865 201 5908 non
214 5851 343 5926 dejuras
356 5849 382 5906 si
395 5856 425 5906 et
442 5847 594 5922 tyrannide,
614 5862 670 5904 non
684 5849 742 5920 lege
764 5857 793 5905 et
805 5850 944 5922 aequitate.
