3870 6164
383 348 529 403 repunt).
551 349 593 403 tlt.
614 378 649 388 -
667 346 876 403 ΜΟΝΠΜΕΝΤΑ
895 348 1124 406 haecoblatio.
1527 355 1579 410 etl

132 471 206 528 sedis
226 472 395 543 episcopum,
412 471 486 544 quod
505 486 521 527 a
546 471 655 529 saeculis
670 487 727 527 non
740 478 767 538 Α
782 487 849 544 papa
863 472 996 545 Gregorio
1013 474 1044 529 in
1057 473 1196 532 civitatem
1210 474 1472 548 Augustamnica
1486 475 1580 548 ipsum

116 587 129 620 v.
150 564 222 623 Fecit
240 564 369 635 deinceps
380 563 545 639 legationem
560 566 588 620 in
608 565 727 632 ltaliam,
784 565 812 620 in
840 581 989 622 commune
1009 568 1096 624 totius
1114 567 1189 641 regni
1204 566 1350 625 eonsilium
1373 576 1438 625 ante
1457 568 1579 642 judicem

118 673 212 714 rmarrs
223 658 465 730 praeumptionem
478 675 527 731 per
538 658 729 715 schismaticos
784 658 916 715 universae
930 657 1136 716 christianitatis
1156 659 1317 730 adorarent;
1331 660 1527 732 desiderantes,
1547 672 1580 720 ut

116 767 143 808 es
154 752 307 824 episcopos.
324 753 415 825 Hujus
428 752 572 825 legationis
591 752 660 808 lator
673 751 727 808 luit
780 751 941 808 auctoritate
955 752 1120 824 apostolica,
1142 763 1190 810 aut
1211 752 1388 811 emendatum
1401 754 1531 812 eumdem
1550 764 1580 813 et

116 850 132 912 ,)
152 845 328 902 Eberhardus
341 846 469 913 nomine,
489 845 654 903 Teutonicus
674 861 725 901 na·
780 845 938 902 absolutum
952 856 1155 919 recuperarent,
1178 855 1236 916 aut,
1250 848 1309 921 ipso
1327 847 1399 921 juste
1420 847 1578 920 reprobato,

127 938 231 1005 sarculi,
254 939 351 994 hamus
370 938 471 1005 daboli,
492 938 618 995 inventor
638 938 728 995 omnis
780 938 865 994 alium
885 938 913 995 in
938 939 1049 996 Christo
1072 940 1212 1013 eligerent.
1238 945 1276 999 At
1299 940 1358 1009 ille,
1383 949 1528 999 accusante
1550 956 1579 999 se

117 1031 145 1087 ii.
161 1032 213 1087 Hic
223 1032 347 1088 circuivit
358 1041 386 1088 et
398 1030 599 1103 perambulavit
612 1041 725 1099 terram,
780 1032 943 1088 couscientia
963 1048 1024 1100 sua,
1041 1043 1169 1090 sanetum
1184 1042 1348 1092 conventum
1365 1050 1422 1093 non
1436 1042 1578 1108 exspecta·

116 1140 150 1180 ea
168 1140 265 1181 omnes
284 1125 451 1181 interficeret
471 1110 727 1197 [inliceret1eonta·
768 1125 833 1192 ‘vit;
845 1125 894 1182 sed
909 1126 983 1182 venit
996 1125 1104 1184 obviam
1120 1127 1224 1184 domno
1239 1143 1316 1201 papae
1333 1129 1362 1186 in
1376 1128 1476 1202 oppido
1487 1129 1578 1186 Canu·

116 1233 152 1274 :os
172 1226 256 1287 certe,
272 1218 318 1290 qui
341 1225 451 1290 propter
474 1218 651 1276 interdictum
676 1217 726 1274 do·
781 1217 1006 1287 sio,humiliatus
1024 1220 1164 1293 usquead
1184 1221 1267 1294 pedes
1282 1221 1351 1294 ejus,
1372 1219 1482 1278 etlacta
1497 1237 1574 1279 secu·

127 1310 221 1369 divino
235 1310 268 1367 ab
289 1311 380 1367 cilicio
394 1320 577 1383 cessaverant,
600 1311 658 1382 ipse
681 1310 727 1366 in·
779 1311 859 1368 ritate
877 1311 980 1368 domno
999 1327 1075 1385 papae
1093 1328 1142 1386 per
1161 1323 1345 1384 sacramenta,
1366 1322 1449 1387 prout
1467 1314 1524 1387 ipse
1539 1313 1578 1371 di·

116 1404 224 1461 vinculo
240 1404 403 1476 perditionis
421 1405 532 1478 ligatus,
546 1403 667 1461 inaudita
680 1412 726 1459 te·
779 1413 878 1477 gnatus
900 1413 941 1460 est
962 1406 1119 1477 praecipere,
1140 1406 1320 1479 praesentibus
1342 1407 1476 1481 episcopis
1490 1415 1518 1464 et
1531 1404 1579 1464 ab·

116 1498 240 1570 superbia
264 1497 460 1565 reconciliavit,
480 1507 508 1554 et
522 1514 554 1554 ex
577 1505 653 1568 parte
676 1496 726 1553 do
780 1496 900 1567 batibus,
915 1507 997 1571 atque
1011 1499 1148 1556 eomitissa
1166 1499 1310 1571 Mathilda,
1322 1508 1351 1557 tt
1362 1501 1486 1559 Adeletia
1497 1500 1579 1571 [hde-

116 1591 144 1660 p's
163 1600 195 1646 ut
205 1590 327 1647 officium
339 1606 417 1648 more
438 1591 520 1662 priori
541 1590 724 1656 celebrarent,
780 1589 840 1660 laia,
863 1607 911 1648 seu
936 1591 1100 1657 hdclheida,
1115 1610 1176 1665 quae
1198 1594 1339 1651 comitissa
1358 1598 1442 1663 eratl,
1463 1594 1579 1667 aliisquo

779 1684 917 1755 pluribus3
935 1684 1017 1742 tertia
1036 1684 1148 1742 demum
1169 1685 1212 1743 die
1231 1694 1274 1743 est
1292 1686 1448 1755 absolutum
1470 1701 1580 1744 verum·

116 1793 141 1834 rr
164 1777 337 1834 dissimulare
361 1778 478 1850 amplius
503 1778 572 1834 tanti
598 1777 725 1834 facinoris
779 1779 911 1834 tamenin
928 1779 1329 1852 regnumnonestrestitutus.

116 1888 141 1927 vn
161 1880 252 1945 posset
272 1872 450 1943 apostolicus,
473 1871 723 1928 excommunicavit
740 1841 764 1903 B
815 1874 909 1944 ltaque
927 1872 962 1930 ad
983 1873 1074 1944 priora
1093 1873 1193 1929 iterum
1218 1870 1372 1944 regreditur
1399 1871 1526 1941 consilia,
1544 1872 1580 1930 ad

116 1980 193 2037 quarn
207 1980 305 2020 omnes
318 1964 403 2036 ipsius
422 1965 553 2030 lautores,
568 1973 651 2035 atque
663 1980 725 2020 om·
779 1965 1082 2023 excommunieatorum
1098 1981 1224 2038 perversa
1243 1965 1447 2035 conventicula,
1462 1974 1490 2022 et
1503 1965 1579 2038 quod

116 2058 180 2130 giam
193 2057 354 2129 dignitatem
377 2057 525 2126 interdixit,
545 2066 572 2114 et
591 2058 726 2130 obligatos
776 2058 956 2131 jurejurando
973 2059 1147 2132 promiserat,
1163 2059 1237 2117 brevi
1260 2067 1384 2131 ternpore
1407 2058 1577 2116 observabat.

116 2149 179 2207 entis
192 2151 226 2206 ab
241 2151 315 2207 omni
337 2150 430 2207 debito
445 2151 583 2208 lidelitatis
596 2150 724 2216 absolvit,
781 2153 853 2207 llam
872 2150 941 2208 inira
956 2153 1122 2225 quindecim,
1141 2163 1171 2211 ut
1185 2154 1292 2226 opinor,
1311 2153 1380 2221 dies,
1395 2166 1459 2209 cum
1473 2155 1505 2210 B.
1521 2154 1579 2227 epi·

124 2244 309 2301 verecundum
331 2246 415 2300 etiam
439 2252 480 2300 est
505 2244 606 2310 dicere,
626 2252 726 2317 praeter
780 2262 881 2318 scopus
896 2246 1044 2305 dussimus
1055 2248 1218 2321 legationem
1233 2248 1340 2305 domini
1355 2262 1433 2319 papee
1447 2263 1500 2304 una
1514 2263 1579 2304 cum

116 2353 187 2409 {uam
202 2338 406 2410 praelibavimus
431 2338 551 2410 culpam,
568 2337 682 2394 aderant
696 2336 725 2392 irr
780 2339 985 2412 religiosissimo
1003 2341 1142 2398 Hostiensi
1160 2342 1287 2414 episcopo
1301 2340 1429 2399 Gerardo
1447 2339 1581 2399 Mediola-

116 2430 157 2487 ilio
177 2431 268 2487 nuntii
291 2431 364 2486 illius
386 2432 426 2487 sic
447 2431 578 2489 audentes
597 2430 696 2486 latrare
717 2448 723 2485 :
780 2449 848 2488 num
872 2431 1003 2501 deferret,
1025 2434 1150 2506 impediti
1171 2443 1237 2492 sunt
1259 2432 1425 2491 amilitibus
1446 2433 1534 2501 illius,
1550 2443 1579 2490 et

117 2527 206 2580 minus
224 2529 313 2580 noster
330 2540 382 2579 ven
395 2529 427 2578 ut
440 2525 528 2579 sedem
542 2523 725 2594 apostolicum,
781 2534 877 2597 eaptus
891 2534 934 2582 est
946 2525 1105 2583 Hostiensis
1117 2513 1279 2600 episcopus;
1295 2535 1424 2584 sanctum
1439 2543 1503 2584 vcro
1521 2533 1580 2585 Arr-

116 2621 174 2688 pole
183 2635 271 2685 suum,
286 2619 476 2680 dimittentem
489 2617 725 2671 loeumhuucsuo·
780 2618 897 2673 selmum
910 2633 1087 2691 nequaquam
1098 2619 1157 2676 ausi
1172 2628 1236 2676 sunt
1248 2628 1373 2693 tangere,
1389 2622 1521 2692 quoniam
1534 2620 1578 2676 in·

116 2712 250 2781 inpedias.
267 2710 340 2767 Proh
356 2708 447 2765 nolas!
463 2718 518 2764 eto
533 2708 725 2764 exsecrabilem
780 2710 879 2783 digena
894 2708 956 2776 luit,
972 2714 1000 2767 'et
1010 2711 1111 2768 nobilis
1121 2712 1268 2784 prosapiae.
1286 2716 1348 2784 lpse
1357 2721 1451 2769 autem
1465 2714 1537 2769 ulmo
1549 2728 1579 2769 se

126 2804 247 2860 hominis
270 2803 478 2859 temeritatem!
504 2818 539 2858 evr
561 2817 624 2857 ecce
646 2817 725 2857 sutem
780 2802 943 2874 capiendum
958 2801 1110 2876 ingerebat,
1125 2803 1220 2860 dicens
1242 2803 1315 2876 quod
1338 2820 1354 2860 a
1375 2804 1449 2862 socio
1464 2804 1579 2877 legatio·

116 2896 188 2969 quod
218 2897 269 2954 soli
292 2897 481 2969 apostolorum
504 2894 621 2968 principi
643 2898 743 2951 Petro
779 2897 823 2952 nis
835 2910 891 2951 non
905 2895 1068 2964 diseederet,
1078 2905 1127 2952 aut
1140 2896 1230 2964 illum,
1246 2897 1382 2968 iuquiens,
1396 2896 1579 2965 dimitterent,

116 2991 215 3046 vminus
237 2989 384 3047 commisit.
415 2991 473 3044 Nec
496 2987 587 3044 subito
612 2987 726 3059 quidem
781 2998 830 3046 aut
842 2997 995 3061 secaptum
1007 3004 1072 3046 cum
1091 2990 1149 3062 ipso
1164 2997 1298 3046 tenerent.
1317 2993 1355 3046 At
1377 2989 1431 3046 illis
1450 2988 1502 3046 boc
1520 3005 1579 3048 non

116 3099 191 3139 erum
204 3084 296 3150 tertio,
314 3090 460 3155 antequam
473 3082 670 3149 committeret,
684 3080 725 3136 in·
781 3081 1020 3154 praesumentibus,
1042 3083 1130 3139 tristis
1144 3081 1288 3151 abscessit,
1316 3083 1421 3152 volens,
1434 3083 1458 3139 si
1476 3091 1578 3156 posset,

118 3179 220 3244 Simon,
236 3176 373 3248 inquiens,
389 3192 464 3231 umas
481 3179 547 3231 me?
560 3179 646 3242 (ioan.
659 3180 725 3242 ιιι.)
742 3225 764 3288 c
782 3192 830 3247 pro
850 3174 932 3232 iratre
956 3192 1033 3232 suam
1057 3176 1142 3246 ipsius
1166 3177 1288 3233 animam
1309 3191 1420 3248 ponere.
1449 3179 1515 3233 Haec
1536 3185 1579 3234 est
1646 3240 1654 3253 ἱ

116 3285 134 3325 n
149 3270 206 3341 ipse
224 3270 373 3342 ignoraret,
387 3269 435 3326 sed
451 3277 481 3324 ut
499 3266 599 3324 futuris
619 3276 725 3338 tempo·
780 3269 854 3325 enim
867 3268 999 3341 perfectio
1012 3268 1166 3337 charitatis,
1181 3269 1240 3327 haec
1255 3284 1364 3326 summa
1378 3268 1534 3327 dilectionis
1547 3277 1580 3327 ut

115 3363 218 3418 entiam
235 3362 426 3434 praesignaret,
443 3377 476 3418 ne
491 3361 546 3418 cito
560 3370 588 3417 et
603 3360 727 3432 praecipi·
780 3362 899 3417 animam
913 3377 993 3418 suam
1006 3362 1161 3435 ponatquis
1173 3378 1223 3434 pro
1233 3363 1326 3429 amicis
1336 3363 1394 3419 suis
1404 3365 1500 3428 (loca.
1514 3364 1577 3436 xv);

116 3464 149 3511 vet
168 3470 233 3510 cura
252 3455 473 3511 committeretur
494 3453 661 3510 animarum.
683 3454 725 3509 llli
780 3455 871 3511 solent
883 3455 942 3524 alii,
959 3462 1035 3512 tanta
1057 3455 1084 3510 in
1106 3455 1277 3524 necessitate,
1292 3455 1423 3512 simulare
1446 3455 1533 3512 multa
1547 3471 1580 3512 ac

116 3550 193 3605 rtiam
211 3547 321 3604 tendent
342 3549 386 3604 sui
402 3547 506 3603 amoris
524 3554 630 3602 certam
642 3561 726 3618 spon·
779 3547 967 3617 dissimulare3
982 3547 1093 3604 mentiri
1108 3547 1230 3620 quidam,
1245 3556 1274 3604 et
1285 3547 1426 3621 periurare
1439 3548 1552 3619 plurimi
1571 3567 1578 3604 ι

116 3657 150 3711 ce,
174 3642 274 3714 inquit,
291 3657 350 3696 oues
376 3656 448 3695 meos
470 3640 574 3707 (ibid).
598 3641 660 3695 Non
681 3655 726 3695 re·
780 3638 824 3696 bie
846 3649 940 3697 antem
960 3654 1082 3697 necuno
1105 3640 1188 3697 verbo
1207 3639 1392 3698 simulationis
1413 3655 1578 3715 quemquam

119 3735 331 3804 imperatorem,
353 3741 401 3789 aut
423 3732 543 3806 aliquam
564 3732 726 3789 Christianae
780 3734 956 3813 [quidquam]
967 3734 1096 3792 simulare
1108 3735 1209 3804 voluit,
1226 3735 1300 3808 quod
1312 3735 1383 3793 hene
1403 3735 1514 3808 quidem
1526 3751 1576 3808 po·

123 3827 310 3885 conditionem
332 3826 450 3899 excepit,
472 3835 573 3899 praeter
592 3840 657 3882 eum
678 3824 725 3898 qui
780 3829 842 3894 tuit,
858 3827 929 3884 sicut
942 3827 977 3883 ab
991 3828 1068 3900 ipsis,
1092 3828 1138 3901 qui
1152 3829 1223 3901 capti
1239 3836 1313 3896 sunt,
1330 3828 1509 3901 postmodum
1526 3845 1578 3886 au·

116 3936 172 3977 vem
187 3920 370 3994 abnegaverit.
386 3920 473 3991 igitur
486 3935 567 3991 quem
586 3918 628 3976 sui
643 3918 727 3975 solius
779 3919 907 3978 divimus.
922 3919 1079 3994 Hisutique
1097 3936 1129 3977 ac
1149 3920 1284 3977 similibus
1305 3921 1399 3977 multis
1414 3921 1492 3980 irrita
1505 3920 1578 3980 laeta

119 4016 181 4071 inus
208 4014 371 4080 reservavit,
393 4013 437 4069 hie
462 4028 519 4067 non
542 4013 632 4069 solnm
649 4012 725 4084 judi·
780 4022 844 4070 sunt
865 4013 931 4071 dicti
944 4014 1013 4070 olim
1031 4014 1102 4086 regis
1115 4014 1236 4070 Heinrici
1250 4022 1434 4071 sacramenta.

125 4108 209 4165 etiam
225 4123 304 4164 suum
316 4105 405 4161 dicere
420 4113 457 4175 et,
474 4114 608 4177 quantum
625 4104 725 4177 inipso
814 4107 930 4179 Eligitur
948 4107 1061 4164 interim
1083 4107 1112 4164 in
1132 4106 1256 4179 partibus
1273 4107 1434 4164 Teutonieis
1447 4107 1503 4163 dux
1516 4110 1578 4165 Ito·

116 4202 243 4259 lamnare.
269 4202 359 4271 Quam
384 4199 544 4255 obcausam
564 4198 657 4254 omnis
680 4198 724 4253 illa
778 4199 900 4271 dulphus
913 4201 943 4254 irr
956 4214 1049 4272 regem
1063 4199 1097 4255 ad
1110 4199 1312 4257 defendendam
1330 4199 1470 4257 catholicae
1484 4200 1576 4257 Eccle-
1669 4195 1672 4200 ’

116 4295 165 4363 lus,
187 4295 250 4368 jure
273 4294 425 4365 indignata,
440 4291 586 4348 anathema
607 4290 646 4346 illi
660 4306 726 4346 con·
779 4292 826 4350 sive
843 4292 993 4359 unitatem3
1009 4292 1210 4364 propterquod
1230 4293 1318 4366 magis
1339 4293 1481 4365 magisque
1503 4292 1575 4350 indi·

116 4405 125 4445 c
140 4388 296 4446 coufirmat.
778 4392 876 4457 gnatus
890 4384 1048 4450 Heinricus,
1060 4391 1163 4457 spreto
1188 4385 1306 4442 consilio
1320 4393 1347 4441 et
1362 4386 1465 4443 auxilio
1479 4386 1575 4443 domni

116 4490 196 4555 rpost
214 4483 311 4549 multa,
329 4480 400 4536 idem
415 4476 660 4535 reverendissimus
675 4493 723 4550 pa·
779 4493 871 4550 papae,
898 4477 928 4533 irt
963 4493 1061 4534 omnes
1080 4477 1240 4535 catholicos
1261 4477 1445 4535 debacchatur
1471 4477 1574 4550 inique.

116 4591 132 4631 n
147 4574 293 4631 restaurari
308 4581 449 4645 caeperunt
462 4572 555 4629 omnia
566 4572 628 4643 jura
643 4587 722 4627 cono
740 4573 890 4651 phlortuo
900 4577 995 4628 antem
1009 4572 1037 4627 in
1049 4569 1102 4628 dde
1120 4569 1252 4627 catholica
1272 4585 1337 4643 rege
1349 4568 1511 4642 liudulpho,
1526 4586 1575 4628 au·
1617 4606 1620 4611 »

123 4668 158 4725 ad
174 4669 265 4740 ipsum
280 4683 392 4740 prorsus
408 4682 474 4738 pene
488 4665 597 4734 abolito,
611 4672 724 4737 rogatur
777 4666 824 4721 det
845 4665 901 4732 ille,
916 4662 991 4737 quod
1017 4663 1200 4736 potentissimi
1224 4662 1291 4720 olim
1310 4664 1501 4736 imperatores,
1516 4665 1574 4722 sive

119 4762 169 4818 bus
182 4762 258 4834 regni
278 4759 457 4832 principibus,
472 4757 622 4831 praesertim
639 4773 655 4813 a
677 4773 723 4813 eo·
778 4758 816 4814 illi
830 4757 964 4825 haeretici,
978 4764 1026 4814 aut
1043 4764 1185 4828 apostatas,
1200 4757 1242 4813 vel
1257 4756 1341 4813 etiarn
1360 4758 1457 4830 pagani
1469 4766 1572 4827 essem,

116 4854 183 4912 rilda
202 4854 386 4922 confortatus,
407 4866 470 4924 quae
488 4860 554 4908 tune
574 4850 725 4907 maximam
777 4865 919 4922 nunquam
941 4856 1189 4922 praesumpserunt;
1213 4847 1305 4917 nudet,
1329 4849 1452 4922 inquam,
1475 4866 1574 4908 convo·

116 4948 159 5005 bat
176 4947 273 5016 ltaliae,
287 4955 420 5019 quatenus
441 4946 469 5001 in
485 4952 576 5018 partes
592 4944 725 5000 Teutoni·
778 4943 847 5000 catis
859 4942 966 5015 aliquot
984 4941 1117 4999 haereticis
1136 4941 1280 5014 episcopis,
1299 4942 1407 5000 virente
1418 4959 1489 5017 papa
1504 4944 1573 5001 Gre-

116 5056 236 5097 vmunem
257 5040 352 5096 matris
372 5038 501 5096 Ecclesiae
523 5037 725 5106 necessitatem,
777 5037 870 5110 gorio,
886 5036 930 5092 cni
952 5033 1083 5092 obediens
1105 5034 1199 5092 iactus
1221 5043 1263 5092 est
1276 5035 1360 5092 etiam
1375 5035 1573 5110 jureiurando,

116 5134 280 5208 dignaretur.
297 5134 337 5191 llli
357 5134 459 5190 etenim
479 5140 591 5204 propter
607 5131 725 5187 insolen-
777 5129 854 5187 nullo
867 5127 962 5185 habito
980 5129 1127 5185 universali
1142 5127 1271 5197 concilio,
1285 5128 1387 5201 absque
1396 5128 1513 5202 judicio,
1523 5143 1572 5184 an·

118 5227 296 5294 tanathema,
312 5226 474 5284 Heinricum
484 5242 579 5298 regem
592 5232 621 5281 et
634 5225 726 5282 domi·
778 5225 824 5280 det
842 5231 916 5280 certe
928 5223 958 5279 in
976 5237 1074 5295 papam
1087 5222 1186 5296 eligere
1199 5221 1370 5289 wibertum,
1388 5225 1575 5278 Ravennatem

116 5328 227 5387 verunt;
243 5320 287 5392 qui
306 5320 389 5375 etiam
413 5320 514 5392 pariter
535 5321 726 5376 convenientes
778 5317 919 5392 quondam
931 5317 1102 5390 episcopum,
1125 5325 1190 5373 tunc
1203 5325 1297 5373 autem
1319 5315 1415 5372 multis
1425 5314 1485 5389 jam
1498 5315 1578 5372 annis

115 5429 164 5481 vm,
174 5421 215 5482 ut,
228 5411 378 5484 repudiatis
387 5412 550 5469 consiliariis
560 5412 725 5485 iniquitatis,
777 5409 1058 5478 excommunicatum,
1072 5410 1151 5483 cujus
1165 5411 1290 5482 superius
1304 5408 1436 5480 aliquam,
1455 5406 1505 5465 sed
1517 5408 1579 5465 bre·

116 5505 261 5579 aquodam
276 5505 304 5560 in
322 5503 433 5561 castello
454 5515 587 5574 maneret,
602 5522 636 5562 ue
652 5504 724 5562 mul·
780 5504 859 5571 viter,
875 5503 1173 5561 commemorationem
1186 5503 1312 5560 fecimus.

116 5599 139 5656 ui
157 5598 341 5655 anathematis
363 5598 573 5655 contaminaret.
591 5603 725 5655 Decreve·
815 5596 868 5654 Sed
882 5597 943 5669 quis
964 5596 999 5654 ad
1014 5597 1073 5653 hvec
1091 5605 1151 5652 tam
1171 5597 1286 5655 idoneus
1299 5608 1381 5668 quam
1398 5592 1455 5664 bie,
1470 5593 1528 5668 qui,
1543 5590 1579 5648 ab
1685 5642 1689 5651 .

116 5691 183 5764 apud
202 5707 232 5748 se
249 5700 293 5761 ut,
314 5689 447 5747 accersito
470 5690 609 5749 humiliter
632 5700 726 5747 sancto
780 5690 847 5762 ipsis
862 5689 1005 5747 cunabulis
1027 5689 1127 5763 spiritu
1147 5687 1424 5763 superbiaroptetus,
1439 5686 1506 5744 nibil
1519 5698 1578 5741 ure·
1683 5736 1688 5743 .

116 5892 164 5948 res,
175 5878 210 5937 de
228 5892 283 5951 quo
301 5879 416 5945 Boron„
431 5891 503 5935 anno
526 5881 604 5946 tote,
616 5893 696 5934 num.
713 5883 757 5934 16.
