3870 6164
36 342 45 353 ¹
149 284 202 339 ὅθι
622 276 649 332 S.
670 274 832 332 GREGOle
849 276 895 332 vti
914 272 1011 331 PAPAE
1031 274 1167 332 occubit
1184 276 1272 333 PARS
1292 277 1324 333 tl.
1650 292 1656 301 ’
1749 286 1799 340 sss

149 414 221 462 stcre
231 403 265 462 do
278 410 431 477 perpetrata
446 400 589 473 iniquitate
603 408 763 472 cognoscat,
780 408 809 456 et
821 416 837 457 a
850 415 944 456 sacra-
958 406 985 470 Α
999 401 1103 473 gratias
1116 400 1268 457 immensas
1285 399 1438 470 referimus,
1453 402 1512 474 qui,
1532 417 1585 460 nos
1598 403 1737 463 infractos
1748 404 1800 464 bttc

148 498 255 554 tissimo
270 511 385 569 corporo
403 502 431 551 et
443 494 575 566 sanguine
586 492 638 549 Dei
653 501 680 549 et
695 493 808 549 Domini
821 492 945 549 iisdem·
998 509 1085 568 usque
1100 495 1130 551 in
1144 509 1280 567 presmrae
1291 501 1454 568 tempestate
1464 510 1644 565 conservans,
1659 498 1696 555 ad
1709 515 1798 572 quam·

149 592 236 664 ptoris
248 590 335 647 nostri
353 593 419 645 lesu
440 586 544 645 Christi
556 586 644 644 aliena
669 587 727 653 fiat,
752 595 835 658 atque
853 587 880 642 in
902 602 946 643 ex·
999 587 1063 644 dam
1091 602 1170 661 spem
1196 588 1402 661 tranquillitatis
1430 589 1502 646 sicut
1528 589 1627 648 liberis
1651 590 1796 651 inceuibus

147 692 239 741 tremo
253 681 380 740 examine
394 680 526 738 districta
545 678 641 735 ultioni
659 679 810 751 nrbjaceat.
832 681 946 737 eunctis
999 674 1093 750 duxit,
1115 689 1218 738 utnon
1239 696 1292 738 nos
1310 691 1406 739 contra
1427 683 1609 757 principalem
1625 684 1747 758 justitiae
1761 687 1794 744 lu

148 784 241 835 autem
255 776 345 834 eidem
361 775 422 831 ioco
431 774 505 847 justa
518 773 703 840 servantibus,
720 774 757 829 sit
768 789 818 846 pax
832 773 946 830 Domini
1000 775 1151 831 tentionem
1173 775 1268 848 egisse,
1284 784 1331 832 aut
1354 776 1464 849 propria
1484 777 1655 835 conscientia
1669 789 1720 837 aut
1736 781 1792 839 reli·

148 872 237 929 nostri
254 873 320 927 testa
334 868 450 936 Christi,
466 876 604 940 qnatenus
622 874 651 923 et
669 867 715 923 bic
727 866 849 924 lnrctum
863 867 945 924 bonae
999 868 1151 940 giosorum,
1175 870 1220 941 qui
1243 878 1389 937 noverunt,
1411 870 1581 928 examinatio
1604 872 1792 944 reprebendat

52 964 67 977 ‘
148 964 265 1021 actionis
288 962 451 1036 percipiant,
473 969 502 1017 et
524 960 597 1033 apud
623 961 783 1017 districtum
805 960 944 1033 judicem,
1000 966 1043 1018 De
1054 971 1165 1030 ooetero,
1180 963 1291 1032 iratres,
1304 970 1336 1017 ut
1348 978 1429 1021 causa
1441 964 1601 1036 jurgiontm
1620 973 1649 1021 et
1663 964 1790 1026 dimorda

148 1058 261 1131 proemia
275 1065 385 1114 aeternae
399 1055 472 1127 pacis
484 1054 632 1111 inveniant.
646 1060 746 1112 Anien.
999 1070 1061 1129 quae
1076 1057 1274 1129 interregnum
1287 1057 1614 1128 etapostniicamsedem
1625 1059 1689 1131 jam
1698 1059 1790 1119 drrdun

184 1154 241 1224 Ego
263 1149 416 1222 Gregorius
441 1157 543 1206 sanctas
567 1147 712 1204 catholice
736 1148 867 1204 Ecclesiae
891 1148 946 1219 epi·
999 1149 1280 1221 agitatur,annuente
1293 1150 1596 1223 Domino,congruum
1610 1152 1705 1211 valeat
1718 1154 1788 1213 tinen

148 1259 258 1317 scopus.
999 1242 1102 1311 sortiri,
1115 1259 1165 1300 ros
1184 1242 1220 1299 ad
1234 1242 1372 1316 synodum
1388 1258 1472 1316 quam
1491 1244 1521 1300 in
1535 1245 1629 1303 medio
1645 1247 1789 1307 Nouembri

187 1340 257 1394 Data
279 1336 416 1402 Laterani,
433 1352 482 1409 per
495 1350 608 1392 manrrm
627 1336 741 1392 loannis
760 1338 796 1392 tt.
818 1334 946 1392 Ecclesia
999 1335 1137 1393 celebrare
1156 1337 1341 1409 disponimus,
1356 1337 1533 1409 praesentium
1547 1338 1709 1398 litterarum
1724 1358 1788 1400 root·

151 1431 259 1489 diaconi
280 1429 433 1495 cardinalis,
452 1444 511 1486 xru
532 1430 594 1485 Kal.
618 1430 694 1496 lulli,
710 1445 783 1485 anno
798 1428 833 1485 ab
848 1432 940 1485 tncar·
999 1430 1084 1496 tione,
1108 1445 1139 1486 ex
1160 1439 1238 1502 parte
1258 1429 1330 1487 beati
1353 1432 1428 1487 Petri
1451 1432 1645 1505 apostolorum
1667 1436 1790 1510 principis

151 1525 261 1583 natione
280 1524 392 1581 Domini
412 1527 491 1590 tora,
505 1522 693 1588 indictiones,
706 1522 884 1595 pontificatus
895 1538 943 1578 au·
1000 1524 1184 1596 praecipientes
1204 1524 1361 1580 inritamus.
1384 1527 1446 1581 Hoc
1478 1525 1562 1582 etiam
1595 1525 1787 1587 fraternitatem

145 1617 306 1676 temdomni
320 1617 446 1690 Gregorii
464 1618 516 1672 PP.
531 1618 594 1683 vit,
613 1632 658 1673 ιι.
998 1625 1115 1674 uestram
1137 1618 1207 1674 scire
1222 1618 1348 1675 volumus
1367 1619 1448 1691 quia,
1469 1628 1500 1677 ιιι
1518 1635 1615 1679 secure
1637 1622 1676 1679 ad
1694 1638 1747 1681 noc
1756 1640 1789 1680 re·

473 1729 615 1784 χχχιχ,
997 1711 1056 1767 nire
1069 1721 1097 1767 et
1109 1711 1135 1766 in
1150 1720 1268 1768 vestram
1280 1713 1408 1783 patriam,
1426 1715 1485 1770 Deo
1502 1722 1680 1788 protegente,
1691 1716 1788 1789 possim

144 1835 269 1907 crepero
286 1834 338 1890 ιιι
354 1833 466 1904 morata
489 1831 526 1885 aa
548 1831 647 1887 carros.
664 1860 697 1872 -
724 1832 805 1887 roco
829 1831 889 1886 ιιιοι
906 1830 943 1884 aa
959 1798 982 1860 Β
996 1805 1203 1911 rediremus
1218 1805 1338 1911 nostrin
1353 1807 1516 1878 marcatus,
1537 1809 1587 1912 sei
1601 1818 1672 1867 mot
1686 1810 1713 1867 m
1725 1811 1787 1869 aaa

177 1906 310 1975 cyptotium
328 1920 379 1974 pro
392 1903 538 1958 discordiis
559 1905 632 1957 irater
652 1919 765 1971 reguum
786 1907 812 1958 cl
824 1902 944 1957 soccrrlo
997 1901 1109 1955 chrrcr
1126 1897 1189 1955 drotr
1207 1915 1296 1972 regis,
1307 1909 1468 1972 juramento
1487 1911 1672 1960 secrrmtatem
1689 1920 1787 1978 recepe·

179 1982 248 2032 tum
264 1975 448 2044 componerrdis
464 1974 625 2029 '‘llbfflllflm·
996 2001 1068 2048 runt.
1084 1993 1277 2049 Desideramus
1290 1993 1373 2066 igitur
1384 2009 1440 2050 una
1454 1994 1599 2052 vobiscum
1611 2004 1741 2066 tractare,
1750 1997 1788 2055 ‹ti-

443 2071 536 2132 (bnno
554 2072 644 2131 1078.)
996 2087 1059 2142 rino
1079 2085 1138 2142 initi
1153 2086 1264 2154 auxilio,
1284 2085 1400 2158 qualiter
1422 2088 1564 2158 possimus
1585 2106 1684 2163 paoem
1698 2090 1789 2149 confr-

247 2172 368 2238 [mansu
389 2169 485 2225 smil·
509 2176 577 2224 t⁰¹¹¹·
599 2170 666 2235 XX,
681 2167 736 2225 c⁰¹·
754 2170 830 2237 38¹·]
995 2195 1082 2248 mare,
1100 2186 1183 2253 atque
1203 2180 1239 2237 ad
1257 2181 1395 2253 gremium
1420 2182 1516 2238 matris
1538 2184 1674 2243 Ecclesiae
1694 2194 1789 2243 sanae

176 2277 359 2339 linteones,
376 2287 471 2328 seruus
483 2286 625 2327 serrorum
638 2270 700 2339 Dei,
718 2270 939 2342 archiepiscopis,
994 2272 1190 2341 scirismaticos,
1207 2276 1263 2331 lieo
1279 2275 1439 2342 auxiliante,
1455 2291 1596 2334 revocare,

138 2368 286 2441 episcopis,
306 2365 450 2423 abbatibus
476 2365 504 2420 ιιι
523 2364 612 2421 Gallia
639 2364 811 2432 constitutis,
836 2365 884 2437 qui
911 2365 940 2419 in
1358 2380 1419 2433 xp„

138 2463 244 2535 gremio
258 2469 360 2517 sanctae
373 2462 508 2516 Romanas
520 2457 649 2514 Ecclesiae
669 2473 825 2530 permanere
845 2457 938 2514 riden-
994 2481 1120 2547 Greqorpg
1159 2483 1212 2538 VH
1247 2497 1328 2552 Imm
1361 2482 1536 2554 ’ΜΨ-Μ
1564 2500 1618 2555 pm
1652 2488 1790 2545 cmm·

138 2564 194 2621 tur,
208 2556 325 2612 salutem
341 2561 370 2608 et
380 2552 563 2625 apostolicam
579 2551 809 2607 benedictionem.
1324 2555 1450 2610 cartobr'o.

174 2650 297 2721 Quiantas
315 2645 527 2703 tribulationum
550 2644 691 2717 angustias
716 2653 744 2700 et
767 2643 935 2716 persecutio·
1287 2646 1378 2725 (Αιιιιρ
1399 2650 1491 2714 1078.)

135 2758 204 2798 ιιιιιιι
227 2740 358 2814 procellas
379 2756 411 2795 nc
429 2723 554 2811 pondera'
570 2738 754 2809 periculourm
776 2737 935 2794 universalis
1151 2740 1322 2809 [Genauam
1341 2743 1416 2797 ltist.
1442 2744 1531 2799 cosin.
1553 2747 1633 2814 sse]

136 2842 226 2890 mater
240 2841 333 2889 sancta
348 2835 476 2888 Romana
490 2830 611 2887 Faciesin
627 2845 754 2902 perpessa
771 2831 808 2886 sit
826 2837 936 2900 tempo·
1024 2838 1200 2896 Gngconrus
1213 2841 1366 2911 episeopus,
1384 2857 1479 2897 servm
1499 2858 1648 2901 servorum
1661 2845 1731 2913 nei,
1743 2843 1785 2902 gp.

134 2928 209 2984 ribus
229 2927 305 2991 istis,
327 2925 401 2997 quod
415 2923 489 2982 credi
509 2924 550 2978 ιιι
571 2931 671 2995 potest,
694 2938 728 2979 ex
749 2922 845 2995 maiori
859 2930 935 2994 parte
989 2931 1058 2988 lecto
1071 2932 1097 2987 iu
1108 2932 1218 2990 Christo
1227 2931 1304 2989 fratri
1316 2935 1602 3005 nostrumdabam
1615 2938 1787 2995 manusc*

133 3020 202 3078 iatot
216 3019 360 3076 seientiam
380 3025 508 3074 vestram.
524 3016 567 3073 nd
582 3016 642 3073 lraec
656 3031 766 3088 quoque
779 3016 845 3088 quid
863 3030 934 3072 con-
987 3023 1049 3090 sini,
1064 3025 1175 3098 surisque
1185 3027 1397 3084 successoribus.

22 3158 28 3167 .
132 3110 648 3186 silii,quidrcsuiiragiiperros,lilios
662 3107 934 3178 suos,debitaecom·
1024 3120 1133 3190 anuae
1146 3127 1211 3176 ame
1228 3136 1281 3177 uos
1293 3136 1391 3178 comm
1406 3120 1575 3180 definitioni,
1588 3123 1676 3182 finem
1698 3124 1785 3198 [mg.

133 3206 267 3279 pisionis
286 3206 446 3278 pervellerit,
462 3218 508 3260 *⁰⁵
530 3204 581 3276 ipsi
596 3203 751 3275 θιιῐιθὸθῑῑῑι·
774 3202 857 3276 Q¹¹⁰d
879 3202 966 3271 ΗΜ]
985 3211 1072 3284 pluat,
1092 3213 1276 3269 necessarium
1295 3223 1323 3271 et
1337 3215 1406 3271 utile
1431 3216 1542 3273 videtur
1565 3225 1599 3272 ut
1622 3218 1659 3276 ad
1677 3234 1781 3276 memo

132 3316 186 3371 quc
201 3300 260 3356 sinc
274 3300 369 3357 dolore
384 3298 427 3354 ιιιι
440 3312 586 3369 possumus
600 3297 640 3353 rel
655 3295 802 3366 reminisci,
823 3297 859 3353 ita
872 3295 931 3351 cira·
984 3305 1054 3361 fiam
1070 3304 1227 3362 futurorum
1241 3323 1297 3364 110„
1311 3310 1402 3367 sorum
1422 3309 1520 3366 imeri,
1535 3309 1679 3381 infimam,
1689 3326 1781 3369 „mm
1814 3339 1826 3374 ¹

134 3395 201 3450 ritas
220 3394 371 3450 multorum
385 3394 457 3448 circa
479 3407 540 3448 earu
555 3390 722 3463 refrigescit,
737 3400 769 3446 ul
791 3389 853 3446 haec
872 3389 930 3462 ipsa
985 3398 1066 3454 etiam
1087 3401 1253 3456 auctoritate
1274 3399 1350 3458 sedis
1372 3402 1530 3474 apostolicae
1553 3405 1668 3461 munira
1692 3404 1781 3462 deboc
1798 3437 1824 3449 -

132 3502 182 3558 per
199 3487 376 3558 Evangelium
391 3487 555 3558 praesignata
576 3484 785 3556 quodammodo
804 3483 929 3557 speciali·
984 3507 1057 3547 mus.
1074 3493 1143 3549 Cum
1158 3494 1233 3550 enim
1250 3496 1350 3567 t'apuae
1375 3511 1508 3565 essemus,
1523 3497 1620 3554 clerici
1634 3497 1708 3554 illius
1719 3497 1825 3554 ciri·-

133 3578 342 3647 terrideantur,
357 3577 547 3634 uredicimrz·
565 3576 929 3647 Quandoabuudareritiui·
984 3585 1047 3640 tatis
1076 3586 1218 3658 conquesti
1245 3596 1325 3651 sunt,
1360 3587 1484 3645 dicentes
1514 3589 1662 3647 ecclesiam
1692 3590 1825 3649 Sancti.-

132 3673 235 3742 quitas,
253 3669 412 3743 refrigescet
430 3686 477 3726 cor
496 3669 648 3726 multorum
668 3673 777 3736 (biottlt.
797 3669 897 3741 xxix.)
916 3692 929 3717 ι
986 3679 1093 3748 angeli,
1109 3694 1170 3750 qum
1184 3680 1250 3736 olim
1265 3679 1354 3737 irrorat
1370 3681 1437 3752 juris
1456 3683 1594 3754 Capuam
1608 3685 1741 3751 emissio,
1754 3684 1825 3740 irn

133 3763 216 3821 Unde
239 3763 302 3836 quid
331 3762 404 3819 aliud
424 3763 552 3830 dixerim,
577 3763 626 3817 nisi
652 3763 726 3834 quod
746 3778 802 3830 ros,
818 3764 866 3837 qui
883 3771 931 3819 aut
980 3770 1026 3843 jus
1046 3774 1204 3829 monasterii
1232 3776 1322 3831 Sancti
1337 3775 1478 3832 Benedicti
1501 3775 1606 3848 injusto
1624 3778 1825 3835 mummium

133 3857 254 3929 segniter
275 3854 598 3928 negloristisaograrido
617 3853 755 3928 refugistis
780 3858 863 3914 matri
885 3874 931 3915 re·
984 3866 1123 3922 transisse.
1136 3870 1228 3937 eram
1237 3869 1369 3926 nimirum
1381 3869 1584 3942 querimoniam
1599 3868 1825 3929 indiscussae:

131 3959 197 4008 strae
219 3952 253 4007 iri
271 3957 351 4005 tanta
371 3963 499 4019 pressura
517 3947 652 4015 solatiari,
672 3948 787 4005 nomine
808 3948 930 4007 filiorum
984 3973 1040 4015 non
1053 3962 1256 4032 permittentes,
1277 3978 1327 4035 per
1345 3962 1480 4020 discretos
1493 3972 1523 4020 et
1534 3979 1645 4022 ramnes
1658 3965 1730 4022 siros
1742 3963 1825 4021 d?

132 4044 259 4116 indignos
279 4051 306 4098 ot
325 4040 466 4098 charitatis
488 4041 637 4097 visceribus
650 4041 754 4098 alienos
775 4057 822 4098 ros
836 4053 930 4101 ostan—
984 4051 1100 4124 ligentor
1112 4054 1303 4129 inquisivimus
1321 4065 1415 4113 utrum
1426 4056 1622 4115 concambium
1638 4056 1712 4130 quod
1725 4071 1825 4129 pra:

129 4138 212 4195 ditis?
225 4139 314 4208 Quem
328 4152 393 4193 vero
407 4135 553 4208 pudorem,
566 4136 607 4192 rel
624 4134 714 4208 potius
727 4146 860 4209 quantum
875 4137 926 4196 do·
984 4146 1081 4203 eadem
1090 4150 1209 4205 Ecclesia
1219 4148 1314 4208 datum
1327 4149 1423 4220 fuerat,
1432 4149 1562 4208 sufficere
1569 4150 1825 4223 mercantium*

130 4231 227 4299 loram,
243 4229 366 4303 quisquis
384 4237 425 4286 est
444 4243 519 4286 saum
534 4229 635 4286 mentis
657 4245 713 4286 non
735 4231 845 4301 sennar,
863 4249 926 4289 mam
982 4239 1104 4298 videlicet
1128 4243 1178 4298 riri
1199 4243 1264 4300 illud
1290 4243 1367 4317 quod
1390 4245 1430 4300 eis
1463 4244 1635 4317 injunximus
1659 4244 1811 4305 smisso

129 4324 283 4382 consideret
299 4331 488 4396 persecutores
510 4322 670 4381 Christianae
692 4324 831 4397 religionis
849 4334 925 4383 tanta
981 4335 1181 4406 perquirentes,
1209 4338 1410 4410 probaverunt,
1434 4336 1510 4410 quod
1534 4354 1587 4411 pro
1616 4338 1794 4397 concambio

128 4416 255 4476 factionis
275 4418 490 4490 conspiratione,
510 4416 584 4474 sicut
601 4417 772 4475 omnimodis
786 4418 927 4476 adnisibus
981 4427 1116 4484 donatum
1131 4428 1232 4497 tuerat,
1248 4430 1373 4487 videlieet
1392 4430 1536 4487 ecclesiam
1555 4432 1652 4490 sancti
1665 4429 1779 4491 loannis

127 4526 182 4569 non
196 4511 287 4569 sotum
302 4527 345 4567 rea
366 4526 431 4568 suas
447 4507 640 4582 profundendo
659 4508 809 4568 sedetiam
837 4529 866 4568 se
885 4514 925 4585 ip·
982 4520 1051 4576 inira
1069 4524 1227 4593 capuanam
1247 4524 1385 4581 civitatem
1399 4524 1495 4593 sitam,
1514 4523 1578 4596 plus
1596 4522 1771 4598 possessionis

128 4620 174 4661 sos
188 4605 272 4661 morti
287 4604 433 4673 tradendo,
452 4603 488 4660 ad
507 4603 667 4676 explendam
688 4604 773 4660 animi
797 4606 925 4662 atrocita·
980 4622 1009 4670 et
1020 4616 1175 4672 ornamenti
1190 4616 1329 4674 bannim,
1345 4617 1406 4675 1100
1424 4617 1508 4674 etjam
1520 4618 1628 4676 grim,
1647 4628 1711 4677 qm
1730 4630 1760 4673 an

127 4706 186 4755 tem
204 4697 259 4756 buc
273 4714 360 4772 usque
373 4698 538 4765 desudatam
560 4699 699 4755 neminem
717 4707 810 4756 autem
825 4701 865 4756 rel
880 4701 924 4757 ιιιι
978 4707 1166 4781 cbiepiscopus
1179 4709 1302 4782 ejusdam
1316 4709 1435 4767 civitatis
1448 4725 1510 4767 rem
1522 4711 1713 4769 indubitanter
1728 4723 1757 4765 or

22 4828 36 4845 .
127 4793 317 4864 paucissimos,
336 4792 453 4865 justitiae
473 4791 604 4857 fautores,
618 4801 667 4849 aut
683 4809 833 4867 corporum
846 4793 924 4851 labo-
977 4802 1103 4873 gnovisse
1121 4811 1237 4860 tractatus
1258 4810 1310 4860 est,
1333 4803 1416 4860 Unde
1428 4804 1591 4862 matimonio
1604 4799 1753 4879 comparati
1803 4812 1824 4869 ·-.

127 4902 186 4942 itm
202 4886 306 4953 urbire,
321 4894 369 4942 θυι
382 4901 474 4942 ΝΜ
488 4885 630 4957 dispendia
645 4889 717 4958 pati,
731 4887 822 4944 arride
841 4887 923 4945 bonis
976 4904 1116 4966 promoto,
1126 4896 1184 4954 litis
1193 4897 1269 4954 omni
1277 4895 1416 4955 dubietate
1423 4897 1543 4967 sublata,
1551 4900 1751 4957 censuimustm
1800 4914 1804 4921 ·

126 4980 183 5037 stris
198 4995 281 5051 opem
295 4979 377 5035 matri
394 4994 452 5036 suae
466 4979 597 5036 Ecclesiae
610 4978 682 5037 ferre
704 4983 850 5037 curavisse.
866 4984 922 5038 Ve-
976 4989 1212 5063 archiepiscopum
1227 5005 1311 5062 quam
1332 4992 1477 5064 capuanos
1492 4992 1608 5050 clericos
1631 4994 1660 5051 in
1677 5001 1749 5066 perir
1822 5046 1824 5050 .

123 5088 198 5142 nrm,
214 5080 353 5144 rutamque
371 5071 530 5129 fraternitas
545 5081 630 5130 rostra
646 5090 706 5130 sese
725 5074 860 5143 imbuerit,
874 5076 922 5131 be·
976 5091 1054 5140 tuum
1072 5084 1108 5140 ab
1126 5083 1176 5140 hac
1193 5085 1343 5157 quaestione
1358 5084 1511 5158 quiescere,
1530 5085 1608 5144 etde
1620 5086 1678 5159 iant
1697 5084 1749 5143 dist
1797 5102 1824 5145 a

123 5167 248 5224 nedictus
258 5169 334 5222 Deus
345 5174 373 5222 ei
390 5166 504 5222 Domini
523 5167 608 5224 nostri
623 5171 688 5225 Jesu
703 5168 804 5225 Christi
827 5171 920 5237 Pater,
975 5177 1135 5234 concambio
1145 5179 1248 5234 nullam
1262 5177 1391 5250 deinceps
1402 5179 1476 5236 litam
1488 5193 1666 5252 promovere,
1680 5173 1747 5239 Upis,
1796 5192 1811 5229 ι

123 5260 181 5334 qui,
206 5274 260 5317 nos
276 5260 311 5316 ab
329 5258 549 5318 adversariorum
573 5262 702 5319 manibus
719 5270 747 5319 et
765 5271 920 5335 persecuto·
972 5270 1049 5343 juxta
1062 5268 1241 5328 fraternitatis
1257 5279 1313 5329 turn
1327 5271 1553 5345 postulationem,
1573 5262 1748 5347 praeungi
1795 5288 1824 5325 a

122 5369 185 5411 rum
208 5353 333 5410 violentia
352 5361 508 5427 protegens,
529 5355 660 5412 hactenus
674 5357 701 5413 iu
720 5371 805 5413 manu
825 5365 919 5414 nostra
974 5364 1070 5437 vilegio
1092 5363 1206 5421 firmum
1231 5365 1285 5423 boc
1308 5374 1336 5422 et
1357 5365 1386 5423 in
1411 5373 1574 5439 perpetuum
1594 5354 1746 5439 stabilavit
1794 5382 1824 5419 ιι

117 5444 256 5518 justitiam
278 5444 429 5502 secundum
453 5447 641 5506 testimonium
665 5451 839 5508 conscientias
868 5467 920 5508 no·
973 5466 1078 5523 cantes,
1096 5456 1268 5515 decernimus
1282 5468 1312 5516 ut
1331 5460 1360 5515 in
1375 5458 1510 5533 praedicto
1522 5459 1585 5519 loco
1599 5460 1692 5519 Sancti
1710 5456 1746 5513 l*
1792 5474 1824 5517 e:

37 5572 43 5587 ·
120 5536 338 5607 stradetendtt;
353 5548 447 5613 atque,
463 5541 593 5613 potentia·
610 5541 772 5615 srraevigore
787 5542 918 5602 humanae
971 5551 1022 5624 geli
1058 5550 1155 5623 religio
1181 5553 1380 5610 monachorum
1410 5552 1463 5610 sub
1487 5569 1555 5611 cura
1588 5563 1617 5612 at
1641 5547 1745 5629 reginum
1793 5562 1824 5604 h

118 5632 283 5690 infirmitatis
297 5632 514 5690 imbecillitatem
528 5644 654 5692 nostram
668 5638 861 5706 corroborans,
880 5637 918 5695 ad
971 5643 1077 5700 abbatis
1095 5645 1197 5701 Montis
1216 5646 1322 5702 cassini
1338 5645 1521 5719 omnipotenti
1542 5650 1606 5705 Deo
1623 5642 1743 5707 deterriti
1793 5656 1824 5699 tn·

116 5724 290 5798 iniquitatem
306 5729 426 5783 converti
439 5727 586 5787 nullisnos
600 5728 815 5802 promissionum
838 5732 917 5790 blan·
970 5738 1019 5795 Coi
1040 5739 1174 5796 nimirum
1189 5740 1313 5797 ecclesiae
1338 5739 1420 5813 hujus
1442 5738 1518 5798 modi
1533 5733 1744 5817 privilagtnnir
1793 5748 1824 5798 Ι

117 5816 205 5889 ditiis,
223 5821 310 5879 nullis
327 5820 484 5879 vexantium
505 5823 655 5882 terroribus
678 5822 753 5881 sinit.
778 5827 832 5898 ipsi
850 5842 916 5902 ergo
969 5829 1123 5905 dulgemus,
1141 5832 1319 5891 concedimus
1341 5840 1424 5906 atque
1445 5831 1602 5905 ιιιιιιιιιιιι,
1615 5835 1746 5893 mamili
1793 5841 1824 5897 Ἰ
