3870 6164
136 265 189 323 no
475 258 504 311 s.
524 230 686 311 eaeeouu
704 204 748 307 ιι
771 246 869 306 mna
888 246 1028 323 oeneus
1048 246 1133 303 vans
1153 249 1173 302 1.
1192 276 1228 287 -
1244 245 1447 305 nsevsmuu.
1733 244 1787 301 sao

138 386 289 444 instantius
302 384 439 452 instrepas
447 382 511 445 (los.
525 383 574 447 vv),
598 376 687 434 donec
700 374 810 431 Jericho
825 376 972 440 muroeA
991 371 1047 426 lum
1071 372 1199 427 exteriori
1217 368 1393 440 fortitudine,
1415 368 1464 427 sed
1483 368 1628 441 episcopali
1649 366 1733 424 mam
1747 366 1791 427 di·

137 590 186 630 nes
199 572 315 644 dissipes
329 577 357 625 et
376 567 520 622 subvertas
534 563 605 621 sicut
622 562 656 619 ad
670 562 831 635 prophetam
851 562 933 628 [sicut
987 574 1084 630 parum
1099 559 1246 616 adversum
1259 566 1286 614 te
1301 557 1510 615 commoti'esse
1520 570 1669 631 ριιιιιιιι
1686 554 1737 629 qui
1753 552 1792 613 ed

34 704 39 709 -
139 667 178 723 ait
195 663 328 738 propbeta
342 662 423 731 [deest
435 662 516 728 torte,
535 657 646 725 dicitur,
662 657 796 725 Hunni:
815 656 897 711 Posui
909 658 934 708 te
986 660 1179 724 contemptum
1193 651 1349 724 apostolicae
1366 651 1538 709 auctoritatis
1552 658 1711 722 nostreque
1723 646 1793 705 fati-

139 759 216 815 bodv'e
229 773 309 828 seper·
322 759 411 824 pomos
426 757 452 808 et
464 768 547 821 repes
559 755 590 806 et
603 750 710 813 evellas,
722 753 747 804 et
760 750 894 815 destruas,
908 750 933 800 et
986 746 1106 818 gationis
1122 745 1301 819 dispendium
1316 746 1419 802 nostris
1430 744 1563 813 consiliis,
1584 741 1791 801 admonitioni-

138 851 289 923 dv'sperdas,
305 853 331 904 et
343 848 467 917 dissipes,
484 851 509 900 et
524 844 646 914 edifices,
665 847 690 897 ct
700 844 808 913 plantes
821 843 884 908 (les.
899 840 931 907 1).
987 839 1047 910 bus,
1061 839 1210 913 rogatibus,
1225 847 1254 897 et
1266 839 1352 913 justis
1369 838 1456 895 oldcii
1470 838 1559 895 nostri
1572 834 1793 910 dispensationi-

138 947 202 1002 Nou
214 951 310 1000 nostra
324 941 432 997 decreta
446 944 613 1010 (quanquam
627 936 740 992 licenter
751 936 773 989 si
784 949 852 1006 opus
861 941 934 989 esset
987 932 1038 990 bus
1050 942 1077 989 te
1089 933 1226 990 obsistere
1236 933 1427 1007 intelligimus,
1440 940 1472 989 ut
1484 947 1589 1005 pacem,
1603 946 1691 1005 quam
1703 929 1793 987 serris

136 1042 290 1110 possemus)
303 1034 380 1091 vobis
393 1031 585 1105 proponimus
597 1029 643 1085 sed
661 1029 795 1086 asanctis
808 1027 934 1082 Patribus
986 1027 1036 1084 Dei
1056 1043 1119 1083 cum
1138 1034 1300 1100 quantisper
1321 1030 1409 1082 Deum
1424 1026 1617 1099 cognoscimus
1630 1022 1793 1080 musidera·

136 1138 238 1187 statuta
253 1142 428 1193 renovamus,
440 1140 476 1181 ue
488 1132 584 1180 nostro
599 1123 707 1179 silentio
720 1122 789 1178 servi
804 1119 933 1177 Domini·
986 1120 1064 1176 tione
1075 1120 1193 1193 justitiae
1207 1119 1351 1193 providere
1363 1119 1498 1191 cupimus,
1511 1126 1544 1174 tu
1562 1133 1613 1174 nee
1626 1117 1687 1191 pati
1701 1116 1794 1189 possis

137 1214 932 1296 ea'rnpecuniamabscondentissententiamincurramus.
987 1221 1035 1270 aut
1056 1213 1318 1286 velis-Nunquidne
1337 1213 1477 1270 existimes
1499 1211 1641 1286 episcopos
1662 1210 1738 1267 hane
1759 1210 1793 1266 in

137 1316 256 1373 Elabora
270 1314 366 1386 igitur,
381 1313 455 1368 insta
468 1319 631 1383 opportune,
652 1310 822 1381 importune,
837 1316 869 1363 ut
886 1306 934 1363 do·
987 1307 1116 1380 pastoraii
1131 1307 1261 1381 regimine
1272 1314 1434 1380 potestatem
1448 1314 1529 1379 atque
1541 1305 1681 1361 licentram
1695 1318 1795 1362 susos·

137 1424 203 1465 mus
214 1408 265 1465 Dei
276 1407 325 1463 tibi
337 1405 488 1462 commissa
500 1403 659 1477 purificetur
671 1411 806 1474 quatenus
816 1410 844 1457 et
857 1416 872 1456 a
884 1416 934 1457 no·
989 1402 1061 1474 pisse
1074 1409 1107 1457 ut
1127 1401 1308 1469 monasteria,
1327 1415 1390 1473 quet
1412 1399 1441 1455 in
1467 1399 1523 1456 suis
1538 1396 1678 1471 parochiis
1700 1396 1795 1455 consi·

137 1502 180 1558 bis
190 1502 224 1559 de
235 1499 393 1557 obedientia
405 1507 453 1554 tua
466 1498 568 1571 gratias
581 1496 727 1564 merearis,
737 1503 765 1552 et
777 1495 819 1551 tui
833 1493 937 1550 laboris
990 1502 1075 1564 stunt,
1087 1501 1222 1566 quantum
1234 1493 1316 1550 velint
1326 1493 1492 1566 opprimant,
1500 1500 1529 1547 et
1539 1491 1664 1549 studium
1675 1490 1793 1564 religio-

136 1594 283 1668 praemium
301 1601 463 1664 recepturus
483 1592 512 1647 in
523 1591 639 1647 Domini
652 1590 692 1645 tui
707 1588 840 1662 gaudium
857 1587 936 1644 laetus
989 1588 1032 1643 nis
1055 1602 1111 1643 suae
1128 1587 1297 1660 praelationis
1311 1587 1467 1654 occasione,
1482 1585 1543 1644 haec
1557 1593 1586 1641 et
1600 1584 1648 1641 illa
1662 1591 1795 1657 potenter

137 1687 330 1745 introducaris.
989 1681 1123 1754 exigendo
1146 1689 1172 1737 et
1194 1688 1361 1752 potestatem
1381 1695 1461 1736 suam
1482 1677 1646 1747 exercendo,
1673 1676 1793 1735 commi·

172 1783 245 1838 Data
264 1784 371 1848 Romae,
387 1794 421 1837 vv
439 1778 583 1836 Kalendas
604 1777 717 1850 Aprilis,
738 1775 836 1833 indict.
863 1789 934 1832 xxxx.
951 1742 1092 1832 Bnuent?
1107 1780 1151 1832 Αι
1158 1775 1268 1848 ignoras
1281 1772 1357 1847 qvvod
1371 1773 1458 1831 sancti
1473 1777 1570 1830 Patres
1581 1772 1749 1845 plenumque
1764 1778 1795 1828 st

382 1897 561 1953 EPISTOLA
587 1895 691 1952 LXIX·
989 1869 1114 1941 religiosa
1127 1867 1296 1925 monasteria
1312 1867 1348 1924 de
1371 1865 1542 1940 subiectione
1555 1864 1751 1939 episcoporum
1765 1872 1795 1921 st

991 1963 1163 2035 episcopatus
1176 1962 1211 2018 de
1225 1960 1352 2034 parochia
1366 1960 1584 2033 metropolitanae
1595 1957 1669 2015 sedis
1680 1965 1797 2031 propter

993 2056 1202 2112 infestationem
1216 2054 1424 2127 praesidentium
1438 2053 1599 2122 divisemnt,
1616 2060 1644 2108 et
1662 2060 1797 2125 perpetua

440 2130 533 2194 (3⁰³⁰
555 2126 643 2195 Μ)
992 2150 1118 2206 libertate
1135 2149 1270 2206 donantes
1283 2149 1442 2221 apostolicae
1456 2146 1527 2214 sedi,
1538 2148 1613 2203 velut
1626 2144 1796 2219 principalia

139 2246 242 2315 Arquit
262 2243 334 2315 quod
354 2243 481 2299 vnolmlt't's
495 2244 601 2311 efficiat
615 2241 754 2296 monachos
775 2240 870 2295 Seresti
884 2239 938 2293 Mt'·
993 2244 1076 2315 capiti
1094 2259 1144 2300 suo
1162 2243 1297 2311 membra,
1318 2242 1458 2299 adhaerere
1479 2242 1646 2297 sanxerunt?
1661 2243 1797 2298 Percurre

174 2317 281 2400 cll‘wass
295 2319 384 2372 M‘me‘
397 2319 429 2369 ’ἰ
450 2330 542 2384 paoem
555 2328 617 2396 ium
629 2313 722 2397 ‘immi
734 2315 817 2394 Μ’
831 2310 873 2365 ¹³⁰³
885 2313 941 2363 ΒΜ·
994 2347 1152 2393 sanctorum
1164 2338 1279 2393 Patrum
1291 2335 1443 2409 privilegia,
1454 2343 1482 2392 et
1496 2334 1618 2391 invenies
1631 2333 1699 2406 ipsis
1707 2332 1795 2390 etiam

175 2392 236 2443 telo
245 2389 288 2442 dte
297 2387 333 2441 od
342 2386 430 2441 sedem
440 2384 680 2455 apostolecomlrtvs
689 2381 848 2437 vluemcudre
859 2395 940 2434 oouso

174 2458 292 2525 amedei,
307 2459 419 2512 iuterim
432 2473 449 2510 a
462 2458 592 2510 orolcsta'is
606 2454 758 2521 inscendas
773 2453 939 2518 desistetne
994 2430 1205 2502 ³l⁰hi⁰l³i⁵⁰⁰lli⁸
1217 2427 1351 2499 0ffi01¹¹ffl2
1366 2429 1419 2484 ⁰5⁵5
1432 2427 1503 2485 Ῑθΐῑθ
1517 2427 1552 2485 ⁸¹)
1565 2426 1664 2484 abbate
1678 2425 1795 2496 V0⁰³tff⁸s

176 2532 356 2600 ipsemqetur
369 2527 438 2581 illud
449 2528 644 2582 monesterium
661 2525 694 2580 de
707 2525 764 2593 ejus
778 2523 940 2648 subiectione
995 2527 1022 2581 iu
1041 2525 1177 2598 plerisque
1195 2524 1330 2581 coenobiis
1359 2523 1448 2579 lacere
1469 2522 1640 2594 prohibitum
1666 2536 1739 2589 esse,
1760 2536 1798 2577 ne

174 2603 301 2667 mmor,
314 2605 415 2668 etqeos
429 2603 526 2654 temere
539 2599 824 2657 cacorumurvicorot,o
843 2595 939 2649 soleat.
994 2618 1233 2676 fonemomstjca
1248 2618 1326 2690 quies
1348 2617 1520 2674 saecuqafjum
1543 2630 1725 2689 personarum
1738 2613 1797 2672 sm,

174 2715 768 2786 Gnaeonxusepiscopus,servasserrorum
775 2710 838 2777 Dei,
849 2711 938 2768 Cunt-
995 2713 1106 2785 quentia
1118 2720 1147 2769 et
1164 2711 1373 2769 couversatione
1389 2709 1559 2767 turbaretur.

138 2823 239 2866 ιιιτο
251 2807 414 2865 Tavvrinensi
423 2806 562 2879 episcopo,
578 2806 696 2863 salutem
715 2813 743 2861 et
757 2803 936 2879 apostolicam
1025 2809 1087 2863 Hoc
1106 2807 1197 2878 itaque
1207 2822 1243 2862 ne
1257 2813 1286 2861 et
1299 2822 1351 2862 nos
1363 2805 1476 2861 illorum
1495 2804 1659 2860 auctoritate
1669 2809 1698 2860 et
1707 2818 1797 2861 mern·

139 2900 372 2958 benedictionem.
556 2944 562 2949 .
990 2901 1035 2973 plo
1048 2900 1083 2957 de
1102 2898 1217 2972 praelato
1242 2899 1332 2957 Sancti
1358 2896 1501 2954 Michaelis
1513 2895 1684 2954 monasterio
1706 2895 1796 2955 ferme

172 2997 309 3051 Decuerat
331 3002 373 3063 te,
406 2992 490 3049 irater
511 2992 680 3057 charissime,
708 3008 758 3066 pro
783 2991 934 3048 reverentis
989 3009 1130 3066 cogamur,
1145 3009 1212 3049 neve
1228 3001 1269 3059 tu,
1282 2992 1348 3049 dum
1361 2990 1543 3048 immoderata
1556 2990 1669 3062 queris,
1684 3005 1716 3046 es
1730 3004 1795 3065 quse

137 3103 221 3162 quam
234 3087 315 3145 beato
335 3091 427 3153 Petro,
442 3088 632 3159 apostolorum
652 3085 768 3157 principi
788 3093 817 3142 et
836 3084 934 3156 magis·
976 3102 1024 3142 vex
1034 3102 1113 3158 aequo
1126 3086 1178 3141 tibi
1192 3087 1309 3143 attinere
1325 3084 1487 3141 videbantur
1497 3084 1573 3156 juste
1586 3084 1711 3151 amittas,
1725 3100 1794 3157 apo·

137 3189 181 3237 tro
193 3181 355 3237 universalis
371 3179 512 3247 Ecclesiae,
527 3178 620 3247 debes,
633 3178 777 3235 nobiscum
787 3137 974 3233 etiamad-⁰
992 3181 1087 3237 stolica
1108 3188 1136 3236 te
1148 3179 1312 3236 auctoritate
1336 3192 1483 3235 monemus
1505 3185 1586 3249 etque
1606 3176 1795 3250 precipimus,

137 3290 202 3331 rare
218 3275 356 3330 unitatem
374 3282 402 3329 et
423 3272 599 3329 concordiam
621 3273 652 3328 in
671 3272 780 3328 vinculo
794 3270 937 3327 charitatis
992 3282 1023 3331 ut
1035 3281 1084 3330 aut
1098 3288 1267 3345 pacemcum
1280 3273 1378 3329 abbate
1388 3287 1509 3345 congrua
1524 3272 1712 3328 conventione
1724 3272 1796 3328 etin

140 3377 169 3424 et
189 3367 277 3441 pacis,
296 3376 323 3423 et
343 3366 449 3423 iabores
463 3374 585 3434 nostros,
602 3374 634 3421 ut
651 3366 681 3421 in
699 3365 809 3423 Christo
824 3364 937 3438 proiice·
991 3382 1140 3425 commune
1154 3367 1262 3441 proviso
1276 3367 1461 3423 totiusoausae
1482 3365 1674 3422 moderamine
1692 3362 1793 3435 faeiat,

138 3468 201 3517 rent
213 3470 242 3518 et
252 3460 377 3519 fructum
388 3459 523 3529 lacerent,
538 3461 638 3517 saltem
649 3460 678 3516 in
692 3460 876 3517 attinentibus
885 3457 938 3514 tibi
991 3471 1049 3532 aut,
1066 3462 1087 3518 si
1110 3462 1228 3534 peccatis
1241 3458 1457 3533 impedientibus
1479 3458 1532 3516 hoc
1549 3458 1607 3516 fleri
1621 3459 1795 3533 nequiverit,

137 3560 166 3610 et
177 3562 271 3611 tecum
288 3554 356 3610 actis
363 3554 460 3627 iurare
473 3554 601 3627 negotiis.
613 3554 717 3610 Verum
728 3561 850 3621 econtra,
863 3550 937 3608 unde
991 3555 1020 3611 in
1040 3565 1151 3613 ventura
1166 3556 1254 3611 sancti
1272 3554 1386 3610 Martini
1400 3552 1544 3609 festivitate
1557 3552 1591 3609 ad
1607 3551 1797 3624 apostolicam

136 3663 188 3703 uos
201 3648 355 3703 necmirari
371 3663 423 3704 neo
434 3646 527 3704 dolere
541 3648 607 3703 satis
620 3663 777 3718 possumus,
792 3657 819 3703 te
833 3648 936 3703 imme·
991 3650 1086 3707 sedem
1105 3657 1133 3705 te
1150 3656 1332 3705 convocatum
1347 3647 1476 3721 presenti
1502 3646 1665 3702 auctoritate
1687 3660 1796 3718 cogno·

136 3754 245 3795 morem
259 3749 360 3796 nostrae
373 3739 528 3796 dilectionis
544 3756 560 3795 a
585 3739 666 3796 nobis
686 3740 837 3813 discrepare
859 3750 886 3797 et
906 3756 937 3797 ea
991 3741 1437 3815 scas,quatenus,adiuvanteDeo,
1447 3741 1521 3797 litem
1529 3737 1793 3797 vestremdirimers

137 3846 200 3904 quae
220 3832 348 3904 colligere
369 3832 529 3889 laboramus
547 3833 627 3888 omni
647 3841 749 3890 conatu
772 3834 806 3890 ad
830 3834 936 3906 disper·
991 3836 1105 3908 etJ'usto
1120 3836 1176 3893 flue
1189 3834 1353 3892 concludere
1366 3834 1514 3891 valeamus.
1532 3834 1649 3890 interim
1668 3849 1735 3891 vero
1748 3848 1794 3891 ea·

136 3924 260 3999 gendum
272 3925 408 3993 insistere,
418 3925 526 3981 clamor
541 3925 662 3983 fratrum
672 3928 834 3984 monasterii
844 3929 937 3985 Sancti
990 3927 1055 3984 dem
1070 3927 1232 3986 auctoritate
1252 3927 1427 4001 praecipimus
1448 3934 1480 3983 ut
1500 3942 1589 4000 neque
1615 3925 1741 3984 vocando
1758 3924 1795 3984 sd

138 4016 289 4083 Michaelis,
304 4018 362 4073 imo
375 4017 517 4088 multiplex
532 4019 670 4091 angustia,
685 4034 767 4091 quam
783 4020 935 4078 multorum
990 4022 1137 4096 synodum,
1149 4039 1200 4079 nec
1215 4021 1305 4094 aliquo
1329 4021 1489 4091 interdicto,
1508 4019 1625 4092 denique
1643 4019 1723 4077 nullo
1741 4035 1793 4077 ιι-

136 4109 327 4178 relationibus,
350 4119 378 4167 te
393 4109 521 4177 iaciente,
537 4126 586 4167 eos
602 4112 658 4183 peti
681 4112 852 4185 audivimus,
873 4130 935 4171 ma·
990 4133 1072 4189 quam
1085 4115 1235 4174 exactionis
1251 4114 1336 4172 modo
1348 4114 1487 4183 abbatem,
1502 4115 1543 4170 rel
1556 4111 1797 4186 stepelsbsmmo·

136 4202 328 4261 niiestanobis
341 4202 440 4260 indicis
457 4212 577 4276 praestet.
590 4205 751 4263 Meminisse
763 4207 839 4263 enim
852 4207 936 4265 debes
988 4212 1153 4279 nasterium,
1178 4217 1226 4266 aut
1248 4209 1393 4266 servitores
1411 4208 1481 4281 ejus,
1504 4222 1552 4263 seu
1570 4206 1642 4276 loca,
1656 4206 1700 4264 vel
1717 4204 1794 4264 bona

136 4306 205 4370 quot
214 4305 242 4354 et
255 4305 356 4370 quanta
370 4296 501 4354 domiuus
512 4307 540 4354 et
553 4306 711 4355 antecessor
725 4309 832 4371 noster,
847 4300 935 4360 beatae
989 4303 1054 4360 illuc
1065 4303 1219 4371 attinentia,
1235 4318 1283 4376 per
1296 4311 1335 4371 te,
1355 4303 1412 4359 sive
1424 4317 1472 4374 per
1485 4309 1599 4358 tuorum
1611 4300 1732 4373 aliquem
1744 4299 1793 4358 le·

137 4389 526 4464 memoritenlexanderpapa,
536 4392 935 4466 etnosipsi,cumnovissime
988 4397 1052 4453 dere
1068 4403 1117 4453 aut
1128 4395 1280 4470 inquietare
1294 4410 1446 4469 praesumas
1451 4415 1460 4467 3
1476 4402 1505 4451 et
1521 4408 1592 4469 quos
1606 4392 1792 4451 anathematis

136 4485 315 4559 apostolicam
330 4485 424 4542 sedem
442 4493 471 4543 et
495 4487 668 4557 praesentiam
682 4495 807 4545 nostram
823 4489 934 4546 visitas·
987 4488 1096 4546 vinculo
1118 4505 1151 4545 ex
1163 4488 1205 4544 his
1223 4490 1270 4561 qui
1293 4498 1402 4563 partem
1415 4489 1493 4546 illam
1517 4489 1638 4545 attinent
1656 4484 1788 4560 alligasti,

947 4538 974 4605 Ι)

137 4593 190 4646 ses,
211 4579 246 4636 de
269 4595 334 4652 paee
354 4587 381 4635 et
403 4579 605 4652 tranquillitate
629 4580 752 4655 ejusdem
773 4584 934 4640 monasterii
989 4599 1148 4657 quanquam
1166 4583 1219 4640 hoo
1232 4591 1336 4640 temere
1355 4581 1463 4652 feceris,
1482 4581 1611 4639 charitati
1624 4588 1719 4638 temen
1736 4578 1792 4637 trs

187 2029 229 2070 u>
246 2027 449 2071 cuntbsltruu
468 2026 640 2069 BPlSCOPUK
657 2023 890 2066 tabernensem.

136 4686 200 4728 cum
212 4679 261 4728 tua
278 4670 449 4729 fraternitate
467 4673 587 4745 egimus,
600 4689 638 4729 ne
650 4673 775 4731 diabolus
789 4690 934 4733 servorum
989 4684 1074 4734 ternae
1088 4677 1275 4750 providentes,
1295 4686 1327 4734 ut
1337 4685 1368 4733 tu
1387 4693 1435 4733 eos
1446 4676 1571 4733 absolvas
1582 4675 1674 4732 locum
1701 4671 1792 4731 tibist

117 4818 120 4823 .
136 4764 190 4820 Dei
204 4765 286 4821 saluti
304 4781 411 4838 semper
428 4766 556 4823 invidens
573 4776 601 4822 et
612 4767 707 4840 quieti,
722 4783 863 4825 venenum
877 4784 935 4828 sure
990 4770 1093 4828 monita
1106 4770 1217 4828 damus.
1232 4771 1292 4842 Qua
1310 4771 1337 4826 in
1358 4784 1389 4826 rc
1404 4770 1427 4825 si
1441 4777 1473 4825 tu
1487 4783 1596 4826 moram
1616 4765 1726 4834 iecoris,
1741 4772 1792 4823 eut

136 4855 269 4929 nequitie
288 4856 377 4930 aliqua
393 4859 538 4915 occasione
559 4859 598 4915 ibi
612 4868 706 4932 posset
726 4860 885 4931 infundere,
907 4871 935 4920 et
989 4865 1081 4937 aliqua
1094 4864 1239 4922 occasione
1253 4863 1332 4920 nobis
1348 4862 1460 4920 obedire
1472 4860 1607 4930 renueris,
1617 4867 1713 4917 nostra
1724 4874 1791 4933 apo·

134 4948 247 5006 devotas
261 4950 367 5008 animas
388 4951 424 5007 ab
437 4952 549 5009 assidua
570 4954 731 5011 orationum
751 4963 780 5010 et
792 4955 877 5012 divini
894 4954 934 5014 ia·
989 4957 1085 5014 stolica
1099 4958 1262 5015 auctoritate
1275 4972 1324 5014 eos
1342 4955 1483 5013 absolutos
1494 4962 1524 5011 et
1541 4954 1575 5011 ab
1595 4952 1729 5010 omnibus
1746 4950 1792 5009 in·

137 5044 259 5100 mulatus
270 5043 453 5101 meditatione
468 5045 607 5103 divellere.
618 5048 679 5116 Qua
689 5047 723 5104 de
736 5064 766 5105 re
780 5049 843 5105 licet
852 5049 934 5106 nobis
989 5050 1099 5107 terdieti
1114 5051 1159 5107 vel
1176 5049 1471 5107 excommunicationis
1483 5057 1539 5106 tuve
1560 5045 1677 5104 nexibus
1690 5045 1791 5104 liberas

137 5137 239 5209 optime
252 5137 422 5209 promiseris,
440 5137 567 5196 videlicet
578 5148 606 5195 te
620 5148 668 5196 aut
684 5150 887 5213 competentem
899 5142 934 5200 de
990 5158 1049 5201 esse
1062 5144 1179 5201 noveris.
1194 5147 1248 5202 Fac
1262 5143 1356 5215 igitur,
1378 5141 1480 5198 dilecte
1498 5138 1593 5211 irater,
1616 5148 1648 5197 ut
1659 5140 1701 5197 vel
1716 5154 1792 5197 nimo

137 5228 267 5288 omnibus
287 5247 352 5288 cum
373 5230 472 5288 abbate
495 5249 594 5305 pacem
607 5231 760 5306 iacturum,
781 5245 841 5306 aut,
862 5237 886 5293 si
904 5236 934 5294 id
988 5252 1045 5294 non
1058 5236 1198 5295 incassum
1206 5235 1257 5292 tibi
1271 5234 1413 5308 scripsisse
1424 5235 1577 5292 videamur.
1590 5231 1680 5291 Crede
1691 5232 1791 5290 nostris

138 5321 199 5379 fieri
221 5339 279 5380 non
299 5332 402 5397 posset,
417 5325 477 5382 sine
495 5327 572 5383 omni
595 5327 708 5385 laesione
724 5329 885 5386 monasterii
898 5329 934 5386 ad
989 5330 1119 5399 consiliis,
1133 5329 1275 5403 acquiesce
1289 5329 1415 5397 monitis,
1431 5345 1482 5386 nec
1498 5329 1581 5385 libeat
1594 5327 1646 5384 tibi
1666 5342 1720 5384 nos
1733 5326 1792 5400 plu·

132 5412 269 5488 judicium
283 5418 442 5490 apostolieae
458 5418 639 5477 discussionis
653 5408 713 5477 rem
730 5422 822 5480 denuo
835 5422 934 5481 delatu-
989 5423 1069 5481 rimis
1081 5431 1230 5496 occupatos
1246 5422 1351 5481 diutius
1364 5438 1454 5480 cause
1473 5422 1554 5494 huius
1564 5420 1703 5493 implicari
1714 5420 1791 5477 labo·

137 5524 212 5580 rum,
233 5518 326 5567 tamen
350 5521 494 5584 postquam
521 5531 536 5570 a
560 5515 643 5571 nobis
662 5515 823 5584 discessisti,
846 5517 934 5573 multo
989 5516 1076 5585 ribus,
1098 5533 1149 5574 nec
1168 5517 1285 5589 deneges
1309 5518 1389 5573 nobis
1409 5514 1560 5573 iratemum
1580 5521 1609 5572 et
1630 5513 1793 5571 unanimem

137 5604 261 5675 asperior
278 5613 360 5678 etque
380 5605 517 5663 crudelior
533 5617 631 5666 contra
645 5610 831 5667 venerabilem
846 5610 939 5668 iocum
992 5625 1157 5667 consensum
1171 5610 1201 5666 in
1219 5610 1408 5684 componenda
1427 5624 1492 5682 pace
1505 5624 1577 5681 sepe
1597 5605 1647 5665 lati
1660 5604 1792 5675 coenobil,

138 5695 218 5753 illum
231 5713 315 5771 quam
330 5708 412 5757 antea
425 5698 531 5771 fueras,
546 5712 629 5774 prout
649 5702 731 5759 nobis
751 5704 870 5761 relatum
885 5712 938 5773 est,
992 5720 1036 5775 ne,
1055 5703 1124 5761 dum
1136 5703 1229 5774 nobis,
1243 5706 1301 5761 imo
1323 5705 1405 5763 beato
1419 5706 1515 5774 Petro,
1533 5702 1644 5761 obstare
1661 5716 1721 5759 non
1741 5700 1792 5760 dc·

138 5790 281 5862 exstitisti3
301 5801 329 5850 et
344 5792 419 5864 quod
432 5793 631 5853 detrimentum
645 5794 705 5867 ejus
721 5792 805 5865 soret,
819 5812 877 5854 non
895 5810 939 5855 so·
992 5797 1081 5868 sieris,
1109 5798 1138 5855 in
1151 5799 1306 5871 graviorem
1325 5797 1435 5871 culpam
1455 5805 1484 5854 et
1503 5794 1684 5854 irrevocabile
1702 5790 1792 5854 detri-
