3870 6164
143 276 195 333 ost
617 268 647 325 S.
666 198 827 327 GREGSRH
846 270 892 325 vll
912 269 1010 325 PAPAE
1028 266 1167 324 obstruit
1184 262 1271 320 PARS
1287 260 1320 318 ti.
1746 254 1798 309 bdll

143 398 180 456 tis
193 393 525 471 dugasaimperatricts,
539 400 568 451 et
582 408 629 450 sex
643 366 766 451 iratmm
781 402 938 451 nostrorum
954 398 981 460 Α
996 393 1041 466 qui
1063 389 1181 449 necdum
1193 387 1333 446 duxerunt
1357 390 1403 441 tue
1421 378 1567 439 interdicta
1578 392 1637 436 non
1650 376 1799 435 timerent.

143 488 336 558 cardinalium,
346 486 480 547 Kalendis
494 486 568 557 binii,
578 486 757 560 pontificatus
768 489 857 545 nostri
866 503 941 545 anno
995 488 1020 543 0
1034 482 1239 558 impudentiam!
1265 477 1437 538 oaudaciem
1449 474 1620 548 singularem
1638 468 1801 529 lvidelieet

144 580 248 653 illim·
996 580 1155 651 episcopum
1183 574 1254 633 sedis
1276 573 1433 646 apostolice
1463 568 1572 627 decreta
1603 572 1799 635 coutemmre,

517 672 583 729 ΧΠ.
995 680 1130 747 praecepta
1153 677 1312 728 sanctorum
1323 668 1437 725 Petrum
1458 660 1632 730 convellere,
1647 659 1709 716 imo
1734 672 1799 715 sero

195 777 322 847 Gregorii
340 774 452 849 eps'stoln
464 774 502 830 ud
523 774 644 831 ottonem
665 775 888 831 cortetootr’ensem
997 765 1140 840 praeceptis
1161 760 1296 821 contraria
1310 776 1342 818 ac
1363 758 1426 817 fldei
1439 755 1602 815 cbristisnae
1616 750 1798 825 repugnantis

457 847 621 917 ‘imvm
996 860 1031 917 de
1042 857 1187 917 sacratiore
1208 857 1327 923 loco,et
1351 851 1386 910 de
1405 848 1533 909 cathedra
1544 844 1696 922 pontificali
1709 842 1799 917 subis·

448 941 641 1010 (Annorum
889 944 894 953 ⁶
996 953 1047 1012 ctis
1069 953 1201 1025 ingerere.
1219 951 1392 1022 Quapropter
1410 944 1459 1003 tibi
1473 940 1622 1016 apostoliea
1636 938 1798 997 auctoritate

338 1036 735 1110 [Mlllsslscfflil'bxxsssffid
997 1046 1184 1122 praecipimus,
1205 1051 1235 1100 ut
1257 1041 1293 1100 ad
1320 1040 1474 1113 proximam
1502 1032 1642 1111 synodum
1674 1039 1797 1090 noemam

180 1140 469 1209 desudassemus
479 1154 621 1198 serrorum
629 1136 693 1207 Dei,
707 1138 942 1196 ottoniconstan·
997 1142 1103 1214 (prima)
1121 1137 1256 1212 proximm
1294 1130 1528 1208 (quadragesime)
1565 1125 1744 1185 bebdomada
1771 1132 1796 1182 te

143 1233 227 1291 tienri
241 1232 368 1307 episeopo
391 1232 509 1291 sanum
533 1239 561 1290 et
578 1230 757 1304 apostolicam
773 1230 943 1289 benedictio
997 1241 1160 1309 presentem
1187 1230 1328 1297 exhibeam
1354 1235 1411 1285 tam
1432 1226 1467 1283 de
1493 1224 1546 1282 bsc
1569 1220 1797 1279 inobedientiam

143 1342 219 1386 nem.
996 1328 1068 1386 sedis
1087 1326 1245 1400 apostolice
1258 1330 1429 1395 contemptu,
1445 1333 1528 1393 qnam
1540 1316 1575 1375 de
1584 1316 1719 1374 omnibus
1737 1326 1796 1389 goe

179 1421 318 1480 Peristum
331 1428 373 1478 est
386 1419 483 1479 adnos
505 1419 722 1479 deirrtemitate
737 1424 785 1477 tua
800 1418 876 1493 quod
896 1434 942 1474 sa·
996 1423 1044 1480 tibi
1056 1421 1223 1494 objiciuntur
1251 1417 1382 1476 mosaice
1402 1427 1594 1489 responsurus.

143 1515 181 1574 tis
193 1516 295 1573 inritus
308 1522 337 1571 et
356 1522 472 1572 moestus
486 1512 587 1583 audivi,
607 1514 736 1587 quodque
756 1514 780 1571 si
793 1514 833 1570 rel
847 1511 883 1570 de
893 1527 939 1569 er·
1349 1528 1427 1585 χω,

143 1618 232 1669 uerno
245 1607 507 1680 Christianmplebis
518 1609 645 1665 membro
659 1606 694 1665 ed
708 1595 876 1666 audientiam
891 1621 941 1663 no·
996 1652 1019 1706 E
1041 1647 1119 1703 mola
1142 1646 1272 1715 firmor&
1286 1644 1337 1699 VH
1348 1642 1386 1697 ad
1400 1641 1505 1696 dms
1529 1641 1554 1692 e,
1569 1638 1653 1693 paim
1669 1636 1797 1693 emm,

144 1712 232 1763 stram
258 1702 423 1771 deisrretur,
442 1703 580 1759 severiore
599 1700 773 1759 districtioris
790 1698 941 1772 disciplinae
1031 1722 1124 1775 uem„
1139 1720 1315 1789 episcopam„
1330 1743 1367 1754 -
1380 1713 1501 1770 omnem
1513 1705 1799 1780 epgwpnmadsym·

141 1812 260 1856 censura
271 1806 345 1857 esset
356 1798 453 1871 procul
465 1797 551 1855 dubio
565 1795 764 1871 castigandum.
781 1794 940 1853 cumcuim
958 1793 982 1856 B
1032 1792 1222 1847 dumnocctum
1231 1789 1351 1842 enuntiet.

141 1892 292 1966 apostoliea
305 1893 467 1950 auctoritate
480 1900 508 1949 et
516 1889 643 1948 veridicis
655 1898 814 1948 sanctorum
823 1891 939 1946 Petrum
1299 1880 1390 1948 (Assss0
1403 1880 1495 1941 ¹⁰64)

142 1986 286 2043 mntentiis
316 1985 432 2053 incitati,
461 1983 497 2042 ad
527 1984 726 2041 eliminandam
753 1984 938 2040 Simoniacam
1190 1976 1316 2045 [illustr
1330 1972 1428 2032 Condi·
1441 1970 1511 2039 XX,
1524 1970 1601 2037 ⁶²⁷d

141 2077 269 2135 hfflffiffm
293 2085 321 2134 et
349 2076 562 2150 mitfendam
585 2076 751 2135 ⁰¹0ri⁰⁰r1¹m
768 2075 939 2141 castitatem,
1029 2082 1206 2139 Gnaeonrns
1224 2078 1379 2151 episcopus,
1401 2088 1499 2132 servus
1508 2084 1655 2128 servorum
1670 2066 1800 2136 bobele-

144 2184 196 2243 pro
209 2170 298 2228 nostri
313 2170 398 2227 cilicii
412 2168 505 2227 debito
519 2170 686 2237 exanimum
703 2170 869 2242 Moguntino
890 2183 938 2225 re·
994 2175 1058 2231 picis
1082 2182 1112 2230 cc
1132 2173 1207 2230 laicis
1232 2170 1387 2243 majdribus
1400 2176 1428 2225 et
1442 2164 1608 2232 minoribns,
1622 2162 1654 2220 in
1664 2163 1801 2221 Constam

141 2262 258 2321 ssfflbffi
280 2262 486 2335 fflhlillssffllw
507 2261 641 2320 0⁰¹¹fl³¹li
661 2262 827 2331 ¹¹0⁸1i020¹¹l
848 2262 939 2336 lllures
994 2269 1073 2325 tiensi
1086 2267 1243 2340 episcopatu
1258 2261 1483 2329 consistentibus,
1503 2257 1691 2317 (ilrmstianam
1710 2256 1800 2329 legem

141 2355 236 2415 atlete
248 2354 366 2428 dispersi
380 2352 630 2429 milraganeisunt,
646 2355 699 2412 hoc
708 2354 876 2412 obedientiae
883 2372 941 2410 mu·
993 2359 1178 2433 diligentibus,
1202 2358 1318 2414 salutem
1332 2364 1361 2412 et
1375 2352 1554 2426 apostolicam
1568 2349 1799 2408 benedictionem·

141 2463 196 2506 nus
208 2447 418 2522 injunximusut
431 2456 491 2505 tam
500 2464 547 2520 per
561 2464 591 2505 se
605 2464 688 2521 quam
703 2463 752 2519 per
765 2447 940 2521 coadjutores
1029 2453 1155 2509 Misimus
1179 2450 1256 2507 fratri
1276 2458 1380 2517 nostro,
1410 2448 1539 2519 episcopo
1568 2452 1674 2511 restro,
1700 2440 1800 2501 ottoni

140 2556 206 2601 suos
224 2541 279 2599 boe
290 2544 425 2600 Romanae
442 2541 572 2599 Ecclesiae
585 2540 730 2598 decretum
749 2541 941 2598 nniversocle·
995 2548 1097 2603 litteras
1117 2543 1328 2611 exhortatorias,
1350 2558 1399 2614 per
1419 2556 1486 2613 quas
1506 2555 1556 2611 pro
1570 2536 1659 2594 nostri
1676 2535 1798 2594 necessi·

139 2650 173 2693 ro
194 2634 348 2694 studiosius
361 2635 520 2701 inmlcaret,
537 2643 564 2691 et
577 2635 773 2691 inviolabiliter
786 2634 939 2692 tenendum
993 2648 1049 2696 tate
1063 2638 1147 2696 oflicii
1164 2637 1316 2711 apostoliea
1340 2634 1504 2693 auctoritate
1519 2630 1688 2705 injunximus
1704 2627 1744 2685 illi
1763 2634 1798 2687 ut

138 2735 319 2803 proponerem
340 2727 391 2784 tibi
407 2728 582 2801 quoque,cui
595 2728 938 2801 plurimusconstamien·
993 2733 1179 2790 Simonincam
1193 2730 1321 2787 haeresim
1347 2727 1382 2786 de
1404 2726 1524 2783 Ecclesia
1540 2725 1651 2798 penitus
1674 2736 1723 2780 sua
1747 2736 1795 2778 ex·

137 2822 177 2880 sis
187 2821 318 2894 episcopii
327 2822 415 2879 clerus
432 2830 459 2879 et
480 2821 598 2895 populus
611 2821 778 2894 amplissime
793 2819 939 2891 dilatatus,
992 2826 1123 2894 eluderet,
1141 2833 1170 2882 et
1190 2824 1341 2881 castitatem
1362 2820 1524 2877 clericorum
1546 2817 1671 2875 studiose
1693 2812 1797 2889 pradi-

139 2912 176 2973 ob
189 2914 317 2972 eamdem
336 2928 450 2972 causam
469 2915 600 2987 speciales
615 2913 722 2971 litteras
740 2913 851 2983 cudere,
866 2914 939 2971 bulla
994 2919 1110 2975 cendam
1119 2919 1280 2989 susciperet,
1305 2923 1332 2972 et
1350 2914 1466 2970 tirmiter
1486 2910 1635 2969 tenendam
1652 2908 1799 2986 episcopali

138 3016 232 3065 noema
247 3008 410 3081 impressas,
430 3008 565 3076 collibuit,
586 3022 703 3080 quarum
719 3006 807 3065 fultus
820 3008 940 3065 auctori·
995 3011 1128 3087 vigilantia
1141 3011 1300 3067 inculcaret.
1320 3011 1391 3065 llam
1416 3008 1455 3064 sic
1478 3023 1540 3064 eam
1559 3005 1642 3062 nobis
1659 3002 1797 3077 evangeli·

138 3109 197 3160 tate
209 3101 297 3161 tutius
309 3101 519 3175 animosiusque
541 3102 687 3174 praeceptis
709 3100 810 3157 nostris
830 3100 939 3157 obtem·
994 3120 1035 3163 cae
1046 3114 1073 3162 ct
1091 3104 1376 3176 apostolicaelitterae,
1392 3100 1611 3158 authenticarum
1626 3095 1798 3172 synodorum

137 3210 257 3268 peraret,
274 3202 304 3251 et
320 3193 355 3251 do
368 3195 525 3252 sanctuario
540 3194 658 3251 Domini
675 3194 864 3251 Simonitoum
878 3193 935 3252 hae·
950 3186 973 3250 C
990 3196 1476 3265 decresceteximiorumdoctorum
1490 3200 1625 3266 praecepto
1640 3190 1796 3257 insinuant,

138 3288 225 3347 resim
239 3296 267 3346 et
280 3286 387 3346 ioedam
402 3288 558 3347 libidinose
571 3287 743 3361 contagionis
758 3288 939 3360 pollutionem
994 3301 1025 3349 nt
1036 3307 1099 3348 eam
1113 3290 1287 3359 dissimulare
1310 3298 1337 3347 et
1348 3289 1485 3362 negligere
1496 3287 1552 3344 sinc
1572 3300 1676 3360 magno
1696 3284 1796 3343 animm

137 3382 297 3456 expelleres:
320 3383 481 3455 Apostolica
505 3396 626 3455 namque
643 3384 676 3438 B.
697 3382 776 3439 Pauli
799 3382 940 3455 praepollet
994 3395 1095 3444 nostre
1104 3394 1131 3442 et
1141 3382 1392 3458 populicbrlstiani
1401 3380 1566 3438 detrimento
1576 3393 1637 3436 non
1645 3378 1794 3453 possimm.

137 3477 298 3543 auctoritas,
311 3492 366 3549 qua
379 3474 564 3533 lomicatores
585 3483 614 3532 et
628 3475 768 3532 adulteros
782 3491 847 3532 cum
858 3485 940 3533 caete·
994 3479 1048 3538 sed
1062 3480 1208 3553 episeopus
1218 3486 1317 3544 uester,
1340 3484 1371 3533 ut
1384 3475 1463 3531 nobis
1475 3475 1593 3532 relatum
1605 3480 1660 3543 est,
1675 3488 1740 3545 pute
1748 3484 1795 3543 pt·

137 3570 177 3626 ris
200 3569 338 3627 sceleratis
356 3584 571 3636 connumerans,
597 3566 742 3625 diiflnitam
763 3584 820 3626 suae
836 3570 941 3643 jussio·
993 3582 1072 3631 terne
1086 3588 1270 3639 suaseramus,
1293 3570 1422 3643 perlicere
1435 3584 1491 3626 nou
1504 3567 1626 3625 curarit:
1643 3574 1672 3623 et
1685 3573 1720 3624 nt
1738 3578 1793 3623 non

139 3662 364 3719 nissententiam
390 3662 512 3735 subjicit,
532 3676 597 3718 cum
620 3660 756 3733 ejusmodi
775 3679 826 3719 nec
845 3663 941 3720 cibum
993 3668 1084 3725 solum
1106 3665 1308 3735 inobedientia,
1321 3678 1419 3721 uerum
1441 3663 1524 3719 etiam
1535 3660 1697 3718 rebellionis
1709 3658 1793 3717 olim

138 3768 247 3826 capere.
262 3755 400 3810 Praeterea
413 3754 556 3810 universus
582 3754 714 3811 Ecclesiae
728 3755 870 3814 catholice
881 3773 940 3815 coe·
994 3776 1053 3817 sam
1071 3759 1256 3826 contraheret,
1272 3756 1508 3831 quemadmodum
1522 3754 1689 3827 accepimus,
1706 3752 1793 3827 pelen

138 3854 194 3916 tus,
210 3853 257 3904 sut
271 3846 389 3919 virgines
412 3854 488 3918 sum,
512 3854 562 3902 aut
575 3847 760 3915 continentes,
785 3857 832 3905 aut
846 3851 941 3922 conju·
994 3854 1101 3911 clericis
1114 3851 1296 3927 snisjussioni
1315 3859 1433 3919 uostrm,
1445 3849 1502 3906 imo
1515 3846 1587 3905 beati
1601 3847 1689 3917 Petri,
1710 3844 1793 3904 omni·
1838 3876 1840 3881 ·

138 3954 201 4014 ges;
219 3939 374 4013 quicunque
389 3954 455 4013 crgo
476 3948 554 3997 extra
574 3939 626 3996 bos
643 3948 701 3997 tres
716 3940 827 3999 ordines
839 3943 940 4015 reperi·
994 3962 1032 4003 no
1046 3948 1183 4004 contraria
1196 3945 1337 4019 permisit3
1354 3944 1391 4000 ita
1409 3951 1441 4001 ut
1454 3942 1498 4015 qui
1508 3941 1683 3999 mulierculas
1695 3939 1795 3999 babue-
1817 3965 1840 3977 -

137 4041 194 4099 lut,
209 4031 369 4090 illitrfflflli
384 4032 525 4100 Eoelessioes
540 4032 596 4090 iile
609 4031 681 4090 inira
698 4033 865 4092 Christianis
879 4036 941 4092 reli·
994 4047 1066 4109 rant,
1082 4040 1230 4097 retinerent
1242 4045 1270 4096 et
1279 4039 1325 4111 qui
1337 4054 1394 4096 non
1415 4036 1564 4103 habebant,
1590 4033 1688 4092 illicita
1709 4042 1793 4091 ume-
1822 4058 1840 4069 -

139 4126 228 4199 monis
250 4125 354 4183 limites
372 4140 430 4182 non
442 4133 606 4182 numeratur
621 4144 629 4183 ε
642 4125 727 4196 uude,
743 4135 770 4184 et
783 4143 844 4196 nos,
864 4128 886 4186 si
897 4129 940 4187 vel
994 4135 1076 4190 ritate
1090 4130 1463 4204 subintroducerentlQuod,
1479 4137 1511 4185 nt
1523 4127 1694 4200 audivimus,
1705 4126 1793 4185 mole-
1818 4150 1840 4163 -

139 4226 297 4276 esbernum
309 4218 408 4275 laicum
422 4218 558 4291 pellicatui
568 4218 760 4278 adbaerentem
774 4220 875 4293 liquido
895 4238 940 4279 co-
993 4235 1036 4284 ste
1048 4225 1178 4296 ferentes,
1189 4226 1338 4284 secundam
1352 4225 1378 4282 ei
1396 4224 1558 4298 scripsimus
1572 4221 1733 4294 epistolam,
1752 4220 1794 4277 in·
1807 4241 1840 4257 ··

137 4312 323 4385 moverimus,
339 4310 498 4369 huncvelut
512 4311 655 4384 precisum
671 4314 853 4372 membmma
876 4332 937 4372 cor·
991 4319 1158 4393 dignationis
1177 4320 1201 4376 ei
1222 4328 1325 4377 nostrae
1346 4328 1441 4376 motus
1463 4313 1642 4376 ostendentes
1664 4323 1695 4373 et
1722 4314 1840 4373 idems

136 4420 204 4479 pore
223 4405 382 4473 Dominico,
396 4421 413 4462 a
425 4396 600 4464 sacramus
614 4407 717 4477 altaris,
738 4407 825 4465 donec
845 4410 937 4480 poeni-
990 4421 1158 4486 preceptum
1180 4414 1278 4471 iterato
1292 4413 1384 4470 acrius
1402 4412 1574 4469 inculcantes
1594 4426 1602 4464 :
1627 4416 1690 4466 tum
1710 4409 1840 4467 etiam

136 4507 202 4571 teat,
215 4514 360 4558 creemus:
375 4498 517 4572 quomodo
531 4514 598 4573 ergo
609 4510 770 4557 sanctorum
779 4517 935 4559 sacramen·
990 4507 1082 4579 ipsum
1096 4507 1131 4564 ad
1144 4508 1281 4579 synodum
1292 4510 1463 4575 Romanam,
1477 4520 1540 4579 quae
1555 4502 1646 4576 pn‘mr
1658 4503 1840 4577 proximas

138 4600 232 4650 torum
243 4593 403 4651 distributor
415 4592 457 4650 rel
473 4593 600 4650 minister
615 4608 674 4650 esse
694 4592 785 4663 debet,
800 4594 847 4668 qni
860 4594 934 4652 nulla
947 4586 974 4651 Ι)
989 4600 1211 4673 Quadragesimce
1223 4599 1397 4658 bebdomada
1416 4597 1509 4657 lutura
1519 4605 1571 4667 est,
1593 4596 1839 4655 advocavimufl

136 4684 243 4742 ratione
271 4694 362 4757 potest
375 4700 434 4743 esse
458 4685 500 4743 rel
524 4687 681 4760 particeps?
714 4687 769 4746 Sed
796 4687 842 4744 illa
865 4688 936 4745 beati
991 4703 1023 4750 ut
1037 4711 1086 4768 pro
1103 4710 1133 4753 ee
1150 4695 1284 4752 rationem
1301 4693 1409 4763 reddat,
1426 4701 1454 4750 et
1474 4691 1671 4749 inobedientis)
1684 4706 1839 4759 canu,

138 4792 216 4851 pspm
228 4778 395 4836 hmisnos
417 4779 526 4853 impulit
547 4781 705 4850 auctoritas,
718 4782 766 4855 qui
791 4781 936 4840 subdiaen·
990 4788 1012 4844 si
1025 4788 1196 4845 rationabiles
1212 4785 1348 4857 habuerit,
1368 4786 1398 4843 in
1421 4786 1590 4843 audientiam
1616 4784 1707 4843 totius
1728 4800 1836 4843 coo‘

137 4871 182 4929 nis
200 4870 314 4929 ineimdi
344 4871 465 4946 conjugii
491 4872 629 4930 licentiam
668 4890 781 4947 prorsus
812 4875 933 4933 abstulit.
991 4890 1087 4940 ventus
1102 4889 1232 4954 exponat.
1247 4882 1309 4938 Hoc
1331 4879 1403 4948 ideo,
1418 4879 1519 4937 fratres
1537 4876 1839 4948 cbarissimiaobi!

136 4963 219 5036 Quod
231 4963 372 5022 decretum
382 4965 412 5020 8.
422 4965 524 5022 Leonis
539 4966 703 5039 posteriores
716 4977 819 5026 sanem
832 4972 936 5027 ltome·
990 4975 1187 5033 innotescimus
1201 4983 1232 5033 ut
1247 4975 1349 5032 animm
1372 4982 1471 5031 vestrm
1489 4973 1571 5030 saluti
1593 4972 1801 5031 consulamus.

135 5072 183 5117 nm
203 5056 331 5115 lleelerise
358 5056 513 5131 pontifices,
547 5060 669 5117 maxime
697 5060 794 5119 doctor
819 5063 936 5121 eximius
990 5070 1020 5126 Si
1042 5068 1117 5126 enim
1146 5069 1227 5126 beato
1249 5071 1333 5126 Petro
1356 5075 1384 5124 et
1410 5076 1514 5125 sancus
1544 5063 1605 5122 sedi
1628 5064 1839 5138 apostolic&

135 5150 290 5225 Gregorius,
310 5149 346 5206 its
360 5165 412 5222 pro
434 5149 666 5224 legesanxemnt,
689 5162 722 5210 ut
743 5154 873 5228 deinceps
893 5156 935 5214 bis
988 5161 1079 5219 fronte
1105 5171 1197 5235 aperta
1211 5176 1367 5234 repugnans
1378 5170 1407 5219 et
1428 5169 1649 5219 contumacem
1662 5159 1839 5225 soluerit„

133 5242 275 5302 ordinibus
287 5243 484 5314 ecclesiasticis,
505 5244 704 5316 sacerdotibus,
725 5246 813 5306 levitis
827 5258 855 5307 et
867 5252 933 5309 sub·
988 5256 1093 5328 liquido
1115 5254 1292 5312 manifestum
1306 5264 1349 5313 est
1364 5255 1439 5328 quod
1460 5254 1507 5328 qai
1526 5258 1645 5309 matrem
1668 5252 1720 5311 vel
1746 5266 1839 5327 pr

134 5335 255 5395 &sons
271 5335 378 5393 vincula
400 5337 554 5411 conjugalia
568 5339 683 5397 omnino
708 5340 764 5399 sint
783 5342 931 5414 prohibita.
987 5357 1060 5405 trem
1073 5348 1237 5415 inhonorat,
1249 5350 1354 5405 nullum
1366 5364 1382 5405 a
1396 5346 1523 5406 fidelibus
1543 5344 1675 5418 petiiset
1694 5342 1839 5404 mabil

134 5430 208 5491 cnm
222 5436 317 5488 nutem
328 5429 388 5487 bmc
411 5432 504 5489 omnia
531 5432 581 5490 tibi
601 5433 789 5504 observanda,
805 5439 933 5510 pastorali
983 5441 1046 5514 jure
1064 5440 1251 5499 obedientiam
1265 5442 1375 5514 erigere
1389 5450 1438 5497 aut
1454 5454 1577 5513 querere
1589 5437 1704 5496 debeat.
1721 5438 1839 5499 tndiae

134 5520 302 5596 providentia
326 5525 595 5593 transmitteremus,
619 5535 659 5596 tn,
672 5542 730 5585 non
749 5544 859 5588 sumum
872 5547 933 5603 cor,
986 5550 1072 5608 gnum
1095 5543 1137 5592 est
1154 5536 1230 5595 enim
1257 5544 1288 5593 ut
1301 5536 1347 5608 qui
1362 5535 1496 5608 magistro
1505 5532 1640 5591 detrectat
1662 5532 1839 5601 subc-sa

132 5615 182 5676 ssd
211 5614 340 5675 deorsum
364 5617 480 5677 interra
502 5634 618 5691 ponens,
631 5620 770 5694 predictis
791 5626 933 5685 ordinibus
988 5628 1120 5701 magister
1137 5628 1308 5687 auditoribus
1324 5629 1444 5703 postulet
1462 5641 1587 5700 praeesse.
1611 5624 1838 5701 Quepropte(

132 5710 211 5769 bena
235 5709 355 5768 libidinis
388 5712 472 5779 (sicut
498 5713 663 5785 accepimus>
689 5714 799 5786 lmen,
834 5728 866 5777 ut
884 5721 932 5794 qni
987 5721 1125 5791 omnibus,
1139 5722 1211 5780 deut
1228 5723 1412 5795 praediximus,
1436 5720 1831 5794 majoribusrtguemlns‘

132 5803 296 5863 mulierculis
307 5804 515 5878 seiunxerunt,
527 5807 556 5865 in
567 5807 671 5883 flagitio
685 5810 877 5881 ponentem,
903 5823 931 5872 et
987 5813 1063 5873 ribus
1081 5818 1141 5873 Deo
1161 5825 1189 5873 et
1203 5817 1283 5874 beato
1298 5819 1379 5873 Petro
1399 5814 1614 5881 adraensem,
1635 5814 1830 5888 apostoli*
