3870 6164
85 299 118 350 ii
579 295 842 354 titubationem.
862 326 899 341 -
914 297 1005 354 ACTA
1023 297 1051 353 S.
1071 295 1244 352 Glthcottll.
1702 300 1737 355 88
1769 246 1773 251 Ι

84 416 264 489 exemplum,
275 425 305 474 et
313 417 429 490 populus
436 425 539 474 uncta
547 419 674 477 Ecclesiae
682 421 885 479 olimuoatrum
898 425 925 489 Α
938 420 1112 486 haereticum,
1132 421 1253 475 Romam
1272 417 1454 486 conductum,
1469 418 1525 490 (84)
1536 419 1657 491 bospitio
1666 435 1738 477 rece·

82 512 219 568 mulum
232 509 317 568 luisse
328 519 476 583 cognoscat
493 511 545 568 sub
557 518 637 571 tanto
650 514 754 587 talique
771 518 884 573 Pastore
941 516 994 587 pit,
1020 523 1048 571 et
1070 512 1164 586 praelia
1178 513 1275 581 multa,
1287 512 1359 569 illius
1375 512 1412 568 ob
1425 512 1609 584 adjutorium,
1620 513 1647 568 in
1668 513 1737 570 urbe

84 605 257 676 prolapsum.
278 603 412 661 indecens
432 604 507 662 enim
529 614 558 663 et
571 607 765 665 inconveniens
779 610 886 667 esseti-
939 607 1099 665 commisit:
1120 606 1162 663 cui
1183 606 1312 663 solatium
1331 621 1427 662 omnes
1447 605 1569 664 baeretici
1589 606 1740 663 Simoniaci

84 695 288 754 deturtrsdere
306 696 437 754 oblivioni
449 699 538 755 Patris
560 699 642 773 hujus
662 701 802 772 laborem,
819 718 885 760 cum
939 719 989 775 pro
1012 716 1091 774 posse
1114 699 1327 773 impendebant,
1342 707 1369 755 et
1387 715 1434 772 per
1446 701 1537 773 ipsum
1547 708 1671 757 sanctam
1686 703 1738 757 Ee·

89 791 173 848 edam
189 790 368 863 profanarum
387 807 530 849 causarum
554 795 688 850 memoria
703 811 786 867 penes
802 811 886 852 secu·
939 797 1052 852 clesiam
1066 793 1238 852 confundere
1252 792 1446 864 disponebant.
1467 793 1531 857 Sed,
1556 790 1738 850 haeresiarcha

92 884 222 955 larespro
239 882 410 940 fortitudinia
430 885 557 958 exemplo
578 885 637 943 flat.
662 889 752 960 liujus
774 887 886 961 quidem
939 888 1052 946 tandem
1073 888 1119 944 illo
1132 894 1242 943 mortuo
1262 885 1329 958 (83),
1353 885 1484 943 confusus
1508 886 1559 943 iste
1575 893 1686 958 pactum
1708 900 1740 943 se

90 978 243 1048 exemplum
264 976 394 1034 sitenaci
408 979 553 1035 memoriae
575 978 712 1050 tradatur,
734 980 766 1037 dt
785 990 887 1040 sanctre
940 999 1003 1039 cum
1019 982 1140 1038 Domino
1154 983 1224 1053 Papa
1240 977 1339 1048 facere,
1351 986 1379 1035 et
1391 977 1552 1035 fidelitatem
1572 979 1665 1051 jurare
1676 993 1739 1051 spo·

88 1070 215 1126 fecicum
226 1070 460 1143 supplementum,
476 1072 578 1129 Christi
599 1073 724 1132 fidelium
743 1090 886 1133 omamen-
940 1074 1047 1149 pondit.
1061 1072 1143 1147 Quod
1156 1072 1259 1130 etfacit
1273 1091 1279 1126 :
1292 1071 1340 1128 sed
1355 1086 1418 1144 quae
1436 1071 1505 1128 fides
1518 1071 1543 1128 ei
1559 1086 1617 1128 esse
1629 1072 1737 1145 potuit,

87 1171 158 1227 tum;
188 1173 217 1219 et
240 1164 269 1219 in
296 1164 439 1221 hereseon
477 1165 656 1237 profanarum
682 1168 775 1225 veniet
801 1168 887 1225 detri·
941 1171 983 1226 cui
1005 1169 1103 1225 veritas
1118 1182 1260 1239 nunquam
1281 1165 1412 1223 adhaesit?
1426 1164 1522 1222 Stabat
1540 1164 1662 1236 quidem,
1678 1180 1738 1238 pro

87 1265 224 1313 mentum.
237 1257 311 1314 Hinc
320 1258 395 1314 enim
402 1259 544 1331 justorum
556 1261 677 1333 (pugnae)
687 1261 790 1318 iterum
798 1262 887 1334 prima
942 1273 1003 1336 pter
1011 1261 1116 1319 summi
1130 1258 1287 1317 Sacerdotis
1301 1258 1500 1331 potentiamut
1514 1257 1607 1330 praedo
1616 1258 1715 1330 ligatus
1729 1276 1736 1314 :

87 1365 229 1423 sumpsere
254 1351 387 1423 principia
407 1371 413 1408 :
435 1351 502 1409 hinc
523 1354 712 1412 Ecclesiastica
726 1354 841 1412 victoria
860 1365 889 1414 et
942 1355 990 1413 sed
1019 1371 1086 1428 quas
1110 1361 1221 1426 poterat
1238 1351 1348 1410 fraudes
1366 1353 1459 1408 animo
1477 1361 1556 1407 tenus
1584 1355 1740 1423 perpetrare

88 1453 229 1517 perpetuae
243 1443 379 1502 felicitatis
394 1445 602 1519 quodammodo
616 1448 888 1521 perhliumheredi-
942 1466 996 1507 aon
1008 1447 1152 1506 desinebat
1172 1455 1305 1503 tartareus
1319 1446 1420 1502 haeres.
1441 1442 1595 1517 Siquando
1613 1458 1677 1499 eum
1700 1459 1741 1500 ve

87 1546 129 1593 ill
142 1542 343 1611 (propagatur).
942 1541 1072 1600 nerabilis
1099 1545 1179 1599 Pater
1204 1540 1354 1614 Gregorius
1374 1548 1435 1595 uta
1455 1538 1555 1594 talibus
1570 1536 1670 1609 pedem
1693 1551 1738 1593 re·

124 1636 171 1688 4ο.
189 1631 250 1688 Fuit
258 1630 351 1704 itaque
358 1631 470 1703 quidam
484 1633 525 1690 sir
536 1633 565 1690 in
577 1635 667 1706 Urbe,
681 1635 843 1707 perditionis
855 1636 888 1692 fl·
943 1636 1065 1693 traheret
1084 1634 1257 1700 hortabatur,
1276 1633 1303 1688 in
1325 1633 1403 1705 peius
1416 1629 1538 1704 quotidie
1552 1645 1634 1687 suum
1649 1644 1740 1686 serre·

89 1725 154 1790 lius,
170 1725 299 1781 omnium
314 1725 460 1782 hominum
471 1728 699 1786 sceleratissimus
709 1736 737 1785 et
752 1729 889 1802 iniquissi·
943 1730 990 1787 bat
1019 1735 1134 1802 pectus:
1155 1728 1249 1799 sicque
1271 1725 1373 1782 factum
1401 1732 1443 1780 est
1467 1733 1500 1781 ut
1526 1723 1555 1778 in
1575 1723 1633 1795 ipsa
1657 1721 1740 1791 turri,

88 1817 255 1891 mus3cujus
271 1817 387 1891 quidem
398 1822 534 1878 memoria
555 1837 647 1879 aerem
664 1824 752 1895 ipsum
762 1838 885 1879 comma·
905 1782 1025 1896 Bquam
1049 1823 1128 1879 mirae
1151 1818 1345 1893 magnitudinis
1364 1833 1447 1888 supra
1470 1825 1580 1888 pontem
1606 1817 1633 1871 S.
1664 1814 1738 1871 Petri

88 1911 233 1968 culatlcui
249 1927 299 1983 pro
313 1911 456 1969 dulcedine
467 1914 595 1987 perjuria,
616 1915 739 1988 fallaciae,
756 1917 887 1986 luxuriae,
940 1923 1138 1984 eonstmxerat,
1150 1913 1223 1970 viros
1232 1911 1342 1970 sicarios
1354 1919 1482 1984 poneret;
1493 1908 1596 1982 qui,ab
1606 1907 1739 1965 omnibus

88 2004 213 2076 traditio,
234 2005 395 2074 homicidia,
417 2006 645 2088 machinationes,
670 2009 885 2079 susurrationes,
941 2009 1141 2067 introeuntibus
1155 2005 1379 2072 etereuntibus,
1402 2019 1433 2060 es
1448 2003 1530 2059 rebus
1545 2016 1607 2074 quse
1620 1999 1741 2057 fereban-

87 2098 313 2170 eonspiratioues,
338 2097 458 2169 fraudes,
486 2100 673 2174 deceptiones,
698 2102 888 2160 conventicula
941 2111 987 2160 tur
1002 2102 1123 2175 predam
1138 2108 1274 2174 caperent.

88 2191 213 2259 fuerant3
228 2198 258 2247 et
280 2190 412 2264 quidquid
434 2193 529 2251 virtuti
551 2209 611 2252 esse
628 2195 886 2267 potestinimicum,
977 2197 1035 2254 40&
1050 2197 1110 2268 Qua
1124 2194 1160 2252 de
1182 2208 1265 2251 causa
1283 2190 1436 2251 Praefectus
1445 2189 1543 2258 Urbis,
1557 2189 1664 2246 Cincius
1686 2187 1740 2259 (38)

86 2284 137 2342 sibi
151 2300 204 2357 per
221 2284 315 2341 omnia
329 2284 432 2353 (licere)
446 2285 588 2356 credebat;
605 2296 684 2360 peter
700 2288 794 2345 furum
808 2297 888 2346 etso-
942 2289 1063 2359 nomine,
1078 2289 1120 2344 vir
1144 2288 1237 2359 utique
1253 2285 1386 2359 pmdens,
1406 2300 1486 2341 carus
1501 2287 1560 2341 Deo
1578 2291 1608 2339 et
1622 2281 1741 2339 homini-

85 2379 146 2435 cius
160 2378 357 2451 perjuriorum,
373 2378 485 2452 clypeus
502 2378 604 2438 fallacis
620 2391 648 2439 et
670 2381 747 2439 hasta
771 2382 887 2452 moechi,
942 2384 993 2440 hus
1007 2383 1133 2456 (quinon
1153 2389 1185 2438 ut
1202 2381 1300 2448 laicus,
1315 2379 1365 2436 sed
1379 2377 1463 2435 veluti
1488 2376 1576 2433 fidelis
1590 2374 1742 2432 monachus
1824 2422 1829 2440 ,

85 2473 162 2546 galea
175 2470 381 2527 homicidamm
393 2479 422 2528 et
435 2481 545 2530 scutum
560 2474 725 2543 traditionis,
740 2485 889 2547 tegumen-
944 2482 1003 2534 Deo
1017 2476 1139 2533 serviens
1152 2474 1286 2546 justitiam
1309 2471 1453 2530 excolebat
1474 2471 1502 2527 in
1515 2468 1664 2538 omuibus),
1680 2482 1742 2540 qua

85 2574 147 2622 tum
166 2563 390 2633 machinationis,
414 2562 507 2622 cu'stos
530 2568 736 2634 susurrationis,
764 2568 891 2626 anxietas
944 2570 1009 2627 dam
1023 2568 1068 2626 die
1082 2585 1144 2625 eum
1160 2569 1243 2640 cepit,
1258 2577 1286 2624 et
1304 2567 1332 2623 in
1346 2566 1462 2623 carceris
1475 2564 1661 2637 squalloribus
1675 2570 1741 2618 tan·

85 2657 313 2732 conspirationis,
327 2658 457 2715 coloratio
479 2657 596 2730 fraudis,
612 2662 738 2735 ususque
752 2661 890 2735 deceptio·
944 2672 1005 2720 tum
1020 2664 1166 2728 latronem,
1182 2669 1213 2717 ut
1230 2660 1343 2733 dignum
1364 2659 1463 2727 fuerat,
1482 2656 1603 2714 tradidit.
1619 2653 1744 2712 Tandem

85 2755 139 2819 nis,
148 2759 180 2808 et
198 2759 293 2823 crypta
307 2751 389 2807 malae
409 2754 600 2827 conventionis
616 2773 623 2811 ε
642 2754 677 2812 ad
696 2755 776 2828 cujus
792 2753 890 2813 confu·
944 2758 1097 2813 interventu
1110 2753 1294 2828 quorumdam
1308 2752 1451 2810 Nobilium
1465 2756 1669 2815 Romanorum,
1685 2759 1744 2819 per

87 2848 164 2918 glum
180 2845 272 2901 omnis
285 2843 433 2901 baereticus
448 2847 595 2920 omnisque
610 2848 740 2904 scelestus
761 2864 890 2921 propera·
945 2848 1074 2905 mittente
1082 2847 1134 2903 hoo
1149 2845 1299 2902 clementia
1312 2844 1424 2901 Domini
1435 2847 1526 2916 Papae,
1536 2842 1651 2914 peractis
1661 2832 1744 2912 supr'a

90 2941 174 2996 bant:
189 2939 270 3012 cujus
286 2939 328 2997 ala
344 2939 454 2996 velabat
474 2940 615 3008 scandata,
631 2939 683 2997 sub
696 2940 777 3013 cujus
792 2940 890 2998 umbra
943 2939 1030 2998 sancti
1044 2939 1119 2996 Petri
1142 2953 1243 3010 corpus
1263 2936 1442 2993 sacramentis
1462 2950 1520 2991 suae
1534 2932 1743 2999 meliorationis,

90 3032 243 3090 leviathan
254 3033 313 3108 ipse
326 3043 467 3092 mrtaosus
481 3033 592 3090 coluber
603 3033 720 3090 dulciter
734 3042 763 3091 et
772 3035 891 3091 suaviter
944 3035 1068 3105 datisque
1078 3031 1219 3089 obsidibus
1242 3038 1270 3086 et
1285 3028 1392 3086 reddita
1405 3027 1476 3085 turri
1490 3026 1525 3085 de
1539 3042 1593 3100 qua
1618 3023 1743 3081 confide·

89 3128 262 3200 quiescebat.
274 3127 326 3198 Qui
339 3128 374 3185 ad
388 3137 570 3201 augmentum
582 3127 649 3184 tanti
664 3127 824 3185 commercii
835 3137 891 3185 tur-
908 3147 930 3212 e
946 3128 1001 3195 hat,
1022 3126 1151 3184 dimissus
1161 3133 1214 3181 est.
1233 3126 1313 3181 Tunc
1332 3122 1423 3180 allatis
1438 3121 1579 3189 arietibus,
1595 3127 1624 3176 et
1644 3117 1748 3175 machi·

89 3236 133 3277 ses
146 3222 325 3293 quamplures
338 3223 368 3277 in
376 3221 454 3277 Urbe
461 3228 669 3289 constratorum
679 3229 717 3290 et,
730 3221 893 3294 posthabitis
947 3221 1000 3290 nis,
1012 3219 1163 3291 ferreisque
1178 3217 1300 3283 malleis,
1327 3215 1454 3273 funditus
1477 3223 1520 3272 est
1536 3227 1640 3282 eversa,
1659 3220 1687 3268 et
1705 3211 1746 3267 sic

89 3322 150 3370 tam
174 3315 225 3370 Dei
241 3330 324 3386 quam
343 3314 464 3371 hominis
482 3313 641 3382 inimicitiis,
669 3314 802 3387 quidquid
827 3323 891 3372 ante
947 3314 1022 3372 Urbs
1056 3311 1250 3384 aliquantisper
1270 3310 1389 3381 quievit,
1412 3317 1441 3364 et
1466 3308 1625 3380 iniquorum
1651 3305 1745 3373 factio,

91 3423 150 3465 sure
165 3422 301 3480 perverse
319 3408 420 3464 mentis
443 3408 539 3464 oculos
552 3406 679 3464 incentor
693 3407 813 3477 malitiae,
834 3406 892 3464 dia·
947 3409 1045 3465 timore
1058 3420 1161 3476 magno
1187 3417 1334 3470 concussa,
1354 3401 1493 3458 conticuit.
1508 3398 1562 3455 Sed
1576 3398 1641 3470 quid
1662 3399 1746 3454 miser

89 3501 173 3557 bolus
187 3499 333 3566 videlicet,
346 3500 510 3571 adduxerat,
528 3516 658 3574 peragere
668 3501 814 3574 satagebat.
834 3504 891 3558 Le·
947 3501 1068 3557 faceret?
1091 3499 1240 3569 Quousque
1269 3494 1368 3567 potuit,
1391 3494 1510 3565 iniquos,
1527 3491 1589 3547 licet
1601 3492 1682 3561 longe
1698 3503 1748 3562 po·

92 3596 136 3650 ria
151 3594 264 3666 quidem
277 3594 370 3651 sibiet
385 3594 639 3663 dulciaverba,sed
654 3595 682 3650 in
697 3594 752 3650 line
763 3594 893 3666 jaculaet
947 3595 1026 3661 sitos,
1049 3600 1180 3664 temper
1207 3604 1237 3645 se
1259 3604 1342 3661 quam
1373 3602 1421 3659 per
1441 3601 1506 3643 suos
1530 3583 1644 3640 nuntios
1668 3583 1745 3640 adiit.

93 3687 274 3760 absynthium
301 3685 433 3745 fuerant:
462 3687 510 3761 qui
529 3687 564 3745 ad
594 3689 636 3744 sui
677 3686 892 3745 destructionem
947 3685 1144 3760 lpselustravit
1163 3683 1304 3755 Apuliam,
1326 3680 1488 3744 Lucaniam,
1503 3683 1608 3735 Ducem
1622 3678 1747 3735 Guisoar·

93 3780 247 3852 quemdam
256 3796 337 3838 suum
346 3789 517 3853 compatrem
527 3780 627 3838 occidit
640 3800 646 3837 :
658 3780 685 3837 in
694 3782 893 3854 cujusdomum
948 3780 1018 3838 dum
1031 3779 1086 3852 (37)
1097 3788 1125 3835 et
1133 3774 1498 3834 ceterosescommunicatos
1505 3773 1617 3830 visitans
1626 3770 1748 3840 ,statuit-

93 3889 128 3930 re
142 3873 266 3931 nondum
280 3876 358 3946 plene
370 3876 489 3948 cognita,
505 3876 635 3947 perrupit,
648 3890 732 3947 quam
749 3875 832 3931 etiam
847 3873 894 3932 de·
948 3890 1002 3947 que
1012 3871 1150 3945 cumipsis
1157 3881 1266 3943 tempus
1283 3865 1631 3942 opportunum,quomodo
1647 3863 1746 3921 Domi·

95 3968 199 4023 struxit
215 3977 386 4040 :esperacto
401 3969 608 4038 tantosscelere,
623 3968 652 4024 in
669 3967 779 4037 turrim,
800 3984 893 4040 quam,
948 3984 1016 4024 num
1027 3971 1129 4039 Papam
1151 3973 1263 4037 caperet
1279 3961 1474 4020 etoccideret:
1492 3960 1745 4017 dliumserosuum

96 4062 206 4117 visente
228 4071 306 4134 patre
328 4077 380 4118 suo
403 4061 541 4134 Stephano
563 4061 648 4119 Urbis
668 4059 810 4129 Praefecto,
830 4077 895 4118 con·
949 4061 983 4117 ad
1005 4059 1170 4118 Guibertum
1186 4056 1346 4115 haereticum
1365 4059 1555 4111 Ravennatem
1570 4058 1625 4121 (38)
1638 4051 1745 4117 direxit,
1845 4112 1883 4127 Β,

95 4162 253 4223 struxerat,
278 4170 309 4212 se
322 4156 433 4227 recepit.
451 4156 506 4227 (83)
522 4154 566 4212 Ad
580 4155 659 4227 cujus
682 4152 787 4210 facinus
808 4153 896 4211 vindi·
950 4153 1022 4211 idem
1034 4161 1147 4224 pactum
1155 4150 1374 4223 compositurum
1386 4167 1394 4204 ε
1407 4147 1503 4221 sicque
1510 4150 1656 4219 aellegem
1664 4144 1747 4202 etiam

96 4246 219 4304 candum
232 4248 274 4304 vir
296 4249 346 4305 Dei
360 4262 503 4318 accensus,
519 4263 573 4304 una
593 4264 658 4305 cum
678 4245 769 4304 adhuc
787 4247 895 4304 virente
949 4262 1007 4304 suae
1021 4245 1132 4302 fallaciae
1145 4243 1293 4301 destinarit
1305 4243 1419 4310 litteras,
1439 4240 1602 4313 promittens
1616 4237 1747 4295 eumdem

97 4343 172 4412 Papa
185 4340 354 4409 Alexandro,
377 4341 575 4399 maledictionis
593 4350 621 4398 et
634 4341 815 4398 anathematis
831 4357 894 4398 eum
947 4343 1059 4397 Patrem
1080 4338 1154 4411 regio
1169 4336 1326 4409 conspectui
1346 4333 1611 4406 repraesentandum.
1625 4331 1746 4401 Compo-

97 4434 213 4491 rinculis
233 4434 361 4508 alligavit.
376 4436 435 4504 lile,
451 4434 744 4508 adaugmentumsuae
753 4433 895 4492 confusio·
949 4434 1008 4490 sitis
1030 4432 1122 4504 itaque
1149 4429 1309 4503 huiusmodi
1344 4426 1541 4493 molitionibus,
1574 4424 1609 4481 ad
1636 4430 1748 4495 tempus

98 4527 152 4595 nis,
174 4543 239 4584 cum
262 4529 425 4601 quibusdam
453 4544 523 4600 quos
546 4529 598 4585 sibi
622 4531 761 4598 asciverat,
783 4529 896 4586 Nicolao
910 4525 936 4588 b
950 4526 1071 4599 quievit;
1112 4532 1261 4597 expectans
1299 4521 1431 4577 nimirum
1455 4517 1691 4593 opportunitatem
1717 4524 1749 4572 ut

98 4621 225 4677 videlicet
238 4629 266 4677 et
284 4621 459 4692 berthramo,
468 4621 504 4679 ad
516 4622 677 4694 perditionis
688 4621 783 4693 lilium,
798 4623 898 4679 scilicet
930 4648 935 4653 ·
952 4636 1016 4678 eum
1025 4628 1145 4693 caperet,
1162 4626 1189 4674 et
1197 4618 1352 4689 iniquorum
1367 4614 1467 4687 populo
1481 4613 1516 4671 ad
1531 4609 1689 4668 necandum
1697 4618 1748 4667 tra·

98 4715 251 4771 Henricum
265 4717 370 4786 Regem
385 4715 562 4789 properatim
577 4725 615 4785 et,
630 4716 834 4773 communicato
844 4732 900 4772 ma·
952 4712 1041 4770 deret.
1065 4711 1120 4769 sed
1133 4710 1271 4768 Dominus
1299 4707 1483 4779 omnipotens,
1498 4706 1544 4779 qui
1559 4703 1686 4774 captione
1699 4718 1749 4759 sua

96 4808 319 4881 gnaeimpietatis
333 4809 455 4880 consilio,
466 4808 619 4866 Cudaloum
634 4812 809 4866 Parmensem
825 4815 897 4880 (38);
953 4806 1086 4862 mundum
1110 4804 1229 4860 liberans
1242 4801 1383 4860 diabolum
1397 4800 1554 4873 captivavit,
1570 4798 1658 4855 Patris
1670 4797 1749 4854 istius

132 4986 190 5048 (33)
205 4983 236 5037 ln
247 4980 413 5038 Gestisblss.
426 4981 590 5038 Pontificum
601 4981 734 5053 usquead
749 4982 899 5038 Martiuum
989 4987 1042 5048 (35)
1054 4978 1160 5037 lbidem
1170 4994 1248 5035 num.
1265 4983 1309 5033 38.
1326 4976 1400 5033 idem
1409 4976 1536 5032 Nicotaus
1550 4970 1749 5044 aragonensis:

98 5055 203 5126 Papam
225 5053 261 5109 V.
285 5050 421 5121 deductis,
446 5053 597 5124 appellatur
617 5054 724 5111 Cottius
744 5054 897 5123 steplcnm
953 5056 1025 5111 idem
1048 5069 1152 5124 quoque
1165 5051 1294 5110 cadelous
1305 5053 1367 5120 post
1379 5047 1544 5119 poueosdies
1556 5062 1590 5102 ea
1602 5046 1698 5102 divino
1710 5044 1751 5114 itt·

96 5122 898 5194 Bertholdonacitss.llomenbievidetursilentiotectum,
952 5126 1175 5195 diciopeesimam
1202 5127 1312 5178 mortem
1328 5122 1453 5175 intumit.

100 5204 209 5266 propter
225 5191 371 5259 familiam,
387 5204 415 5250 et
437 5195 560 5250 Cincium
575 5195 738 5252 Praefectum
758 5195 843 5252 Urbis
862 5196 898 5251 vi·
991 5196 1045 5268 (36)
1061 5197 1189 5253 cinthius
1211 5196 1246 5248 D.
1263 5194 1343 5248 Petro
1359 5191 1506 5258 Damiano,
1518 5188 1563 5261 qui
1577 5188 1655 5244 libe
1671 5185 1750 5258 epist.

100 5282 164 5321 rum
178 5266 394 5332 sanctissimum,
405 5267 444 5320 uti
458 5266 527 5321 infra
539 5268 651 5338 patebit.
957 5273 980 5322 t.
995 5276 1022 5323 et
1036 5274 1064 5322 3.
1080 5283 1142 5321 eum
1153 5264 1256 5321 laudat.

140 5342 194 5402 (33)
218 5337 354 5395 Gadanus
375 5339 399 5392 Ε
420 5337 527 5408 iscopus
550 5337 715 5403 Parmensis,
730 5353 803 5394 noso
831 5338 899 5394 sciti·
989 5343 1046 5405 (37)
1063 5339 1194 5396 bobertus
1220 5334 1387 5395 Guiseordus
1401 5334 1648 5391 Not-tbmommrum
1670 5333 1750 5394 Dux,

97 5416 188 5463 amate
196 5407 314 5464 formato
327 5353 504 5480 Pseugopapa
511 5410 678 5464 constitutus
692 5416 744 5475 est,
756 5418 898 5482 assumpto
954 5408 1213 5465 excommunicatus
1231 5406 1308 5463 iuita
1323 5405 1351 5461 S.
1366 5405 1499 5476 Gregorio
1512 5419 1583 5459 anno
1609 5408 1688 5484 told,
1703 5398 1752 5482 sed

97 5479 218 5535 Honorii
229 5480 404 5546 ll,nomine,
417 5483 462 5533 38.
480 5480 607 5536 Octobris
617 5495 690 5535 anno
704 5484 782 5535 tuot.
953 5480 1083 5536 Ecclesiae
1096 5479 1225 5536 obediens
1244 5493 1316 5534 atino
1339 5481 1415 5532 1080.
1432 5475 1595 5530 absolutus:
1614 5482 1652 5528 uts
1675 5471 1754 5542 plurr-

136 5553 193 5618 (34)
207 5554 238 5606 ln
256 5550 348 5607 Gestis
365 5554 558 5606 Romanorum
575 5550 739 5606 Pontificum
755 5567 769 5605 a
783 5549 898 5608 Nicolao
954 5553 1008 5609 bus
1022 5550 1134 5608 deducit
1149 5551 1289 5615 Batonius,
1306 5547 1341 5604 ad
1363 5548 1451 5603 dictos
1465 5561 1564 5601 annos.

95 5621 272 5694 Aragotsensi
289 5622 409 5679 collectis
423 5623 654 5694 apudBarouium
669 5638 712 5676 an.
728 5629 898 5679 iubenum.
989 5628 1045 5691 (38)
1080 5623 1223 5680 dedalus
1250 5621 1478 5689 archiepiscopus
1517 5614 1753 5674 Rauenaaoencis,

97 5702 145 5750 34.
162 5694 285 5761 Ceresius,
298 5694 423 5761 Proefecti
438 5696 521 5765 filius,
537 5696 580 5747 air
598 5710 711 5764 aequom
722 5695 895 5766 elperst'mus,
954 5696 1198 5766 posteallutipapa,
1212 5695 1241 5750 S.
1255 5689 1390 5764 Gregorio
1405 5705 1462 5745 sem
1485 5704 1515 5743 cr
1525 5684 1648 5750 infestus,
1660 5680 1755 5737 adver-

95 5766 186 5823 eidem
203 5763 322 5822 cadotoo
333 5766 432 5833 tssfilll,¹
457 5780 570 5835 eumque
585 5766 613 5818 ist
625 5766 732 5820 castello
745 5768 774 5823 S.
798 5765 899 5836 Angeia·
953 5766 1039 5823 sartos
1060 5765 1138 5836 fovit,
1151 5773 1178 5821 et
1187 5763 1442 5822 excommunicatus
1467 5759 1516 5814 uit.

95 5838 244 5908 reeptms,
252 5835 439 5907 irremissa
454 5839 510 5912 ipsi
526 5840 555 5892 ef
564 5835 744 5903 desmaiossem
752 5837 895 5910 praesuiis.
1075 5882 1080 5919 Ι
