3870 6164
129 196 204 277 vin
356 202 359 207 '
458 222 461 232 ·
657 190 705 274 an
722 190 838 277 oram
856 220 885 277 s.
904 212 1064 277 onsoomr
1081 184 1321 275 larnartutotts.¹
1607 210 1650 235 ··
1753 218 1796 275 ua

153 341 199 400 Ad
210 341 379 416 cajusfunus
398 340 501 399 Trinus
512 342 647 417 rogitattu
661 351 689 400 et
707 347 800 414 Unus,
964 347 992 413 Α
1041 344 1119 401 Clam
1139 340 1225 401 fuisse
1240 330 1297 400 scio
1310 349 1386 416 gesta
1398 339 1545 400 Bonifacii.

156 436 197 494 Ut
208 436 259 493 sihi
278 444 392 509 peccata
403 434 491 495 donet
504 437 683 511 requiemque
705 438 826 497 beatam.
1003 437 1134 512 Quisquis
1148 445 1224 494 amat
1237 438 1339 495 mtilos
1350 437 1467 494 retinere
1478 435 1614 493 decenter
1623 434 1752 503 honam,

156 531 247 604 Hujus
260 536 333 601 (518)
346 526 380 588 ad
393 534 535 605 exsequias
552 542 617 590 sunt
631 534 741 607 agmina
760 542 853 592 sancta
866 533 951 608 petita
1039 535 1126 589 Actus
1143 532 1202 605 ejus
1222 540 1307 602 amet,
1331 540 1430 589 noscat
1445 546 1492 588 eos
1514 531 1630 588 rutilos.

154 627 296 697 Quatenus
304 627 332 682 in
344 626 447 684 coelum
458 635 599 700 praestent,
612 627 686 701 quod
700 628 740 685 eis
752 629 874 686 societur
888 648 896 686 ε
1004 626 1118 699 Ingenio
1137 626 1224 699 viguit
1242 642 1325 683 sensu
1341 625 1438 682 similis
1451 624 1587 695 Danielis,

153 718 318 776 Pontificum
335 728 434 792 coetus,
447 737 481 779 es
507 723 585 778 omni
606 729 750 779 stemmate
772 723 861 780 clerus
1039 722 1116 776 Dum
1140 735 1208 791 puer
1222 721 1281 791 ipse
1303 718 1365 788 fuit,
1379 719 1490 793 ingenio
1502 719 1601 793 viguit.

153 812 250 870 satuit
260 811 296 871 ad
307 823 418 873 tantum
438 823 506 872 tunc
525 815 656 874 athletam
670 815 878 874 tumulandum.
1005 814 1126 871 Pulcher
1143 823 1171 871 et
1184 815 1310 887 egregius
1320 814 1459 886 speciosus
1473 821 1591 886 eratque
1605 812 1734 881 decorus,

156 906 288 981 Egregius
308 909 392 967 frater
414 924 537 981 sumens,
562 909 709 982 fratrisque
730 910 846 969 cadaver
1040 906 1173 965 Providus
1187 916 1219 964 ut
1238 906 1352 980 loseph,
1367 907 1481 980 pulcher
1504 909 1686 982 etegregius.

153 1002 261 1059 Detulit
271 1002 307 1059 ad
316 1011 409 1061 tntum
425 1011 545 1076 patrum,
557 1013 711 1062 matrumve
720 1006 886 1077 sepulcrum,
1004 1003 1103 1059 Factus
1116 1009 1148 1058 ut
1158 1009 1201 1059 est
1209 1001 1328 1076 juvenis,
1339 1003 1440 1059 memit
1453 1009 1635 1075 statuamque
1647 1002 1735 1059 Saulis

153 1094 263 1152 Scilicet
273 1094 310 1152 ad
323 1097 460 1169 templum
474 1097 642 1155 &nannum
659 1097 861 1155 reverendum:
1040 1099 1173 1168 Prospere
1187 1104 1285 1153 cuncta
1299 1096 1380 1168 regit,
1395 1093 1484 1152 factus
1496 1103 1528 1153 ut
1542 1104 1586 1152 est
1594 1095 1716 1169 juvens.

153 1190 311 1247 lanumerae
325 1197 420 1263 gentes
441 1206 536 1248 secum
551 1190 585 1249 de
604 1191 688 1249 fratre
701 1189 827 1249 dolentes
1004 1191 1035 1246 ln
1049 1190 1145 1247 cuneis
1158 1190 1283 1264 equitans
1294 1189 1411 1248 humero
1427 1189 1492 1248 Saul
1515 1192 1634 1259 eminet,
1652 1191 1717 1263 ipsis

153 1282 339 1351 Concurrunt,
354 1298 434 1340 voces
443 1282 477 1342 de
490 1284 537 1341 tali
548 1285 669 1358 dantque
684 1285 797 1343 barone.
1039 1284 1093 1340 Hic
1106 1298 1216 1358 quoque
1231 1285 1321 1358 major
1334 1292 1395 1341 erat
1406 1284 1437 1340 in
1450 1284 1547 1341 cuneis
1560 1285 1697 1358 equitans.

1002 1376 1114 1434 Viribus
1126 1393 1188 1434 acer
1206 1386 1265 1435 erat
1276 1378 1366 1437 Goliae
1381 1378 1455 1435 velut
1468 1376 1512 1435 ille
1530 1387 1703 1452 peremptor,

152 1469 270 1542 Spiritus
283 1486 298 1526 a
316 1470 403 1543 poenis
419 1469 488 1528 liber
501 1479 584 1544 queat
595 1480 626 1528 ut
641 1470 701 1530 fore
716 1473 806 1541 tetris,
1039 1472 1093 1543 Qui
1106 1471 1197 1541 labiis,
1212 1473 1350 1541 manibus,
1366 1472 1469 1530 uiribus
1487 1488 1551 1529 acer
1571 1481 1645 1530 erat.

152 1563 247 1620 Donat
256 1563 403 1636 Apollonio
419 1573 513 1623 sancto
525 1567 680 1624 Germanus
700 1568 727 1623 in
741 1567 787 1625 illo
1001 1567 1165 1622 Innumeras
1177 1565 1413 1638 habuitsapientis
1424 1581 1490 1639 opes
1504 1566 1680 1638 Salomonis,

151 1659 287 1729 Tempore
301 1656 473 1717 fructiferam
485 1669 592 1718 curtem
615 1662 755 1734 cagnaula
767 1670 892 1721 vocatam
1037 1662 1109 1717 liam
1123 1660 1219 1717 mundi
1239 1675 1355 1733 pompas
1368 1661 1529 1718 innumeras
1544 1659 1663 1732 hahuit3

74 1774 77 1779 ·
152 1751 226 1808 Anni
245 1750 353 1809 terdeni
370 1753 526 1810 tucherhi
541 1755 614 1811 mille
628 1755 723 1812 sereni.
962 1734 1057 1811 Blies
1070 1754 1121 1810 sibi
1133 1755 1206 1811 nulla
1225 1753 1302 1812 deest
1314 1755 1557 1828 terrae,pontiqne,
1573 1755 1697 1829 polique,

455 1858 576 1915 CAPUT
583 1859 644 1914 vn,
946 1885 949 1891 -
1038 1849 1072 1904 Se
1092 1849 1232 1921 sapienter
1243 1864 1340 1922 agens,
1354 1865 1399 1906 res
1413 1848 1466 1906 sibi
1480 1849 1555 1905 nulla
1570 1848 1662 1920 deest,

186 1946 255 2015 Quot
275 1949 442 2006 marchiones
467 1952 568 2021 sepulti
587 1955 652 2007 sant
664 1952 740 2023 apud
753 1951 909 2009 Caucasum.
1001 1941 1107 2000 Nobilis
1121 1942 1166 1999 hie
1177 1942 1271 2000 didicit
1279 1943 1340 2016 plus
1353 1943 1459 2000 888888
1470 1942 1583 2014 dapsilis
1602 1959 1680 2013 me,

148 2041 247 2097 Laudo
261 2043 381 2099 Canossa
395 2045 497 2112 Deum,
513 2044 583 2100 mihi
598 2044 643 2116 qul
656 2045 791 2102 concessit
803 2062 946 2104 amoenum
1039 2036 1146 2110 [8ῐείῐί
1167 2037 1254 2093 valide
1267 2036 1368 2095 n0bili8
1382 2037 1425 2094 hic
1440 2037 1549 2094 didicit·

149 2131 272 2205 Tempus
282 2132 384 2191 hahere
396 2135 476 2192 bonis
492 2153 556 2193 cnm
574 2137 740 2211 principibus
760 2140 910 2212 generosis,
1002 2130 1092 2187 Prisca
1105 2129 1206 2203 Sibylla
1221 2131 1410 2205 0888888818,
1425 2131 1469 2188 ⁰115
1482 2130 1569 2188 m0d⁰
1583 2130 1691 2189 credite
1701 2128 1784 2197 mii·

149 2227 228 2298 Quos
242 2224 327 2285 habui
337 2229 412 2285 vivos
425 2229 519 2286 dulces
531 2230 660 2287 dominos
674 2234 828 2302 etamicos,
1037 2225 1142 2293 Slfib⁰s
1155 2224 1231 2297 11⁰⁰(l
1244 2240 1278 2282 0¹
1288 2225 1341 2282 isto
1359 2227 1447 2297 prisca
1461 2224 1565 2299 Sibylla
1579 2227 1668 2282 ⁰³¹¹st

148 2318 301 2377 Defunctos
314 2330 429 2379 cunctos
451 2324 540 2381 merui
552 2326 839 2400 tumulareseputcr03
1002 2321 1070 2376 Esse
1088 2319 1292 2393 Burinciuium
1311 2319 1389 2377 ducis
1402 2320 1469 2377 insit
1486 2320 1562 2391 (585)
1575 2319 1697 2379 namuh
1708 2318 1784 2393 huius.

147 2413 443 2488 indemeusplanctus,
451 2418 540 2489 dolor,
548 2420 947 2494 ellacrymaerevelantur(58⁰)
1037 2415 1102 2470 N⁰11
1115 2414 1220 2470 ῐθῑῑθῦθ
1233 2422 1308 2472 carel
1317 2429 1377 2471 0⁸⁸⁰
1388 2417 1411 2471 Β
1424 2414 1604 2489 PrinciPium·

149 2509 269 2565 Maxime
287 2510 408 2568 natalem
429 2512 536 2571 celebro
560 2512 630 2572 dum
652 2514 750 2572 morsis
763 2532 873 2574 amam,
1000 2506 1145 2581 Limpidus
1156 2516 1239 2581 atque
1252 2507 1419 2567 bonusfacie
1434 2507 1598 2566 Bonifacins
1614 2517 1711 2576 exsut,

146 2600 292 2660 Pontifices
307 2605 388 2661 ambo
419 2611 493 2674 (581)
508 2616 574 2664 stant
587 2624 603 2664 a
616 2617 725 2680 patrum
747 2611 842 2684 procul
856 2620 945 2668 antro.
1038 2602 1151 2659 Artibus
1164 2606 1243 2672 (588)
1253 2611 1283 2659 et
1300 2602 1381 2659 dictis
1396 2600 1527 2674 limpidus
1549 2609 1636 2676 atque
1648 2604 1741 2660 bonus

144 2694 219 2763 lfors
233 2696 403 2772 ildegardam
414 2701 486 2774 rapit
496 2701 559 2759 idus
569 2703 651 2760 tertio
664 2703 747 2761 Sabat
757 2710 843 2775 (588).
1001 2697 1067 2753 Esse
1081 2695 1230 2769 prophetat
1241 2713 1307 2754 eum
1322 2696 1498 2770 locupletem,
1512 2696 1725 2771 pacificumque,

145 2789 210 2848 ltus
222 2793 331 2849 attonis
344 2795 467 2851 animam
481 2795 581 2854 Februt
593 2797 655 2853 tulit
665 2799 741 2855 otim.
1035 2790 1174 2848 Victorem
1183 2781 1289 2865 iugiter
1298 2806 1357 2848 essa
1369 2790 1514 2865 prophetat
1527 2807 1605 2849 eum.

145 2881 212 2940 Idus
221 2893 318 2942 cctam
328 2885 412 2944 Medii
424 2892 509 2958 (588),
523 2889 588 2959 fleo,
600 2890 691 2948 condo
708 2891 871 2950 Tedaldum.
998 2887 1065 2957 Quae
1093 2884 1191 2942 mulier
1214 2885 1317 2943 cecinit
1342 2884 1376 2943 de
1397 2895 1436 2957 te,
1472 2885 1543 2943 bone
1564 2885 1634 2955 dux,
1670 2880 1782 2950 habuisti

148 2975 216 3033 taus
230 2986 259 3035 tu
284 2979 352 3037 tulit
367 2979 546 3040 Choaradum
562 2985 643 3041 tertio
656 2985 746 3058 punis,
1032 2982 1102 3036 Vera
1116 2977 1280 3051 fuissereor,
1295 2995 1357 3053 quae
1369 2978 1467 3036 mulier
1480 2978 1590 3037 cecinit.

143 3070 310 3145 Rodulphus
321 3083 409 3132 terras
420 3075 536 3146 dimisit,
546 3085 574 3134 et
585 3085 648 3136 ante
661 3078 801 3138 Kalendas
998 3069 1087 3129 Muifa
1109 3072 1199 3129 ¹0⁰¹¹la
1215 3071 1267 3130 fuit
1280 3071 1316 3130 de
1329 3073 1448 3141 Christo,
1458 3072 1636 3147 iudicioque,

77 3234 81 3239 Ι
147 3166 261 3238 Augusti
275 3167 353 3225 denis
366 3168 536 3243 dqunnctis
549 3170 650 3247 quippe
657 3172 763 3232 diebus.
961 3140 985 3204 c
1035 3165 1159 3239 fineque
1171 3166 1205 3239 dc
1216 3166 1312 3224 mundi
1326 3165 1414 3224 multa
1428 3166 1517 3223 focula
1534 3165 1609 3234 filiis

143 3258 230 3317 Dinos
245 3269 308 3318 ante
323 3261 381 3320 dies
393 3265 534 3339 Augustus
548 3262 666 3340 denique
684 3267 768 3325 linem
1002 3259 1098 3317 N⁰biie
1113 3258 1271 3341 conjugium
1286 3260 1383 3318 tribuit
1402 3262 1488 3330 Deus,
1506 3269 1536 3317 0²
1553 3261 1605 3319 tibi
1620 3261 1740 3335 didm·

147 3354 238 3424 Quam
251 3362 453 3429 caperet,lerra
464 3357 551 3416 fuitet
564 3359 650 3433 proha
661 3361 762 3420 Gnillia
772 3366 850 3431 (584)
862 3370 945 3423 tecta.
1035 3355 1135 3426 Missssa
1153 3353 1263 3411 Βθῦῑῐῑῐ
1276 3363 1319 3411 esi
1330 3354 1425 3412 ¹¹⁰bii0
1438 3354 1612 3429 ⁰⁰¹1iufiuffl·

145 3447 204 3503 llos
217 3463 284 3505 saxo
297 3450 352 3506 texi
365 3467 430 3509 cum
440 3453 509 3510 natis
520 3462 604 3526 atque
616 3455 724 3527 puellis,
999 3448 1090 3519 Stilpo
1099 3445 1152 3504 fuit
1170 3447 1260 3520 8811(ῑᾶ
1272 3447 1355 3522 regali
1373 3450 1447 3517 (⁵87)
1461 3448 1575 3522 pulchra
1596 3446 1779 3522 Bffllrilifflh

146 3541 227 3611 Quos
242 3545 314 3601 Deus
325 3543 362 3602 ad
372 3546 463 3603 caulas
475 3547 595 3620 paradisi
608 3546 692 3606 ducat
705 3556 733 3607 et
742 3550 838 3608 aulas:
1035 3541 1169 3615 Maiorem
1183 3541 1278 3597 mundi
1291 3543 1376 3616 stirps
1395 3540 1449 3599 fuit
1459 3543 1562 3618 genita·

142 3635 206 3692 Ilon
220 3634 307 3694 haedis
318 3639 394 3696 misti
418 3639 516 3698 sinceri
528 3641 642 3699 sintqad
659 3643 749 3713 ovilis,
938 3714 941 3719 ⁴
999 3633 1143 3707 Splendnit
1156 3634 1212 3708 ipsa
1226 3635 1285 3692 Lite
1302 3635 1409 3708 procul,
1425 3645 1453 3694 ct
1466 3636 1596 3694 Rachclis
1610 3637 1720 3707 ltonotc,

145 3727 251 3786 Pascua
264 3746 319 3803 quo
334 3731 434 3790 Christi
446 3742 560 3805 pascant
572 3734 630 3791 sine
650 3735 703 3793 line
723 3737 844 3813 benigni.
856 3741 945 3796 Amen
1034 3732 1076 3787 tJt
1090 3729 1201 3802 sapiens
1217 3729 1300 3786 Sarae
1312 3728 1452 3803 splenduit
1465 3730 1523 3804 ipsa
1534 3732 1652 3804 proculi

429 3838 554 3895 CAPUT
573 3840 647 3894 vlu.
998 3821 1518 3897 UnaliguraBeatricem,Bonifacium
1532 3824 1592 3896 dat,

145 3922 943 4012 Cujusstoturae,etcuj1tsquotitatisexstititBonisoeius,
1034 3917 1189 3974 Ambffl'um
1201 3932 1305 3973 ⁰⁰¹¹¹0¹¹
1318 3933 1373 3975 ⁰¹¹³
1391 3917 1479 3992 fidum
1495 3920 1518 3975 Β
1532 3918 1590 3976 dii·

253 4004 279 4054 et
293 4001 408 4070 quidde
421 4004 479 4072 ipso
497 4004 601 4073 Sibulla
626 4005 836 4074 prophetizavit.
998 4012 1069 4069 Sunt
1077 4010 1198 4068 bonitate
1212 4027 1301 4085 pares,
1315 4012 1481 4070 simulantur
1499 4017 1573 4081 (588)
1587 4013 1737 4083 nobilitate,

144 4091 230 4151 Gesta
245 4097 382 4154 Bonifacii
407 4101 525 4172 pupulus
543 4117 640 4175 precor
660 4101 756 4160 audiat
766 4106 879 4163 omnis:
1032 4105 1204 4164 0888888888
1216 4104 1298 4176 bene,
1309 4105 1357 4179 qui
1367 4114 1433 4164 sunt
1444 4106 1568 4164 bonitate
1580 4124 1673 4182 pares.

181 4265 253 4329 (578)
267 4264 335 4323 Cod.
347 4266 477 4339 Regiam:
493 4269 586 4342 Cujus.
602 4270 690 4329 Lata.
1032 4277 1135 4331 Verum
1155 4275 1181 4332 hi
1193 4276 1406 4334 sersusnullum
1422 4292 1486 4334 cum
1496 4276 1779 4336 antecedentihusstn·

179 4339 251 4403 (588)
262 4340 294 4393 ln
308 4347 392 4395 msto.
406 4339 469 4398 cod.
482 4343 620 4416 Regiensi,
631 4346 792 4400 relenonhtr.
806 4346 886 4404 Mun.
997 4361 1059 4402 sum
1075 4347 1219 4404 reddentes
1232 4347 1410 4405 transferendi
1425 4357 1502 4406 erant
1516 4347 1590 4405 infra
1615 4349 1652 4407 ad
1673 4365 1729 4423 cap.
1743 4350 1779 4404 15

183 4415 255 4477 (581)
274 4409 362 4495 idest
382 4411 699 4497 Gotefridusepisoopus
723 4416 890 4497 Dririensis,
915 4428 944 4477 ct
995 4419 1066 4473 Tum
1082 4416 1125 4474 hic
1143 4418 1256 4475 deerant
1268 4418 1326 4484 alii,
1359 4436 1409 4478 uos
1423 4418 1782 4494 nuncsuppteoexduohs

141 4479 458 4565 Thedaldnseptscopus
468 4488 603 4544 Arctanus
614 4488 743 4543 tumulata
756 4487 854 4544 inanis
868 4490 981 4582 quis-D
999 4489 1076 4545 mstis
1088 4489 1216 4564 Regieusi
1228 4506 1259 4546 ac
1267 4435 1482 4548 Padoiircnensi.
1497 4492 1635 4576 Dialogus
1648 4507 1712 4567 ergo
1725 4490 1782 4548 ints

146 4568 199 4625 que
209 4554 342 4609 ecclesus.
357 4556 437 4612 Mun.
996 4560 1140 4616 Caucasum
1148 4567 1174 4617 et
1184 4565 1336 4627 Mortuum,
1347 4571 1443 4636 utpote
1454 4578 1512 4620 non
1521 4573 1666 4634 pertinens
1678 4563 1712 4621 ad
1721 4562 1783 4619 hune

177 4628 249 4692 (582)
269 4626 322 4681 Pro
335 4627 455 4684 Sublato
469 4627 604 4700 scriptum
617 4627 736 4685 videtur.
761 4632 797 4685 ht
818 4631 880 4702 quis
895 4631 941 4688 hic
993 4630 1097 4700 locum,
1120 4633 1191 4690 infra
1218 4643 1282 4707 post
1304 4642 1440 4691 narratam
1469 4635 1605 4693 Bonifacii
1627 4632 1782 4695 marchionis

141 4693 218 4752 locus
236 4694 367 4764 sabbato,
389 4715 455 4756 cnm
471 4700 575 4757 mensis
597 4698 721 4758 facienda
746 4709 789 4758 est
812 4704 939 4762 mentio?
991 4711 1111 4760 mortem
1126 4705 1241 4777 legetur.
1253 4706 1334 4762 Mun.

142 4767 223 4824 Mna.
308 4837 324 4851 ..
1027 4778 1100 4844 (585)
1113 4777 1257 4843 Fortassis,
1269 4779 1338 4848 inpii.
1350 4778 1433 4834 Mna.

179 4839 336 4920 (ssslllfau.
352 4841 434 4897 Lsra.
1026 4847 1101 4919 (588)
1112 4846 1273 4905 Mstuscod.
1286 4847 1540 4920 supplementur.
1555 4850 1641 4911 Mun.

179 4912 210 4964 ln
226 4911 353 4980 Epitome
368 4919 438 4995 msta
454 4910 554 4985 legitur
566 4916 668 4972 :Tertio
686 4916 751 4974 idus
760 4919 825 4973 ion.
850 4920 933 4976 Mun.
1025 4917 1098 4992 (587)
1117 4919 1247 4975 Beatricis
1263 4918 1379 4976 ducissae
1403 4921 1515 4977 brevem
1527 4921 1653 4980 tabulam
1664 4920 1781 4998 genealo-

177 4984 250 5064 (588)
267 4980 368 5065 Eadem
383 4986 511 5055 Epitome
533 4995 625 5068 mata:
645 4990 682 5046 st
695 4990 834 5045 mmilissc
846 4990 936 5048 duilio
989 4989 1078 5062 gicam
1092 4990 1152 5047 tide
1162 5007 1222 5064 pag.
1236 4996 1283 5060 64,
1296 4992 1431 5064 Antiquit.
1451 4995 1545 5049 Estcn.
1562 4995 1648 5053 illus.

135 5053 286 5135 molismo
299 5052 344 5107 dte
364 5055 590 5125 (antepenultamo
611 5058 788 5116 scribendum
805 5066 873 5127 erat)
891 5061 937 5118 dic
1026 5064 1101 5130 (588)
1122 5062 1270 5130 Hadwidu,
1282 5062 1339 5119 lilia
1352 5063 1782 5137 lleuricihucupis,soror01to·

139 5123 274 5194 Aupustt,
294 5138 354 5179 cum
366 5129 459 5209 pueris
471 5133 496 5184 et
517 5130 616 5199 puellas
625 5130 718 5201 jurarat
732 5134 762 5185 iu
775 5147 826 5186 uno
844 5148 937 5188 mouu-
989 5130 1033 5189 nis
1045 5135 1138 5206 Magni
1153 5135 1259 5206 peperit
1267 5136 1412 5207 Hugoncm
1424 5137 1568 5208 (Capetum
1578 5138 1671 5212 vulgo)
1686 5150 1781 5210 regent·

139 5201 238 5250 mento.
253 5197 304 5251 Est
321 5196 412 5253 adhuc
426 5213 453 5253 tn
464 5199 629 5256 Mutinensis
641 5200 699 5274 agri
727 5202 869 5259 montibus
892 5218 936 5259 ea·
989 5211 1017 5257 et
1036 5206 1201 5273 Beatricem,
1227 5221 1289 5278 qnae
1320 5215 1407 5279 nupta
1429 5206 1570 5264 Friderioo
1589 5206 1702 5266 seniori
1724 5205 1779 5264 dnoi

139 5265 250 5323 stellum
265 5267 387 5350 Duilliae,
411 5270 456 5326 cui
483 5268 609 5328 fortassis
623 5272 737 5330 illustris
758 5273 818 5330 ltaec
832 5274 937 5332 femina
988 5275 1213 5341 Mosellanorum,
1229 5277 1334 5350 peperit
1359 5277 1382 5334 ei
1396 5277 1597 5335 Theodericum
1614 5279 1724 5347 ducent,
1740 5292 1780 5360 pa·

137 5350 241 5394 nomen
254 5336 339 5420 dedit.
988 5353 1060 5403 trem
1085 5348 1217 5404 Friderici
1235 5348 1325 5417 ducis,
1345 5348 1425 5423 cujus
1439 5349 1497 5406 tilia
1511 5349 1564 5407 fuit
1582 5350 1645 5409 hacc
1667 5354 1779 5415 Beatus,

173 5410 205 5464 ln
217 5408 298 5465 edttm
310 5408 460 5495 hucusque,
474 5414 640 5498 atque·apud
652 5415 741 5487 ipsum
756 5416 935 5499 haihaitium,
989 5423 1020 5471 nt
1030 5431 1062 5472 er
1076 5418 1190 5491 antiqua
1211 5420 1325 5494 gene-alo
1345 5420 1370 5477 'a
1385 5421 1474 5478 sancti
1489 5419 1627 5505 hrnulplai
1647 5423 1718 5481 hene
1737 5418 1779 5477 ab·

137 5493 297 5563 quanquam
312 5497 336 5538 18
360 5486 482 5541 vaticam
501 5486 606 5543 codtcrs
629 5503 682 5560 ope
701 5487 782 5545 fuerit
799 5504 876 5560 usus,
891 5490 932 5547 lu·
987 5490 1104 5546 serravit
1124 5490 1221 5546 Pranc.
1243 5492 1310 5547 llar.
1327 5437 1516 5561 ilomntmus,
1540 5509 1589 5569 qur
1616 5510 1662 5552 res
1681 5508 1725 5551 ma

135 5558 197 5607 sata
210 5552 255 5608 luc
268 5548 380 5611 fuerunt
391 5571 454 5613 ossa
467 5557 586 5614 carmini
603 5559 767 5617 Doniaouis.
783 5561 857 5619 Nam
871 5568 936 5636 post
986 5558 1136 5626 Mathildis,
1151 5570 1178 5617 et
1199 5564 1334 5636 maiorum
1356 5565 1415 5637 eius
1426 5566 1558 5639 (88881880
1570 5566 1714 5625 volumius

135 5620 210 5681 hunc
222 5639 334 5680 versum
354 5628 571 5700 consequebatur
586 5647 594 5686 ι
987 5631 1094 5688 stravit.
1109 5635 1198 5690 Lara.
1513 5656 1516 5661 ·

170 5714 322 5843 firoeposgq
332 5730 472 5847 (μηρῖ),
484 5722 553 5791 pepp
564 5722 590 5777 ,p
600 5719 687 5778 pm,
697 5734 762 5777 mu,
775 5720 877 5790 upum,
1021 5703 1096 5774 (588)
1111 5704 1223 5780 corrige
1237 5723 1270 5764 ex
1291 5707 1417 5781 Regiensi
1428 5715 1513 5777 msto,
1527 5710 1696 5769 sium.
1706 5708 1776 5767 llas

198 5800 267 5842 aura
298 5801 412 5858 888888
443 5821 474 5847 ..r
1719 5810 1722 5817 ·
