3870 6164
127 273 186 333 aaa
473 334 477 343 ,
704 271 803 331 ercan
821 271 972 330 suerrus.
991 303 1025 317 -
1045 275 1147 332 nrrsr.
1166 276 1210 331 vr.
1694 332 1697 337 .
1728 262 1781 341 'aar

133 396 203 458 tatis
212 396 306 470 rigore
317 398 502 471 oonsrugersi
510 395 590 469 Quod
605 404 699 454 autem
711 395 782 454 dicis
793 396 931 471 quosdam
946 403 973 467 Α
986 414 1040 472 que
1062 414 1163 468 meam,
1186 407 1268 472 atque
1280 400 1395 457 amitam
1416 403 1569 461 Beatrleom
1580 410 1608 461 et
1618 403 1706 462 filiam
1720 407 1780 479 epra

134 489 238 550 frames
251 506 310 548 nou
328 490 459 563 possead
473 489 623 549 concilium
640 491 788 548 convenire
802 491 838 549 ob
853 491 931 564 prin·
986 492 1157 551 Mathildem.
1173 495 1219 550 Me
1244 509 1320 564 vero,
1347 494 1492 567 adjurante
1505 498 1637 568 Domino,
1653 499 1687 556 de
1700 515 1782 575 erpe-

134 585 204 659 cipis
216 584 407 655 inimicitiam,
417 583 731 655 dicimtneilsorte,eis,
743 586 932 651 Hauo.,etsic
987 584 1092 643 ditione
1112 585 1245 642 Saxomm
1267 587 1408 655 redeunte,
1433 589 1502 646 alios
1524 591 1628 664 legatos
1650 591 1778 665 dirigam,

135 681 290 749 balium]
304 677 475 747 sulficere,si
488 676 524 735 de
545 678 604 735 suis
616 677 723 735 clericis
735 677 870 752 dirigant,
883 679 931 750 qui
986 694 1072 752 qsmm
1093 677 1283 737 familiariores
1298 696 1331 737 ae
1349 680 1482 739 fideliores
1498 682 1617 754 habebo,
1643 700 1691 757 per
1709 700 1780 758 quos

134 787 186 845 pro
199 772 240 829 eis
253 771 364 829 valeant
376 770 553 844 respondere.
565 772 620 829 Sed
633 771 770 844 quoniam
783 772 930 846 nonigno-
988 788 1101 830 omnem
1122 772 1201 830 vobis
1219 788 1311 830 meam
1334 773 1505 832 voluntatem
1526 784 1555 833 et
1577 779 1779 848 reverentiam,

134 880 234 923 ramus
251 862 361 938 quoda
384 865 508 938 plmibus
528 864 685 923 carnalibus
702 880 733 922 ec
755 864 933 923 seetdaribus
987 880 1072 941 quam
1086 865 1168 924 beato
1177 869 1259 924 Petro
1269 866 1490 939 etronisoebeo,
1501 869 1670 943 significabo.
1680 873 1780 929 Postea

135 955 305 1028 detoderis,
316 958 478 1016 neinviuea
488 958 602 1016 Domini
613 973 664 1030 pro
676 958 835 1016 animarum
849 958 933 1015 lucris
987 975 1053 1018 vero
1084 957 1208 1032 praefatis
1231 959 1326 1034 legatis
1348 959 1466 1018 dicendo
1486 962 1628 1020 mandavit
1645 973 1782 1037 quatenus

135 1050 287 1111 fortiterac
300 1050 418 1109 fideliter
428 1052 561 1125 opereris,
572 1067 609 1109 ne
619 1060 733 1109 tuarum
743 1052 815 1110 forte
828 1068 932 1120 rerum,
987 1068 1044 1111 non
1055 1052 1234 1123 mirarentur,
1248 1068 1301 1111 nec
1314 1054 1433 1126 graviter
1447 1055 1551 1112 ferrent
1568 1056 1641 1129 quod
1662 1059 1781 1129 promis·

136 1153 186 1205 aut
204 1144 337 1203 odiorum
357 1152 503 1218 potentum
517 1144 669 1202 discrimen
690 1145 826 1212 incurras,
851 1153 878 1202 te
900 1161 933 1203 ex
987 1162 1034 1205 sos
1053 1147 1167 1204 minime
1194 1146 1284 1204 adbuc
1310 1146 1441 1204 direxerit
1470 1148 1592 1216 nuntios,
1615 1150 1709 1224 sisque
1724 1167 1782 1208 non
1905 1142 1913 1151 ’

136 1247 217 1313 parte
235 1238 288 1295 Dei
306 1238 508 1311 omnipotentis
528 1246 557 1296 et
579 1239 745 1297 auctoritate
766 1239 840 1296 beati
859 1239 933 1296 Petri
987 1239 1293 1308 deretonerosumeos,
1304 1240 1459 1313 donecipse
1471 1242 1603 1309 mitteret,
1616 1244 1779 1315 prestolari,

108 1404 115 1415 Ι
136 1347 273 1407 rogarnms
292 1339 321 1389 et
339 1346 497 1398 monemus,
520 1340 655 1405 quatenus
675 1331 778 1389 nullius
800 1332 863 1390 odio
885 1340 934 1389 aut
988 1333 1120 1408 quoniam
1135 1332 1324 1405 proculdubio
1338 1333 1408 1390 illios
1421 1334 1634 1403 missumserat,
1649 1343 1677 1392 et
1693 1336 1723 1393 in
1740 1351 1783 1394 ea·

136 1425 238 1501 grafia,
257 1441 309 1483 seu
321 1425 413 1499 aliqua
427 1433 603 1485 maenarum
616 1440 710 1483 rerum
719 1425 840 1499 iactura,
855 1441 871 1482 a
890 1441 934 1484 re·
988 1426 1051 1486 dem
1062 1427 1198 1486 sententia
1211 1426 1388 1484 immobiliter
1400 1427 1591 1499 permanebat.
1601 1430 1681 1486 Nunc
1689 1437 1782 1486 autem

138 1517 285 1577 edutdinis
296 1517 736 1592 tramitedeclinarepraesumas;
747 1519 816 1593 quin
828 1519 933 1588 omnia,
988 1521 1105 1594 qualiter
1124 1519 1178 1578 hoc
1191 1520 1334 1577 considam
1354 1535 1464 1576 versum
1488 1520 1533 1587 sit,
1554 1528 1583 1578 et
1596 1520 1672 1595 quod
1689 1520 1782 1581 facere

137 1620 222 1688 prout
235 1612 356 1686 Spiritus
369 1620 482 1670 sanctus
501 1612 658 1681 donaverit,
671 1611 817 1686 diligenter
829 1612 935 1670 exaud·
989 1613 1106 1671 latenter
1119 1614 1292 1686 disposuerat
1302 1612 1397 1686 palam
1410 1612 1470 1671 lieri
1481 1614 1557 1681 volit,
1571 1615 1681 1686 penitus
1697 1616 1782 1674 mira·

137 1722 199 1778 nes,
210 1714 242 1764 et
250 1705 333 1763 nobis
342 1704 479 1779 quidquid
488 1714 594 1763 eertum
604 1707 936 1778 ccmnteritquantaeius
990 1722 1065 1776 mur,
1080 1707 1134 1765 nisi
1149 1706 1224 1782 quod
1233 1706 1316 1764 datm
1325 1705 1451 1787 intelligi,
1465 1707 1530 1780 quia
1541 1707 1783 1783 ipsenequaquam

137 1800 284 1859 iuducere
302 1813 443 1871 procures.
466 1799 589 1856 nutum
611 1814 734 1873 namque
748 1797 832 1856 debet
852 1799 972 1889 nobisB
990 1800 1061 1857 hanc
1074 1801 1167 1873 cupiat
1180 1815 1278 1873 pacem
1286 1799 1424 1871 componi,
1433 1815 1517 1873 quam
1530 1801 1613 1858 modo
1623 1801 1682 1857 vult
1691 1802 1784 1873 palam

138 1893 228 1953 sideri
246 1890 418 1965 pudendum,
440 1892 516 1965 quod
537 1892 652 1965 quilibet
666 1891 811 1950 saeurlares
832 1891 936 1949 milites
990 1893 1112 1964 dederi,
1130 1893 1231 1967 quibus
1242 1908 1306 1950 eam
1324 1901 1406 1950 antea
1427 1892 1537 1950 volebat
1550 1893 1694 1963 abscondi,
1710 1894 1785 1952 etde

138 1985 264 2061 qrmtidie
275 2001 327 2058 pro
337 1993 448 2043 terrem
457 1984 581 2058 principe
590 2000 642 2042 suo
653 1984 683 2041 iu
697 1983 756 2043 acie
767 1985 936 2054 consistunt,
991 1986 1091 2059 quibus
1102 1987 1176 2045 idem
1190 1986 1346 2045 testabatur
1360 1986 1450 2059 magis
1461 2001 1509 2043 eos
1523 1986 1557 2044 de
1569 1995 1666 2043 nostra
1677 1986 1784 2045 discor·

138 2088 168 2139 et
178 2079 255 2137 necis
262 2077 383 2152 perferre
395 2078 555 2136 discrimina
568 2079 613 2135 vir
627 2086 828 2152 expavescunt:
840 2086 936 2147 etnos,
990 2080 1038 2138 dia
1058 2096 1144 2154 mam
1165 2078 1200 2138 de
1215 2087 1314 2136 mutua
1328 2079 1476 2137 concordia
1490 2078 1588 2136 letari.
1612 2082 1786 2156 Quapropter

139 2172 361 2250 msaoerdotes
370 2172 486 2229 Domini
498 2171 628 2241 dicimur,
640 2186 698 2228 uon
710 2187 760 2244 pro
778 2171 827 2229 illo
840 2179 938 2229 nostro
991 2190 1041 2233 ros
1066 2174 1136 2232 scire
1158 2173 1287 2230 volumus
1310 2188 1363 2230 nos
1384 2171 1451 2230 huic
1474 2172 1602 2246 petitioni
1628 2173 1787 2231 nullatenus

139 2282 206 2342 rege
218 2281 386 2341 pugnemus,
401 2265 449 2340 qui
468 2265 562 2322 omnia
581 2263 647 2323 fecit
664 2280 699 2323 ex
718 2263 818 2334 nihilo,
836 2265 938 2338 quique
992 2283 1188 2336 consensuros,
1206 2266 1340 2339 quoniam
1368 2265 1444 2338 quod
1471 2265 1556 2323 modo
1579 2266 1724 2324 inrenmm
1745 2275 1789 2324 est

139 2377 202 2421 nou
216 2360 361 2418 abborruit
373 2359 471 2417 mortis
483 2374 533 2432 pro
547 2358 629 2416 nobis
642 2358 735 2416 subire
752 2357 938 2431 dispendium,
992 2378 1051 2420 non
1071 2362 1180 2419 ridetur
1198 2360 1280 2418 beato
1299 2361 1382 2416 Petro
1399 2374 1431 2415 ac
1444 2358 1526 2415 nobis
1539 2358 1703 2417 honorabile
1718 2359 1788 2417 velle

140 2454 280 2528 nobisque
300 2452 438 2527 promittit
457 2451 590 2512 meritum
607 2451 668 2509 sine
688 2450 742 2509 dne
763 2466 937 2509 mansurum.
993 2456 1052 2527 ejus
1062 2454 1177 2511 utilitati
1191 2453 1347 2526 provenire.
1361 2451 1444 2524 Quod
1458 2452 1481 2508 si
1497 2451 1531 2509 ad
1545 2452 1621 2525 prius
1634 2461 1789 2511 revertatur

140 2550 207 2608 Boe
228 2556 322 2607 autem
335 2547 425 2605 adbuc
436 2555 491 2603 nure
505 2544 674 2604 fraternitati
686 2544 856 2619 injungimus
870 2559 939 2619 qua·
994 2547 1153 2615 consilium,
1161 2545 1191 2603 id
1198 2545 1455 2615 videaanatubrius
1464 2544 1599 2618 nobisque
1606 2547 1789 2619 sequendum.

140 2651 228 2703 tenus
240 2641 276 2700 de
291 2640 452 2699 simoniaca
466 2638 564 2699 heresi
578 2654 611 2696 ac
630 2636 814 2696 fornicatione
832 2637 941 2695 clerieo
995 2645 1037 2700 De
1048 2639 1164 2698 consilio
1181 2655 1247 2696 rero
1260 2637 1336 2713 quod
1349 2637 1490 2711 expetistis
1507 2637 1618 2695 anobis
1631 2638 1698 2712 quid
1712 2639 1790 2697 vobis

140 2752 221 2806 nam,
245 2735 317 2792 siem
337 2734 372 2791 sb
398 2732 548 2807 apostolica
569 2732 636 2790 sede
656 2731 796 2804 accepisti,
819 2730 942 2789 studiose
995 2735 1032 2791 sit
1049 2731 1277 2806 respondendum
1302 2729 1453 2789 Gotefredo
1479 2730 1631 2801 nescimus,
1658 2748 1723 2789 cum
1745 2731 1791 2789 ifle

143 2830 299 2905 perquiras,
317 2836 346 2887 et
359 2826 493 2902 quidquid
516 2832 685 2885 reuoactum
699 2823 845 2895 inveneris,
868 2823 942 2897 lega·
996 2835 1090 2901 aperte
1110 2825 1254 2899 infregerit
1280 2823 1354 2897 quod
1379 2823 1457 2880 robis
1468 2823 1629 2896 juramento
1650 2824 1789 2896 promisit,

142 2925 210 2984 liter
231 2924 341 2998 puniti.
363 2931 393 2979 tt
412 2920 536 2979 innditnt
556 2934 674 2986 intentis
696 2933 728 2975 nt
754 2933 790 2975 ne
810 2915 942 2990 quidquid
996 2936 1047 2980 nec
1071 2929 1179 2978 certum
1205 2918 1358 2992 quidquam
1378 2916 1413 2973 ds
1444 2915 1531 2987 ipsius
1561 2916 1792 2987 promissionibus

141 3014 622 3089 unumquemqueiuste,
635 3014 833 3086 flsslteetss'o
845 3013 943 3070 mtto·
997 3015 1108 3074 medere
1120 3013 1273 3071 valeamus.
1294 3012 1400 3068 Verum
1420 3010 1443 3065 si
1463 3007 1573 3081 aliquod
1595 3008 1696 3077 faedus,
1716 3011 1792 3085 quod

147 3111 218 3187 tire]
231 3111 280 3169 fiat
291 3111 401 3185 penitus
416 3109 569 3169 interdices.
998 3127 1015 3168 a
1029 3117 1193 3168 sanctorum
1206 3109 1323 3165 Petrum
1332 3103 1477 3161 sanctione
1486 3117 1544 3159 non
1557 3101 1707 3176 discrepet,
1720 3104 1793 3162 inire

181 3209 255 3265 Dete
267 3208 379 3269 Romae,
396 3203 480 3262 tertio
493 3204 588 3263 Nonne
601 3200 780 3275 Septembris,
794 3198 944 3258 indictione
958 3188 981 3254 C
998 3221 1064 3263 cum
1086 3218 1120 3260 eo
1139 3199 1278 3275 poteritis,
1302 3197 1384 3255 nobis
1409 3194 1580 3254 laudandum
1598 3195 1722 3267 videtur,
1746 3198 1793 3255 sin

142 3300 294 3375 incipiente
304 3298 415 3360 decima
428 3304 534 3372 quarta
998 3307 1102 3365 autem
1117 3295 1294 3360 charitatem,
1311 3307 1366 3365 qua
1386 3305 1439 3347 nos
1452 3291 1528 3345 Deus
1548 3288 1701 3361 conjunxit,
1714 3290 1793 3349 nullo

433 3402 610 3461 EplspoLg
624 3403 657 3459 v,
997 3390 1083 3451 modo
1096 3404 1178 3465 posse
1189 3385 1302 3445 dissolri
1315 3390 1365 3440 aut
1378 3383 1552 3456 aliquatenus
1566 3382 1712 3453 minorari,
1727 3400 1789 3440 oer-

199 3518 680 3567 mumlcfflnnmapu
689 3515 888 3560 unumst,
998 3486 1107 3543 tissime
1126 3480 1200 3554 apud
1224 3495 1273 3536 vos
1287 3484 1416 3536 constare
1441 3484 1580 3547 optamus.
1596 3475 1680 3533 Unde
1700 3477 1724 3535 ti
1742 3493 1791 3535 vos

445 3601 541 3667 (Anno
556 3602 647 3666 107⁵.)
998 3577 1138 3647 dilexerit,
1150 3590 1215 3632 eum
1235 3572 1392 3646 diligemus,
1405 3569 1430 3626 si
1444 3584 1509 3625 vero
1523 3583 1557 3625 ex
1570 3583 1620 3625 sua
1635 3568 1715 3642 eulpa
1726 3570 1791 3629 odio

148 3698 283 3769 meritur
308 3695 344 3752 de
364 3694 548 3751 innatantia
573 3693 643 3763 rapte
670 3693 788 3759 nemrot,
813 3691 864 3761 qm·
882 3703 943 3745 pum
1000 3666 1239 3741 baberecoeperit,
1258 3660 1519 3764 sicutcharissintas
1539 3660 1608 3718 filias
1625 3662 1717 3720 modis
1730 3666 1792 3737 qui-

183 3768 336 3841 *iiim
358 3781 385 3823 ⁸⁶
398 3766 527 3823 mnam
546 3765 704 3834 iefssiittwm
719 3765 865 3818 'titinium
876 3775 944 3831 prn-
998 3765 1052 3822 bus
1063 3759 1216 3837 poterimus
1224 3771 1273 3814 ros
1279 3751 1433 3829 diligendo,
1446 3767 1471 3808 er
1482 3753 1543 3810 Deo
1551 3750 1672 3821 fatente,
1679 3753 1792 3810 resiste·

179 3839 389 3913 emelinde&
402 3839 448 3894 eui
458 3837 547 3906 repes,
562 3850 628 3906 quos
641 3836 737 3903 aare,
759 3833 792 3889 ate
808 3831 944 3889 amoma
999 3868 1073 3913 mm·

184 3908 406 4039 maim
420 3906 728 4050 &iiiimxiiii
749 3919 829 4031 we
840 3906 945 4042 2²2&
1037 3944 1108 3999 Data
1131 3941 1240 4006 Itomae,
1263 3931 1348 3990 tertio
1363 3930 1428 3987 ldus
1441 3927 1622 4001 Septembris,
1642 3929 1795 3987 indictione

184 4054 425 4125 bicorporem
447 4051 724 4119 aciamnoncrepers.
745 4044 947 4127 Dedotqrade
1000 4030 1233 4101 decimaquarta.
1274 4077 1277 4082 ,
1363 4111 1393 4125 ..
1637 4112 1643 4125 ⁸
1754 4111 1786 4124 ..

184 4124 417 4255 witmer
445 4120 526 4192 ilderu
557 4119 706 4176 manaae
729 4117 848 4188 eapltcot
880 4114 947 4186 quad
1036 4119 1171 4221 [repositio
1190 4116 1263 4216 regis
1284 4112 1464 4256 mist*
1481 4111 1794 4256 smpzrotorzsliearsoq

184 4236 791 4363 Gueoutusepisoopus,serrusservorum
799 4282 947 4353 licinus·
1000 4210 1173 4370 wigii?
1189 4218 1307 4263 omnm
1320 4215 1434 4272 qum
1456 4215 1528 4271 pm
1564 4215 1629 4256 mn
1650 4214 1780 4269 'mmm

153 4384 525 4455 mutuaenutuae
533 4379 949 4455 fitterinnnunmrtauonn
1036 4391 1121 4447 neate
1134 4378 1432 4454 eeteapestuorum
1445 4375 1581 4448 persepe,
1598 4376 1799 4448 incisaeque

154 4480 236 4540 liam
245 4477 488 4538 benedictionem.
1003 4494 1110 4547 sumus,
1125 4476 1186 4549 pias
1199 4487 1279 4530 aures
1290 4479 1353 4528 tuas
1366 4465 1457 4538 nobis,
1471 4472 1538 4532 ete,
1552 4468 1584 4521 ut
1596 4465 1676 4534 infra
1689 4467 1720 4520 in
1732 4479 1797 4521 coa·

184 4576 361 4648 lionparum
373 4571 493 4630 devobis
502 4570 638 4627 miramur
650 4565 818 4641 quoddehis
828 4581 890 4639 quae
900 4579 948 4638 per
963 4608 988 4673 D
1001 4571 1063 4630 alia
1071 4572 1189 4626 Romam
1198 4576 1247 4620 ιιι.

155 4677 261 4727 senas
281 4667 390 4726 litteras
411 4663 565 4724 mandastis
585 4662 665 4720 nobis
692 4661 835 4719 consulere
852 4659 949 4720 decre-
1280 4649 1459 4710 uutsrous
1467 4648 1516 4704 Vl.

158 4762 319 4831 ristiseum
332 4767 441 4817 constet
452 4756 584 4832 apudros
596 4755 671 4830 quod
684 4754 760 4814 idem
774 4769 824 4811 rex
837 4752 908 4810 duos
917 4767 950 4810 ac
1169 4767 1210 4809 sn
1227 4758 1397 4807 urrrmsoe
1415 4752 1625 4800 cuumrmros.

159 4854 261 4914 nobiles
274 4852 312 4913 ad
324 4851 464 4928 religiosos
480 4851 553 4909 viros
567 4849 603 4908 ad
616 4865 668 4907 nos
682 4856 745 4905 ante
759 4862 883 4904 mensem
896 4847 954 4902 Au·
1305 4835 1500 4908 (Annotpno.)

159 4946 384 5023 psurmlegatos
394 4944 565 5016 miserit,qui
574 4938 953 5001 videlicetadlrucnobisoum
1005 4944 1142 5017 liquidam
1162 4936 1312 5019 apostoleca
1330 4932 1404 4988 scd&
1421 4941 1599 5010 exaggerans,
1619 4925 1743 5011 bonaur
1764 4925 1802 4981 ad

1135 5026 1163 5065 m
1174 5023 1249 5081 opera
1257 5002 1467 5076 implorandam,
1481 5003 1513 5054 ut
1522 5002 1573 5054 aut
1584 5012 1681 5081 impetu
1692 4997 1730 5052 ad
1740 5012 1801 5067 po-

160 5049 281 5111 mpant,
305 5056 355 5114 per
368 5055 439 5114 quos
452 5037 517 5095 talia
530 5035 674 5094 mandarit
694 5051 702 5090 t
726 5033 841 5092 Noverit
860 5039 951 5089 vestra
1041 5015 1186 5142 &mam
1204 5080 1350 5138 mmm,
1371 5076 1420 5130 m,
1432 5086 1522 5127 mm
1535 5068 1801 5138 cmmfflmag

161 5136 302 5205 mutas,
326 5136 421 5203 Pater,
443 5130 577 5206 moniam
593 5129 662 5186 dum
684 5143 737 5203 ego
760 5141 831 5200 pene
857 5140 954 5182 omnes
1043 5160 1132 5227 mque
1152 5151 1303 5222 ,mmm
1322 5141 1608 5202 anathematizationis
1621 5140 1694 5209 repsi
1706 5139 1801 5193 mind.

162 5227 294 5309 principes
306 5227 363 5285 mei
375 5225 451 5301 regni
462 5223 499 5283 de
512 5232 608 5281 nostra
620 5221 710 5296 magis
717 5218 854 5280 discordia
868 5232 954 5291 quam
1043 5242 1383 5315 Gmommpmpu,‚
1392 5247 1634 5294 mmmmm
1639 5230 1702 5299 Dei,
1712 5229 1803 5286 omni.

161 5319 301 5380 demuma
314 5335 382 5393 pace
395 5317 515 5394 gaudere
537 5316 665 5390 percipio,
685 5313 785 5372 advos
805 5313 955 5370 istosnun-
1007 5342 1060 5399 bu,
1081 5339 1129 5412 qui
1152 5326 1269 5408 cupiunt
1295 5345 1324 5389 ω
1352 5323 1531 5386 annumerari
1555 5323 1627 5379 {ntor
1643 5334 1709 5377 oves
1733 5333 1803 5392 quaa

162 5414 215 5475 iios
225 5415 347 5475 lstmtsr
360 5411 463 5487 dirigo,
475 5426 546 5486 quos
560 5409 628 5467 satis
644 5408 755 5467 nobiles
768 5423 801 5465 ac
814 5404 955 5480 religiosos
1008 5428 1133 5489 cmm,
1143 5426 1226 5483 beato
1246 5424 1329 5480 petro
1347 5413 1497 5485 commisit,
1512 5410 1673 5470 salutemet
1691 5414 1803 5481 aposto·

161 5522 218 5569 ue
230 5521 382 5581 cognoscet
393 5513 422 5562 et
432 5503 508 5578 pacis
520 5503 626 5562 bonum
639 5502 773 5560 internos
786 5508 883 5574 optare
894 5514 956 5555 con
1008 5520 1092 5578 licam
1104 5512 1337 5574 benedictionem·

157 5600 423 5679 predaquequam
435 5596 542 5656 dubim·
554 5598 618 5653 ΗΜ
638 5603 731 5652 tutem
745 5593 822 5667 l¹¹⁰d
839 5590 957 5660 mando,
1047 5586 1807 5680 (aestuantem,tratreencvametinaaniumpresuce

160 5694 302 5755 Μ
314 5692 384 5752 ¹⁶¹⁰
397 5692 460 5750 '⁰¹⁰
478 5699 578 5765 m
592 5705 653 5763 '⁰⁸’
668 5689 812 5748 somnam
822 5693 956 5746 meerm-
1047 5745 1120 5809 (ssa)
1129 5736 1273 5798 aarum
1285 5740 1346 5790 aa
1356 5732 1386 5787 ιιι
1396 5726 1507 5795 uuum
1520 5722 1587 5782 arne
1598 5715 1718 5788 epona
1730 5718 1823 5821 sexta¹
1855 5756 1884 5767 .,

194 5832 274 5907 (182)
284 5824 689 5913 lloetutttnndeestinbfutin.
1012 5813 1147 5888 signatur.
