3870 6164
156 227 204 280 tlt

576 188 586 195 ’
660 219 706 276 an
725 218 837 273 onam
857 217 885 272 s.
905 184 1067 271 ennoean
1084 215 1301 272 annuncians.

1757 220 1804 273 912

156 346 338 403 heinricianae
357 344 521 418 tyrannidis.
536 346 573 400 Et
586 351 648 415 post
665 342 755 415 aliqua
769 342 800 398 ut
815 342 897 398 etiam
913 340 950 396 la·
967 345 992 406 Α
1007 341 1178 413 templationi
1192 355 1291 397 vacare
1302 347 1430 404 conatur,
1446 339 1600 412 majoribus
1612 338 1717 396 mundi
1730 356 1804 413 nego

156 440 273 496 miliario
293 440 376 495 euritc
389 437 561 511 iniquitatis:
587 453 670 509 quam
685 435 889 509 justanuidem
909 435 953 489 in·

157 533 351 607 terpretatione
364 548 379 588 a
393 548 492 589 eruore
513 532 574 588 dico
588 536 703 594 caricum,
724 530 765 586 vel
777 530 868 601 plotius
893 527 953 584 uui-

155 643 241 684 versae
255 625 434 698 turpitudinis
448 625 595 682 sentinam.

190 751 241 807 Hic
254 750 373 823 denique
386 759 449 822 post
460 730 585 821 tempora
607 765 661 805 non
678 749 807 820 plurima,
828 748 953 804 veniente

154 846 185 902 iu
198 847 328 902 Tusciam
341 845 471 902 Heinrico
487 861 549 901 cum
561 843 741 901 haeresiarcha
761 842 904 911 Wiherto,
918 842 953 899 de

153 955 207 1010 quo
234 938 315 994 latius
338 938 518 1010 postmodum
542 937 732 1004 tractabimus,
756 937 885 1008 quoniam
907 936 951 990 in-

153 1031 235 1088 stanti
247 1030 390 1088 videbatur
399 1041 571 1104 opportunus
583 1030 717 1097 insanire,
732 1045 764 1085 eo
777 1028 851 1102 quod
864 1044 915 1084 nec
925 1028 953 1084 in

157 1128 246 1182 Deum
260 1125 389 1182 timorem
409 1140 461 1181 nec
483 1124 664 1182 reverentiam
680 1122 798 1178 hahebat
813 1122 841 1176 in
863 1121 954 1177 homi·

152 1233 229 1288 uem,
252 1219 403 1289 imponitur
419 1218 563 1291 episcopus
575 1217 678 1274 erroris
696 1214 819 1288 ejusdem
835 1217 952 1270 Lucanae

153 1311 289 1378 eivitatis3
306 1311 368 1384 qui,
389 1309 528 1383 adjunctis
542 1308 593 1365 sibi
609 1308 695 1364 totius
717 1316 798 1364 terrac
818 1307 953 1378 nequissi-

153 1405 217 1473 mis,
243 1403 367 1460 videlieet
391 1403 525 1476 perjuris,
550 1402 719 1467 latronibus,
745 1398 900 1457 loruicariis
925 1407 952 1455 et

153 1497 293 1565 adulteris,
308 1506 412 1552 terram
434 1496 565 1552 Ecclesia
580 1494 695 1559 invadit,
719 1493 828 1549 castella
854 1502 882 1549 ct
897 1491 950 1549 ho-

151 1586 251 1658 mines,
266 1590 291 1645 vi
306 1597 354 1645 aut
372 1588 479 1658 fraude,
492 1588 534 1644 vel
550 1588 637 1660 pretio
650 1587 701 1643 sihi
718 1586 836 1643 asciscit.
853 1588 950 1643 Unum

152 1681 327 1739 solummodo
350 1691 470 1740 castrum
491 1681 637 1738 venerabili
653 1680 786 1736 remansit
809 1679 948 1751 episcopo,

151 1775 226 1848 quod
240 1775 322 1832 etiam
334 1782 466 1848 tyrannus
480 1774 536 1844 ille,
551 1790 584 1831 eo
596 1772 779 1846 quodcivitati
788 1782 848 1829 erat
859 1772 950 1844 proxi-

151 1884 245 1937 mum,
272 1869 348 1941 quasi
372 1868 496 1941 quotidie
523 1868 683 1935 incurrens,
706 1866 857 1923 devastavit
881 1881 950 1939 prae-

150 1962 203 2031 dis,
219 1961 353 2018 incendiis
367 1969 449 2036 alque
465 1959 632 2016 homicidiis.
647 1960 696 2015 llle
713 1968 805 2016 autem
820 1975 950 2016 mansue-

81 2082 88 2093 ·
151 2054 273 2111 tissimus
293 2055 419 2110 omnium
445 2054 537 2109 ornnia
564 2052 687 2125 gaudens
715 2052 859 2121 sustinuit,
883 2068 949 2124 pau·

152 2154 285 2218 pertatem
304 2162 355 2218 pro
373 2146 482 2202 Christo
497 2147 619 2217 optavit,
634 2145 679 2217 qui
694 2153 723 2201 et
736 2144 843 2201 duobus
856 2146 950 2216 capel-

152 2239 222 2296 lanis
244 2246 399 2308 contentus,
422 2255 454 2295 ae
468 2239 561 2309 paucis
576 2237 767 2305 servientibus,
782 2254 846 2294 cum
872 2254 948 2294 reve·

152 2330 329 2398 rendissima,
350 2347 432 2405 quam
448 2330 639 2402 praediximus,
665 2339 808 2399 niatrona,
836 2331 950 2387 humilis

152 2423 314 2496 permansit.

186 2550 283 2623 Atqui,
299 2558 330 2605 ut
344 2549 478 2605 urriversae
497 2548 698 2605 maledictionis
709 2549 830 2605 tunicam
850 2548 947 2606 adver·

149 2644 240 2700 sarius
265 2643 310 2698 ille
333 2642 466 2712 indueret,
493 2642 605 2699 demum
623 2643 658 2699 ab
684 2643 864 2699 haeresiarcha
886 2644 948 2700 Wi-

150 2734 239 2806 berto,
263 2751 320 2791 non
339 2734 402 2791 dieo
422 2743 607 2802 cousecratur,
624 2735 671 2792 sed
685 2744 857 2804 exsecratum
877 2751 947 2808 qua·

149 2837 228 2886 tenus
240 2827 338 2884 similis
355 2827 475 2884 similem
490 2829 519 2884 in
534 2829 665 2885 omnibus
687 2829 851 2885 imitaretur.
874 2832 946 2886 Nam

149 2923 220 2979 sieut
236 2921 281 2978 ille
304 2925 459 2978 itomanam
477 2922 631 2979 invadendo
653 2923 806 2979 Ecclesiam
827 2939 947 2979 comma·

110 3015 117 3030 '
147 3015 257 3082 culavit,
282 3015 429 3087 superstite
451 3015 542 3072 adhue
565 3015 739 3072 sanctissimo
753 3032 821 3088 papa
841 3018 947 3089 Grego-

147 3108 266 3175 rionl;
280 3109 318 3163 ita
331 3108 381 3164 iste
394 3111 558 3176 Lucanam,

147 3202 287 3273 episcopo.
303 3204 420 3273 Itaque,
437 3210 467 3257 ut
489 3201 639 3258 beatissimi
658 3202 788 3273 martyris
819 3202 945 3274 Cypriani

144 3294 237 3351 verbis
254 3302 315 3350 utar
331 3312 337 3348 :
358 3295 456 3355 Nullas
468 3297 509 3352 oei
522 3297 583 3359 isle,
598 3297 639 3351 vel
652 3296 697 3350 ille
710 3319 717 3363 ;
732 3298 800 3367 quio
822 3312 869 3351 rtet·
884 3312 946 3351 suc-

148 3403 243 3457 cessor,
260 3404 308 3443 aee
321 3393 468 3444 oruecessor
491 3390 649 3459 cujusquam
667 3395 716 3443 out
731 3391 789 3459 illc,
803 3395 852 3444 tritt
872 3394 944 3446 iste:

145 3482 223 3536 ambo
232 3483 389 3552 parricide,
410 3483 486 3537 ambo
507 3483 710 3538 sceleratissimi
732 3485 875 3538 violatores
889 3500 945 3539 suec

145 3576 242 3629 matris
256 3575 390 3630 Ecclesiae.

1006 434 1053 490 tiis
1069 435 1234 506 implicatur.

1042 527 1235 583 Sanctissimus
1254 517 1338 599 igitur
1352 527 1414 583 talis
1433 527 1480 583 ille
1502 526 1658 598 discipulus
1677 526 1802 586 anomia

1006 621 1077 677 illius
1097 624 1193 689 [Baa.,
1208 620 1402 678 sanctissimus
1412 621 1504 692 itaque
1521 620 1660 677 dominus
1674 628 1801 677 nosmret

1006 716 1085 771 Pater
1099 715 1247 770 anselmus
1260 714 1392 771 custodiae
1410 712 1493 782 illius]
1519 722 1546 770 et
1565 714 1665 771 studet
1686 722 1799 787 satagere

1006 817 1034 864 et
1048 809 1124 864 orsini
1137 809 1228 865 studio
1242 809 1396 865 sanctitatis
1413 808 1500 880 magis
1516 823 1547 863 ac
1560 807 1654 879 magis
1668 807 1703 864 de
1725 808 1798 864 dicin

1006 902 1078 958 diem
1091 901 1275 959 exardescere.
1293 904 1443 958 Possumus
1455 901 1611 957 certissime
1628 901 1666 957 de
1677 900 1724 957 illo
1737 899 1797 958 aldr-

1007 1011 1083 1052 mare
1096 995 1170 1067 quod
1188 995 1300 1068 replevit
1315 1011 1379 1051 eum
1395 995 1531 1051 Dominus
1542 994 1648 1066 spiritu
1668 995 1797 1068 sapientia

1006 1099 1034 1146 et
1046 1090 1201 1145 intellectus
1213 1091 1304 1157 (Ereti.
1319 1091 1385 1157 xv).
1397 1091 1431 1144 ht
1445 1096 1506 1144 erat
1521 1088 1616 1159 magni
1633 1088 1743 1145 consilii
1756 1080 1795 1145 αι’

1006 1186 1091 1257 gelus.
1117 1189 1187 1242 Nam
1211 1201 1274 1241 curn
1297 1186 1384 1241 multa
1406 1184 1518 1241 haberet
1539 1184 1689 1242 saecularia
1708 1185 1796 1258 judicit

1005 1281 1186 1351 suprascripta
1209 1283 1243 1335 Ι).
1261 1278 1405 1345 Mathilda,
1428 1278 1525 1335 devota
1551 1281 1589 1333 D.
1605 1279 1687 1335 Petri
1710 1280 1795 1336 analio

1006 1374 1098 1446 litua,
1113 1372 1224 1429 domina
1238 1371 1391 1439 Mathildis,
1412 1371 1493 1427 unica
1512 1375 1545 1427 B.
1562 1372 1638 1428 Petri
1654 1370 1734 1443 iilia],
1749 1375 1796 1446 ipse

1005 1467 1063 1523 suis
1081 1481 1143 1523 earn
1164 1466 1286 1522 consiliis
1305 1466 1343 1521 ita
1359 1480 1490 1538 peragere
1513 1462 1580 1522 lecit
1601 1466 1711 1535 omnia,
1736 1475 1794 1537 utet

1004 1561 1156 1633 evangelica
1175 1566 1363 1632 praeceptam
1384 1573 1520 1615 canormm
1543 1560 1689 1628 instituta,
1703 1560 1794 1633 legun-

1004 1670 1056 1727 que
1074 1652 1136 1725 jura
1163 1661 1299 1721 servaret3
1323 1652 1399 1725 quod
1417 1651 1445 1708 in
1469 1652 1601 1710 humanis
1624 1653 1794 1711 mentibusrt

968 1735 1122 1820 Brugeniis
1143 1763 1216 1815 raro,
1231 1747 1273 1803 vel
1288 1762 1430 1818 nunquam
1451 1745 1598 1803 invenitur.
1623 1749 1730 1804 Verum
1746 1748 1793 1819 ipse

1005 1857 1056 1898 suo
1075 1857 1090 1897 a
1109 1841 1239 1914 magistro
1253 1834 1409 1896 beatissimo
1431 1855 1499 1912 papa
1520 1840 1666 1912 Gregorio
1680 1841 1717 1897 sic
1734 1839 1793 1898 didi

1004 1942 1091 2003 ceret;
1104 1935 1222 2007 Spiritus
1233 1948 1297 1990 vero
1311 1941 1424 1989 sanctus
1438 1943 1589 2005 utrumque
1601 1934 1762 2005 repleverat.

1037 2031 1115 2084 Tune
1135 2043 1199 2099 ergo
1219 2025 1373 2082 incredibili
1382 2025 1443 2098 jam
1464 2025 1551 2082 modo
1565 2026 1791 2085 Romanusorbis

1005 2122 1033 2176 in
1046 2137 1075 2177 se
1091 2121 1179 2193 ipsum
1192 2119 1305 2176 fremuit
1317 2129 1345 2176 et
1356 2120 1496 2176 insanivit.
1515 2122 1589 2176 Nam
1601 2121 1754 2188 Heiuriens,
1765 2120 1792 2175 b

1004 2215 1056 2270 lius
1073 2214 1247 2285 imperatoris
1262 2212 1383 2269 Heinrici
1405 2212 1494 2281 tertii,
1520 2229 1641 2286 magnas
1657 2215 1687 2271 in
1706 2229 1791 2271 omnes

1003 2306 1157 2365 Catholicos
1178 2306 1335 2363 iuimicitias
1359 2307 1518 2375 exercebat;
1535 2307 1583 2379 qui
1606 2306 1680 2364 dum
1696 2308 1789 2380 abipsa

1004 2400 1128 2469 infantia,
1149 2399 1280 2456 defuncto
1297 2400 1354 2472 iam
1370 2408 1456 2471 patre,
1478 2402 1647 2473 suscepisset
1660 2400 1734 2474 regni
1745 2416 1790 2473 gr·

1002 2493 1159 2561 bemacula,
1180 2493 1324 2564 impletum
1346 2493 1474 2565 estquod
1489 2509 1538 2565 per
1552 2495 1728 2551 Salomonem
1748 2493 1785 2549 di·

1002 2596 1080 2643 ctum
1092 2598 1133 2643 est
1153 2605 1160 2643 :
1179 2591 1224 2644 Voe
1245 2591 1335 2649 terrac,
1351 2588 1428 2656 cujus
1441 2604 1490 2642 rea
1502 2604 1571 2657 puer
1591 2587 1785 2658 miltiades).

1003 2685 1073 2738 Nam
1096 2681 1246 2752 puerilibus
1266 2696 1295 2737 se
1319 2681 1440 2737 consiliis
1463 2681 1653 2749 committens,
1672 2680 1788 2737 omnium

1002 2791 1102 2847 genera
1127 2774 1318 2847 spurcitiarum
1340 2774 1469 2842 edoctus,
1494 2784 1626 2832 cunctam
1649 2790 1714 2833 mox
1735 2775 1788 2831 reli·

1001 2869 1111 2939 gionem
1134 2868 1234 2939 etjura
1250 2867 1342 2924 omnia
1366 2866 1536 2923 confundere
1550 2883 1609 2924 non
1633 2867 1787 2935 embuitac

1002 2976 1059 3017 snae
1086 2960 1191 3016 libidini
1218 2961 1245 3015 in
1267 2959 1395 3017 omnibus
1418 2959 1641 3031 turpitudinibus
1666 2960 1787 3018 insorduit

1001 3055 1174 3123 [sicquidem
1186 3070 1253 3116 ars..
1265 3055 1336 3121 sorte
1349 3053 1452 3109 studuit
1464 3052 1538 3126 lapi.
1553 3053 1786 3127 llio-siquidemio

567 3109 947 3180 v¹v⁰¹¹²⁰¹⁰¹¹ss¹⁰⁵¹⁵⁸¹m⁰⁸¹¹⁰
966 3135 1123 3219 Ctemporc
1135 3162 1193 3201 non
1208 3147 1352 3218 quisquam
1373 3147 1528 3219 episcopus,
1550 3156 1602 3203 aut
1626 3147 1728 3218 abbas,
1740 3148 1785 3203 sive

1001 3239 1162 3311 praepositus
1175 3254 1234 3295 esse
1250 3241 1348 3311 potuit,
1369 3239 1422 3296 nisi
1438 3239 1486 3310 qui
1503 3239 1640 3311 majorem
1654 3241 1783 3312 pecuniam

1000 3332 1106 3401 habuit,
1120 3334 1160 3388 vel
1184 3332 1269 3403 ipsius
1291 3333 1483 3405 spurcitiarum
1508 3349 1628 3405 compos
1640 3334 1743 3391 exstitit
1762 3340 1784 3388 et

999 3426 1087 3483 lautor
1105 3426 1229 3482 assensit.
1249 3428 1290 3482 De
1308 3425 1411 3483 nullius
1424 3433 1499 3483 certe
1519 3426 1575 3482 vita
1589 3427 1631 3483 vel
1651 3442 1780 3484 conterat·

998 3520 1074 3576 tione
1090 3520 1221 3592 agebatur
1235 3520 1319 3587 bona,
1336 3520 1392 3576 imo
1411 3518 1606 3576 abominabilis
1627 3520 1722 3594 religio
1735 3535 1780 3576 on·

997 3617 1052 3681 nis,
1065 3624 1093 3672 et
1105 3616 1207 3671 veritas
1219 3623 1302 3687 atque
1319 3612 1429 3685 justitia
1447 3613 1615 3670 habebatur.
1629 3615 1681 3672 llle
1703 3628 1776 3672 saca·

182 3696 255 3761 (⁴8⁰)
269 3696 343 3751 Dum
355 3711 421 3767 018⁰
439 3697 566 3766 1111111111
580 3697 711 3765 1111111111
727 3702 813 3756 illaria
831 3717 943 3759 securus
996 3709 1047 3766 dos
1061 3708 1231 3775 laudabilior,
1253 3707 1332 3779 cujus
1345 3708 1428 3764 vestis
1442 3707 1592 3780 comptior,
1606 3709 1690 3781 cujus
1702 3721 1776 3765 meos

145 3785 313 3843 desideraret
327 3786 434 3857 sedere,
459 3788 523 3844 lacti
546 3798 612 3845 sunt
623 3792 742 3863 episcopi
766 3802 794 3849 et
810 3795 943 3866 principes
996 3802 1143 3874 copiosior,
1157 3802 1236 3874 cujus
1259 3800 1413 3856 concubina
1434 3801 1614 3873 splendidior.
1640 3805 1698 3859 Nec
1717 3800 1775 3858 nte

145 3893 214 3949 pene
234 3893 332 3934 omnes
352 3895 410 3936 non
425 3882 528 3950 solum,
543 3881 615 3951 dico,
632 3883 829 3954 inobedientes,
847 3903 941 3944 verum
995 3894 1138 3951 dicebatur
1151 3894 1298 3967 gloriosus,
1321 3894 1374 3951 nisi
1388 3903 1429 3951 ter
1451 3892 1537 3951 fuerit
1559 3904 1610 3952 aut
1623 3904 1718 3968 qnater
1728 3908 1772 3967 ptr·

145 3971 260 4026 omnino
280 3970 396 4027 rebelles
418 3981 519 4030 sanetae
544 3974 600 4030 sedi
624 3977 776 4043 Romana,
790 3985 818 4033 et
833 3979 941 4038 inventa
991 3988 1089 4060 jurnsr
1104 3988 1178 4060 qrrod
1192 3987 1258 4044 dum
1281 3987 1454 4044 beatissimus
1478 4005 1547 4062 papa
1571 3989 1719 4063 Gregorius
1736 3986 1772 4044 do·

145 4063 254 4120 estsola
266 4071 348 4136 atque
362 4064 454 4133 unica,
467 4065 521 4122 dua
545 4076 573 4123 et
591 4067 788 4126 marchionissa
805 4071 939 4130 ltlathilda
994 4081 1094 4138 tensae
1108 4081 1193 4139 iustis
1208 4080 1412 4149 consideraret,
1428 4081 1539 4153 cupiens
1559 4090 1684 4140 saneta·
1695 4079 1772 4137 nerle

143 4156 172 4211 in
183 4155 237 4212 tide
250 4172 424 4227 permanens,
437 4159 528 4215 zelum
540 4160 590 4216 Dei
605 4160 717 4230 hahens,
732 4163 848 4221 domino
862 4182 940 4238 papae
993 4174 1063 4230 siam
1080 4175 1141 4230 usui
1156 4173 1339 4231 eeclesiastico
1360 4182 1387 4230 et
1399 4171 1504 4246 legibus
1518 4177 1665 4233 restituere
1674 4170 1772 4230 uncnt

144 4249 279 4320 Gregorio
289 4248 427 4323 obediens,
438 4253 511 4325 quia,
527 4262 557 4310 ut
570 4255 770 4313 sanctissimam
784 4259 842 4331 ejus
856 4259 938 4316 vitam
993 4269 1042 4335 cis,
1067 4268 1145 4323 misit
1161 4266 1196 4323 ad
1218 4283 1281 4323 eum
1297 4266 1455 4340 frequenter
1471 4268 1611 4340 benignas
1624 4267 1769 4341 legatione.

141 4349 169 4397 et
182 4341 322 4415 religionis
336 4346 617 4416 eognovitardorem,
633 4356 723 4404 totam
739 4366 769 4406 se
781 4367 838 4409 suae
852 4353 935 4410 tradi·
992 4369 1052 4416 tum
1068 4369 1180 4433 paterne
1193 4361 1354 4430 admonens,
1374 4369 1435 4416 tum
1454 4361 1579 4432 asperius
1593 4362 1676 4418 etiam
1696 4359 1771 4418 redet·

55 4452 69 4467 .
140 4433 183 4492 dit
199 4434 389 4508 dispositioni,
410 4454 529 4510 sperans
543 4441 577 4497 ab
594 4443 724 4499 oneribus
737 4443 834 4500 mundi
855 4446 937 4520 huius
992 4469 1087 4525 gneus.
1690 4515 1691 4518 ,

141 4528 189 4583 tali
210 4529 365 4587 ohedientia
389 4531 531 4604 explicari;
546 4533 591 4589 cui
613 4535 767 4592 econtrario
782 4537 812 4592 in
836 4540 933 4595 remis·
950 4505 975 4567 D
1026 4546 1110 4617 Atqui
1125 4546 1193 4603 dum
1210 4547 1262 4605 hoe
1275 4563 1383 4621 quoque
1398 4546 1481 4604 modo
1495 4548 1655 4607 minimese
1673 4544 1772 4623 wethi

140 4620 249 4677 siouem
262 4621 354 4692 datur,
375 4633 417 4691 ut,
433 4625 510 4697 quasi
534 4626 618 4682 altera
638 4627 766 4685 Debbota
787 4632 861 4697 (lud.
879 4635 935 4705 rvi,
989 4640 1133 4711 prolicere,
1148 4641 1262 4698 taudem
1275 4640 1375 4697 direxit
1388 4640 1423 4697 ad
1435 4657 1498 4698 enm
1519 4651 1641 4699 matrem
1655 4643 1770 4716 ipsiustt

141 4712 273 4816 populum
295 4714 418 4788 judicet,
444 4717 570 4774 militiam
597 4729 721 4793 peragat,
745 4722 882 4781 hereticis
905 4742 937 4783 ac
990 4732 1190 4804 ligiosissimam
1201 4734 1405 4807 imperatricem
1420 4739 1570 4805 agnetem,
1585 4745 1614 4792 et
1624 4746 1771 4793 cumeare

139 4804 319 4863 schismaticis
339 4809 458 4864 resistat.
484 4814 577 4882 Atque
597 4828 633 4869 nc
646 4822 778 4887 tauquam
792 4818 851 4874 sola
866 4818 934 4877 delr-
987 4827 1197 4884 verendissimos
1210 4827 1281 4884 duos
1293 4828 1452 4899 episcopos,
1465 4809 1673 4885 Praenestinum
1697 4836 1724 4885 et
1733 4828 1771 4884 Cu·

138 4896 205 4964 ciat,
219 4896 398 4956 custodienda
411 4903 622 4960 commendatur
634 4909 798 4981 praecripto
813 4913 933 4971 Lucensi
987 4935 1111 4991 manum,
1126 4921 1228 4993 quibus
1240 4923 1335 4994 utique
1347 4922 1539 4992 praesentibus,
1558 4921 1659 4979 audito
1678 4921 1771 4994 diliget·

139 4990 305 5063 episcopos.
318 4993 467 5064 amoime,
484 4998 704 5070 commendatur,
718 5001 842 5074 inquam,
858 5007 933 5063 omni

138 5080 286 5156 diligentia,
297 5094 325 5141 et
343 5084 446 5144 affectu
460 5087 598 5147 charitatis
612 5095 823 5153 commendatur
836 5113 852 5153 a
871 5098 934 5156 bea·

137 5175 246 5234 tissime
275 5179 406 5252 magistro
430 5180 589 5240 fidelissimo
625 5185 778 5258 discipulo,
806 5188 878 5247 sicut
904 5192 932 5249 in

135 5284 216 5325 cruce
234 5270 361 5328 Christus
380 5281 500 5331 matrem
522 5276 662 5349 Virginem
677 5279 774 5352 virgini
798 5281 931 5357 discipulo

135 5362 352 5434 commendavit,
367 5368 603 5439 normannicus,
624 5375 690 5428 Ecce
701 5375 777 5445 pilius
791 5381 870 5447 tuas;
896 5378 931 5435 ad

135 5451 298 5525 discipulum
312 5465 416 5529 autem,
431 5476 486 5516 ecee
499 5468 587 5519 muter
608 5469 657 5520 tao
676 5468 762 5540 (Joou.
787 5474 870 5544 xix).
891 5474 931 5529 lta

135 5559 210 5619 ergo,
221 5545 290 5604 dum
301 5557 417 5623 uterque
426 5554 523 5612 mundi
538 5558 680 5631 voragines
691 5561 817 5632 evadere,
831 5574 859 5622 et
867 5581 931 5623 eon·

987 5021 1028 5068 ter
1042 5029 1139 5070 eorum
1151 5015 1278 5082 consilio,
1290 5015 1480 5086 poenitentiam
1494 5014 1650 5083 simulavit,
1663 5013 1770 5071 obedien

986 5105 1053 5161 tiam
1069 5107 1185 5175 devovit,
1202 5105 1426 5165 emendationem
1441 5107 1475 5165 de
1496 5107 1630 5164 omuibus
1646 5103 1765 5181 promitit·

986 5197 1180 5255 Redeuntihus
1199 5200 1370 5268 autemillis,
1385 5200 1412 5256 in
1434 5200 1557 5272 seipsum
1579 5208 1622 5257 est
1638 5201 1685 5259 ille
1698 5210 1769 5257 reve·

985 5306 1042 5358 sus,
1065 5291 1183 5348 deterior
1209 5310 1292 5365 quam
1313 5295 1382 5351 olim
1412 5293 1539 5351 allectus.
1566 5296 1643 5351 liam
1667 5289 1767 5351 tmudu

985 5383 1083 5440 deinde
1097 5385 1210 5442 audacia
1232 5396 1259 5442 et
1280 5386 1438 5445 admirabili
1454 5387 1583 5461 superbia
1598 5389 1642 5445 sui
1656 5382 1766 5445 bonu

984 5487 1134 5549 compotes,
1150 5495 1200 5536 nec
1210 5479 1341 5538 dicendos
1352 5480 1464 5553 collegit
1477 5483 1627 5554 episcopos
1646 5482 1675 5538 io
1688 5476 1763 5539 011111
1819 5522 1822 5559 ,

984 5579 1041 5627 tem
1052 5573 1247 5642 wormatiam,
1262 5573 1410 5648 habitoque
1422 5573 1609 5632 conciliabulo
1618 5571 1763 5647 proscriptas
1819 5612 1822 5651 ;

171 5745 244 5818 (teo)
259 5748 368 5806 Recitat
380 5750 438 5810 haee
450 5756 563 5826 Batou,
576 5765 645 5814 tom.
666 5762 700 5827 11,
716 5776 790 5819 anno
807 5769 886 5830 1014,
898 5782 927 5822 ιι.
946 5772 989 5835 tt,
1002 5766 1049 5839 qui
1067 5767 1141 5840 legit,
1155 5785 1215 5825 cum
1234 5773 1305 5825 crrim
1317 5772 1437 5840 pertitus.
