3884 6158
176 237 227 297 sta
516 231 544 288 S.
565 227 787 289 succutitur
807 227 903 287 PAPAE
921 223 1058 286 eureus
1076 221 1164 283 PARS
1183 221 1205 279 l.
1224 246 1267 321 -
1278 214 1478 278 REGISTRUM.
1751 221 1823 277 'buil

177 360 277 423 christi
288 360 371 420 nubis
382 356 522 418 commissi
546 354 646 425 salute,
665 370 700 412 er
712 353 909 428 omnipotentis
921 352 973 412 liei
985 356 1013 423 Λ
1026 365 1083 410 non
1107 347 1283 422 denegamus.
1308 346 1414 404 interea
1437 316 1587 420 apostoliea
1613 343 1826 405 benemeritus

177 458 440 532 parteetitomaum
452 448 971 519 Eccleeimmniversalisvidelicetma·
1027 454 1086 505 tam
1113 459 1163 502 vos
1189 457 1273 517 qnam
1301 448 1416 502 amtevm
1443 439 1596 515 ubicumque
1623 439 1828 516 pouessionem

50 586 53 593 -
177 548 234 615 tris.
258 548 404 624 apostolica
423 545 583 604 auctoritate
608 558 755 602 monemus
775 551 803 600 at
828 542 974 601 invitamus
1027 540 1109 599 habet
1122 551 1278 605 monemus,
1298 543 1327 593 et
1346 534 1506 594 auctoritate
1525 534 1699 610 praecipimus
1718 543 1750 594 ut
1763 549 1828 593 om·

178 660 227 702 vos
240 652 273 701 ut
282 643 317 701 ad
330 639 478 715 synodum,
490 654 585 713 quam,
599 642 662 696 Deo
675 644 797 707 auctore,
810 636 837 695 in
851 636 974 711 proxima
1027 649 1092 694 nem
1107 634 1244 693 honorem
1258 646 1425 704 omnemque
1435 629 1616 689 mserentiam
1634 629 1686 688 sibi
1700 629 1829 689 eulribere

177 746 299 797 senturae
322 733 544 809 Quadragesimae
566 732 652 806 prima
666 730 840 790 bebdomada
857 730 974 790 celebra·
1028 746 1086 789 uon
1098 728 1249 804 denegetis,
1263 741 1297 786 ae
1309 741 1374 785 eum
1392 741 1457 783 cum
1468 724 1598 784 omnibus
1611 739 1674 800 qua
1696 731 1829 784 ιιιιιιιιιιι

177 831 232 887 turi
246 843 352 896 sumus,
365 826 534 884 conveniatis
555 847 562 883 ε
584 824 700 883 scientes
721 839 771 882 vos
790 838 902 882 mauros
914 823 974 882 fore
1027 833 1087 884 tute
1098 824 1197 883 etsiae
1215 821 1294 881 omui
1312 813 1439 878 molestia
1451 835 1499 878 scu
1511 818 1703 893 inquietudine
1716 835 1829 878 manere

179 924 216 983 ab
239 923 313 979 omni
339 922 449 980 lusione
472 921 536 977 vitre
556 927 586 977 et
610 918 812 987 membrorum,
828 931 975 992 rerumque
1029 918 1193 996 permittatis
1215 914 1444 989 :scientesquod
1466 914 1489 972 si
1511 913 1721 974 aliterieceritis
1743 913 1830 988 (quud

53 1004 56 1009 ⁴
178 1024 341 1087 vestrarum,
369 1023 397 1073 ct
420 1015 454 1071 ab
482 1014 557 1072 omni
592 1014 715 1072 saeculari
741 1012 852 1087 injuria,
878 1027 976 1070 eorum
1029 1031 1084 1073 non
1105 1012 1251 1084 credimus)
1265 1027 1297 1069 ac
1310 1010 1334 1069 ei
1348 1010 1482 1068 bonorem
1501 1010 1737 1084 reverentiamque
1760 1008 1831 1067 sub·

177 1112 282 1169 seilicet
299 1126 370 1185 quos
388 1109 574 1182 constringere
591 1108 750 1181 poterimus.
775 1105 871 1165 Sciatis
893 1106 976 1164 etiam
1029 1109 1173 1178 traxeritis,
1188 1116 1216 1166 et
1235 1121 1300 1164 eum
1313 1113 1342 1165 et
1362 1118 1425 1180 qua
1438 1119 1488 1163 sua
1502 1112 1567 1163 sunt
1579 1104 1670 1179 quiete
1684 1112 1712 1161 et
1730 1119 1830 1161 secure

179 1204 252 1279 quud
266 1204 338 1278 apud
362 1219 413 1261 nos
436 1203 536 1260 nullius
550 1217 672 1276 unquam
696 1201 791 1259 odium
814 1209 862 1258 aut
883 1215 977 1275 preces
1030 1220 1141 1263 manere
1163 1200 1277 1263 minime
1298 1199 1485 1275 permiseritis,
1512 1199 1550 1256 ita
1578 1199 1608 1257 in
1632 1213 1680 1256 vos
1702 1198 1776 1257 sicut
1802 1199 1831 1256 in

179 1314 227 1357 seu
250 1298 337 1371 turpis
357 1295 486 1370 iaetantia
513 1298 606 1355 lecum
631 1295 756 1354 obtinere
782 1295 893 1370 poterit,
921 1310 976 1369 quo
1031 1301 1123 1357 lrostes
1143 1306 1252 1355 nostros
1266 1303 1293 1353 et
1306 1295 1463 1368 apostolice
1484 1292 1559 1353 sedis
1578 1291 1752 1351 adversarius
1770 1292 1830 1351 vin·

180 1400 277 1450 contra
300 1407 349 1450 vos
373 1392 401 1448 in
427 1390 517 1465 alique
540 1389 704 1464 injustitiam
729 1404 854 1447 exercere
878 1388 976 1463 pessit3
1031 1393 1134 1453 dictam
1142 1400 1171 1450 et
1180 1390 1336 1464 apostolica
1349 1388 1461 1447 ultionis
1473 1387 1596 1463 gladium
1605 1402 1759 1446 exeremus.
1769 1390 1831 1446 llos

180 1487 239 1544 ime
253 1485 499 1560 rigoremjuatitiae
512 1484 761 1559 (proutpossimus)
780 1489 976 1557 temperantes,
1032 1500 1097 1546 vero
1109 1484 1386 1560 eumpredicteviro
1404 1485 1537 1552 musone,
1565 1485 1625 1541 Deo
1638 1480 1763 1557 juvante,
1774 1480 1831 1539 tale

179 1580 320 1655 indulgere
333 1580 410 1637 vobis
426 1587 559 1654 quantum
571 1579 630 1636 sinc
643 1577 808 1637 detrimento
822 1577 978 1636 animarum
1030 1581 1178 1642 consilium
1196 1577 1409 1649 adinveniemus,
1428 1575 1503 1652 quod
1518 1578 1607 1635 bonor
1626 1584 1726 1634 vestras
1738 1575 1832 1634 Eccle-

180 1672 861 1748 vestrarumetnostreperieulepotevimuspsrati
870 1685 977 1732 snmus.
1031 1671 1409 1736 rimetutilitasinomnibus
1417 1672 1611 1746 meliusquam
1623 1671 1702 1730 solito
1716 1669 1829 1746 vigebit.

180 1771 376 1829 Desideramus
397 1771 470 1828 enim
489 1770 595 1844 pot-ius,
615 1773 674 1826 Deo
691 1777 770 1839 teste,
784 1775 883 1827 vmtrae
901 1749 1020 1826 mluull
1069 1776 1141 1831 nata
1160 1773 1260 1830 nomm
1273 1767 1370 1844 quluto
1384 1771 1438 1839 [tv]
1457 1766 1597 1826 Kalendas
1614 1765 1767 1835 Februarii,
1790 1764 1832 1822 in·

180 1872 208 1921 et
223 1864 316 1939 pepuli
327 1864 405 1923 vobis
420 1862 514 1922 crediti
536 1863 691 1932 consulere,
710 1878 795 1936 quam
811 1871 907 1925 nostro
926 1876 979 1923 se·
1031 1867 1149 1931 dictim
1163 1865 1260 1942 prima.
1331 1913 1334 1917 .

180 1958 265 2015 culari
276 1957 426 2017 commodo
444 1959 474 2015 in
487 1958 578 2032 aliquo
592 1956 745 2031 providere.
1305 1965 1481 2026 EPISTOLA
1491 1965 1553 2023 XV.

218 2056 288 2110 Data
298 2055 398 2111 Romae
410 2053 505 2126 quinto
519 2051 659 2110 Kalendas
668 2050 820 2122 Februarii,
833 2049 981 2110 indictione
1292 2084 1338 2129 g„
1364 2083 1572 2129 mmm

125 2170 127 2177 ’
181 2145 280 2224 prima.
378 2153 381 2157 ’
1338 2166 1430 2239 (anno
1447 2168 1537 2235 sorr.)

450 2240 624 2297 EPlSTOLA
633 2242 711 2296 le.
1035 2273 1146 2346 uestes
1156 2269 1466 2343 apostolieese'cauoodo
1476 2271 1654 2341 ltomcoepro
1663 2265 1834 2323 concussum

419 2361 461 2404 sn
481 2359 740 2403 sunsnrsvnusns.
1069 2361 1137 2417 poce
1149 2345 1272 2416 iureque
1285 2343 1426 2399 Teutonico
1436 2342 1522 2410 sebee
1533 2341 1683 2410 ἀιιιὶιιιαιοι
1699 2340 1751 2402 ee.
1766 2352 1836 2410 quus

485 2442 575 2506 (guno
589 2444 680 2505 1077.)
1071 2417 1203 2489 iuspedire
1223 2417 1249 2469 si
1269 2416 1331 2486 quis
1351 2417 1585 2485 praeesumeret
1604 2411 1832 2468 ammonicus.

189 2538 224 2594 Ut
244 2535 370 2602 Santoni,
392 2535 452 2604 qui,
467 2535 617 2601 consuletis
630 2531 818 2588 omnibussibe'
831 2533 865 2586 ub
879 2533 983 2587 semeriis
1071 2486 1512 2630 ffifflssfflffffloeffl
1528 2485 1680 2614 &⁰⁸ssss
1690 2482 1836 2610 mm

139 2642 171 2694 ⁹
217 2602 983 2748 lltlt.⁶ltilltutttttttltt‘ttt
1072 2633 1469 2774 ggpggggggggtvee
1482 2643 1534 2702 ,o
1548 2625 1837 2700 aestimetur·

216 2748 539 2820 numaquemoustruuit,
555 2763 657 2803 emnem
670 2747 840 2803 boueremuc
860 2761 983 2803 reveretu-
1303 2806 1311 2822 ,
1754 2803 1761 2819 ‚

217 2825 287 2876 trum
313 2821 464 2883 cubibeuot,
492 2820 573 2875 doetcc
602 2818 782 2890 diffinitivum
813 2819 981 2888 seutenttbm,
1074 2810 1251 2870 Gttscouttts
1268 2820 1533 2884 eprseopus,servus
1551 2818 1692 2864 sumerum
1709 2807 1776 2875 ner,
1795 2816 1837 2862 ar·

217 2892 306 2948 adbuc
320 2906 486 2962 detentam»
501 2889 625 2946 deitati&
1039 2903 1227 2979 cbiepiscopis,
1247 2901 1392 2978 episeopis,
1413 2899 1530 2972 clericis,
1554 2899 1681 2972 ducibus,
1705 2896 1838 2972 principi·

217 2993 561 3069 Gauuoavuscpiseopus,
576 3007 821 3052 servasservorum
835 2991 983 3062 Dei,clero
1037 2999 1100 3070 nm,
1137 2996 1353 3068 marchionibus,
1399 2994 1582 3069 omnibusque
1619 2991 1773 3069 majoribus
1809 2998 1839 3051 et

182 3096 210 3151 st
230 3089 330 3165 populo
353 3086 561 3147 Aurelianensis
582 3086 713 3147 Ecclesiae
734 3087 851 3157 salutem
865 3093 893 3144 et
915 3100 984 3159 apu-
998 3113 1022 3179 G
1036 3092 1192 3152 minoribus
1209 3092 1237 3150 in
1259 3090 1411 3151 Teutonico
1421 3105 1507 3165 regno
1531 3088 1699 3157 mnsutuus,
1711 3086 1840 3161 exeeptis

180 3182 544 3247 stelicambcnedictionem.
1040 3186 1083 3246 his
1101 3186 1149 3260 qui
1167 3184 1297 3244 cmunice
1310 3181 1590 3243 excommunicatione
1607 3187 1745 3253 tenentur,
1765 3180 1839 3239 salu·

216 3279 336 3340 Litteras
356 3295 373 3337 a
395 3276 477 3336 vobis
491 3275 595 3335 delatas
618 3275 798 3350 apostolicam
819 3275 912 3335 sedem
938 3291 983 3333 ac·
1039 3291 1094 3341 tom
1114 3289 1143 3340 ot
1161 3278 1341 3354 apostolicam
1359 3277 1577 3337 benedictionem
1600 3277 1637 3347 [Si
1658 3274 1774 3335 decretis
1797 3275 1834 3334 It.

183 3370 287 3449 cepisse
308 3389 366 3432 nun
385 3370 510 3446 ignorare
528 3386 578 3429 vos
598 3370 750 3440 credimus,
773 3369 871 3444 quibus
888 3369 983 3427 electio
1040 3378 1072 3436 ις,
1089 3374 1260 3445 obedierim}

182 3467 344 3543 episcopalis
356 3466 428 3526 iacta
440 3466 469 3524 in
488 3465 611 3524 Sanzone
628 3464 757 3522 Fcclesiae
770 3472 867 3523 vestrm
886 3464 983 3522 clerico
1075 3473 1179 3530 luorum
1204 3468 1282 3527 vobis
1300 3467 1360 3527 lieri
1383 3466 1521 3536 volumus,
1546 3465 1642 3524 babes
1672 3463 1839 3534 charissimi,

184 3563 381 3621 intimabatur:
392 3561 493 3635 quibus
510 3559 641 3634 quoniam
652 3558 826 3617 honestatem
840 3558 899 3632 ejus
910 3557 982 3632 jam·
1041 3564 1154 3640 quodin
1167 3563 1313 3640 eusynode
1323 3577 1407 3641 qtram
1419 3562 1617 3635 nuperltumas
1628 3559 1840 3630 celebravimus,

186 3657 294 3732 pridem
309 3655 484 3729 agnovimus,
507 3651 591 3710 ddem
602 3652 811 3710 accommodare
828 3667 982 3710 assensum·
1040 3660 1113 3718 lotor
1135 3658 1222 3717 multa
1250 3656 1301 3716 otia
1326 3671 1389 3731 qum
1407 3654 1442 3715 do
1462 3662 1533 3715 statu
1558 3654 1843 3726 montanismum]

186 3764 241 3827 que
255 3747 378 3824 prebere
398 3746 484 3821 parati
503 3761 608 3805 sumus.
629 3744 682 3803 sed
699 3745 832 3820 quoniam
855 3745 984 3804 instinctu
1039 3753 1182 3823 molesios,
1193 3756 1253 3811 Deo
1272 3757 1447 3826 cooperante,
1469 3749 1638 3824 peregimus,
1660 3747 1695 3807 de
1712 3747 1796 3806 ruins
1813 3754 1843 3806 et

137 3916 140 3923 Ι
186 3858 274 3919 queve
287 3851 349 3900 actu
364 3840 501 3899 nescimus
513 3840 662 3915 inopinatae
676 3840 774 3898 litterae
785 3839 852 3897 nihil
861 3840 984 3912 priorum
1040 3845 1204 3906 confusione
1227 3843 1390 3904 nobilissimi
1415 3842 1493 3918 regul
1521 3843 1602 3901 vesui
1621 3841 1767 3917 diligsuter
1790 3849 1844 3901 trs·

187 3949 285 3997 sensus
308 3934 450 4000 habentes,
466 3933 533 3999 imo¹
546 3933 682 3993 centraria
695 3933 855 4004 mutientes,
875 3933 910 3990 ad
936 3949 985 3992 no-
1039 3949 1156 4012 oumrm,
1169 3939 1223 3999 troo
1235 3938 1409 3999 salutiferum
1422 3946 1450 3995 ot
1462 3944 1651 4011 opportunum
1665 3951 1716 4009 pro
1730 3950 1842 4010 repara·

188 4038 273 4090 stram
287 4029 464 4105 praesentiam
480 4026 577 4085 delatae
588 4033 662 4097 sunt,
673 4034 800 4085 neuram
811 4025 985 4086 diffinitivam
1040 4034 1115 4093 riom
1128 4033 1202 4109 paolo
1213 4037 1312 4092 vestrm
1325 4032 1385 4091 tore
1397 4031 1566 4106 putavimus,
1583 4038 1614 4087 ut
1624 4028 1747 4104 religiosi
1758 4027 1844 4103 legati

188 4123 361 4193 sententiam,
386 4120 535 4181 nefacere
561 4119 663 4194 aliquid
691 4135 774 4195 super
799 4120 853 4179 hoe
874 4122 985 4195 negotio
1040 4128 1196 4203 apostoliom
1219 4126 1292 4186 sedis
1308 4126 1345 4185 ad
1367 4132 1459 4201 partes
1479 4132 1584 4184 remeas
1607 4121 1773 4198 dirigantur,
1794 4122 1842 4198 qui

120 4244 124 4251 ·
188 4218 390 4295 praecipitanter
412 4223 441 4275 et
450 4214 604 4274 inordinate
621 4214 786 4285 videremur,
808 4215 986 4290 quoadusque
1041 4221 1430 4296 archiopimopoqopiroopm,
1445 4217 1627 4294 otmtigiomo
1644 4216 1770 4301 otooiom,
1790 4230 1844 4275 ooo

189 4314 269 4374 uobis
281 4321 331 4371 aut
350 4310 478 4383 nundum
489 4325 537 4370 seu
549 4310 655 4369 litteras
669 4317 773 4369 vestrm
786 4309 920 4381 mittatis,
943 4325 991 4385 per
1043 4333 1102 4376 non
1120 4316 1206 4375 laicos
1223 4314 1258 4374 ad
1276 4315 1305 4374 id
1318 4315 1442 4386 idoneos,
1455 4314 1555 4372 inloee
1576 4312 1623 4387 qui
1640 4310 1751 4386 utrique
1770 4311 1843 4386 parti

63 4414 70 4421 '
191 4423 260 4484 quas
278 4406 370 4466 omnia
390 4404 513 4480 ciusdem
527 4404 630 4479 negotii
655 4413 714 4462 acta
727 4404 833 4478 plenius
845 4419 991 4479 cognusca-
1043 4409 1140 4470 habits
1162 4416 1192 4468 et
1212 4424 1350 4483 congrum
1362 4408 1408 4481 sit,
1430 4406 1577 4468 convenire
1586 4414 1793 4474 commoneant,
1814 4413 1846 4466 ut

190 4517 264 4572 mus,
284 4500 452 4577 suspendere
473 4499 589 4574 dignum
612 4498 751 4556 duximus.
776 4500 881 4556 Tamen
900 4514 987 4556 mum
1002 4503 1589 4579 poutpaoom,1)oooo1ilmnto,imorvos
1603 4508 1783 4576 componant,
1794 4508 1845 4560 out

191 4609 242 4653 vos
252 4595 322 4653 scire
335 4597 474 4664 volumus,
489 4592 566 4668 qued
586 4593 702 4652 clericos
725 4593 796 4662 illus,
810 4592 886 4667 quia
910 4593 990 4651 vobis
1042 4599 1088 4658 oui
1099 4598 1169 4673 perti
1184 4597 1288 4673 justitia
1302 4596 1552 4657 invoantverooitor
1562 4594 1719 4656 addiscunt.
1732 4595 1845 4655 llamlu

191 4688 296 4747 litteras
316 4688 397 4747 nobis
410 4688 574 4759 detulerant,
589 4688 694 4764 quique
714 4686 833 4747 sanzoni
856 4685 990 4746 senueris
1024 4682 1139 4752 'eadem
1152 4691 1260 4769 synode
1278 4691 1427 4752 dillinitum
1447 4698 1490 4750 est
1502 4689 1578 4766 quod
1597 4704 1650 4749 nes
1671 4694 1768 4748 matra
1783 4702 1845 4749 eam

191 4781 355 4852 renuebant,
377 4797 432 4839 una
449 4797 515 4840 cum
532 4783 732 4857 praenominato
751 4783 875 4843 sanaem
894 4795 990 4840 curam
1043 4795 1151 4862 partem
1175 4803 1239 4863 qum
1258 4802 1354 4862 pacem
1376 4786 1451 4845 laetu
1463 4784 1601 4860 superbia
1623 4782 1796 4855 refutaverit,
1817 4789 1846 4843 et

193 4875 385 4950 episcoporum
409 4883 568 4933 nosuomm
588 4875 732 4950 prasentia
755 4875 901 4951 diligenter
926 4890 990 4950 per·
1044 4880 1388 4956 cuiluetitianoniaverit,
1402 4879 1478 4940 omni
1501 4876 1847 4953 conamineumnlbnsque

194 4963 611 5042 scmtarileeimusrquatenus,
626 4970 768 5044 utriusque
782 4969 866 5045 partis
879 4969 992 5028 veritate
1043 4973 1136 5034 modis
1156 4982 1290 5049 potesmte
1313 4974 1386 5033 beati
1411 4971 1484 5032 Petri
1506 4972 1690 5050 insurgamus.
1717 4974 1755 5030 lit
1780 4971 1846 5048 qula

194 5063 374 5137 precognita,
387 5062 452 5136 quid
465 5062 680 5137 improbandum
693 5064 876 5138 abigeremus,
891 5061 991 5137 quidve
1043 5068 1190 5128 nonnullos
1209 5066 1244 5127 de
1261 5081 1347 5143 regno
1369 5074 1461 5125 vestro
1475 5066 1657 5126 intelleximus
1676 5065 1767 5140 magis
1786 5064 1848 5139 lur-

194 5156 402 5231 epprobandum
426 5155 624 5215 laudassemus.
655 5157 778 5217 Tandem
803 5171 872 5231 pene
899 5156 992 5215 omnia
1044 5163 1120 5238 pum
1137 5169 1165 5221 et
1184 5160 1352 5243 discerdiam
1365 5175 1450 5236 quam
1467 5175 1565 5235 pacem
1583 5157 1703 5234 diligere,
1716 5174 1752 5217 es
1769 5164 1849 5234 parts

194 5263 258 5324 que
275 5250 318 5308 sui
332 5249 424 5307 emuli
436 5248 486 5308 sibi
514 5250 674 5325 obJecerant
698 5254 790 5311 sanae
812 5253 872 5327 ipse
890 5250 992 5311 eoniu-
1045 5255 1239 5330 omnipotentis
1251 5253 1302 5312 Dei
1316 5263 1344 5313 et
1359 5254 1504 5315 beatorum
1518 5253 1709 5329 apestolorum
1731 5252 1850 5313 Patrist

195 5351 270 5411 tans,
284 5342 338 5402 sibi
351 5343 439 5418 magis
455 5343 547 5402 tavare
557 5344 692 5418 iustitiam
703 5344 785 5404 nobis
797 5344 888 5421 dignis
903 5360 992 5404 asser·
1044 5348 1121 5410 Pauli
1137 5348 1327 5408 interdicimus
1339 5356 1372 5409 ut
1390 5349 1483 5408 nullus
1495 5349 1532 5408 sit
1544 5348 1604 5424 qui,
1622 5346 1713 5423 aliquo
1734 5347 1849 5422 mgenls

194 5434 318 5494 tionibus
329 5436 540 5496 demonstravit.
554 5441 673 5510 Verum,
686 5438 751 5515 quia
762 5438 829 5497 nibil
843 5454 929 5515 super
936 5440 990 5500 hue
1045 5451 1093 5503 aut
1104 5440 1195 5503 stvdio
1207 5456 1257 5502 seu
1271 5442 1413 5516 uolentia,
1425 5443 1558 5518 impediat
1569 5441 1716 5518 prtedictes
1726 5438 1849 5502 umas

194 5531 496 5606 negutioaliisquesuis
508 5532 596 5591 causis
610 5533 819 5608 absquenostro
839 5534 992 5610 apostolico
1044 5535 1254 5598 restaurandam
1275 5537 1353 5613 regni
1380 5536 1467 5597 vestri
1487 5536 1666 5596 concordiam
1686 5534 1849 5608 mursulrs,

196 5638 332 5683 censeam
360 5625 508 5685 eonsiiove
534 5640 614 5701 egere
639 5626 726 5701 cupit,
753 5627 864 5688 imese
889 5645 993 5706 meque
1044 5638 1092 5692 eut
1104 5629 1583 5708 convenientsslnstumetlegslem
1606 5629 1671 5690 bute
1694 5628 1850 5691 disserdh

196 5718 290 5777 omnia
307 5717 359 5778 sub
368 5719 456 5779 tutela
474 5719 549 5780 sedis
567 5720 724 5796 apostelicae
743 5723 897 5796 constituit,
910 5739 995 5798 quan
1046 5724 1132 5787 dnem
1152 5725 1306 5801 imponere.
1325 5724 1371 5788 ad
1383 5723 1556 5804 mpummde
1568 5723 1654 5786 eun
1675 5723 1754 5785 nis
1766 5724 1849 5800 ims-

196 5813 319 5872 tumsibi
327 5813 403 5889 juste
411 5814 635 5887 conventrense
648 5815 825 5893 concedente,
836 5831 994 5893 possermtts,
1045 5820 1093 5881 ula
1113 5825 1145 5881 et
1161 5818 1270 5882 illicitos
1283 5826 1407 5891 euastm,
1423 5818 1529 5894 judicio
1552 5818 1641 5880 noeti
1661 5816 1791 5895 suum,
1819 5824 1851 5879 st
