3870 6164
1626 142 1635 171 l

581 287 682 343 blnsslt
697 286 819 344 NONUS.
837 316 874 330 -
891 289 997 345 beist.
1016 289 1092 345 XXX.
1608 302 1662 358 teo

116 411 253 469 ordinatus
265 420 317 478 est,
332 426 390 469 non
402 420 497 468 nostro
519 421 655 485 praecepto
669 413 726 469 aive
742 429 807 469 con-
825 420 851 482 Α
866 412 893 469 in
917 421 1082 485 potestatem
1098 429 1177 471 suam
1200 416 1302 474 illicitis
1315 418 1519 477 conditionibus
1537 421 1660 496 redigere

117 520 206 579 gnum
220 507 463 577 tnncsuscepisse;
478 506 589 578 insuper
603 506 686 563 etiam
709 521 760 563 uos
778 507 807 563 in
864 514 1008 563 conantur.
1025 509 1239 581 conqueruntur
1254 518 1282 566 et
1306 527 1389 585 super
1408 513 1550 570 monachis
1573 516 1661 587 bloie-

116 626 118 645 ι
139 598 318 657 decernentes
345 599 508 666 firmavisse,
532 600 584 656 nisi
611 598 807 677 archiepiscopi
863 601 1002 669 censibus,
1018 602 1066 673 qui
1077 602 1227 673 quamdam
1242 604 1395 673 ecclesiam,
1410 606 1485 663 unde
1496 607 1661 681 interpositis

116 693 200 766 scopi,
215 693 263 766 qni
284 692 360 749 illum
385 693 588 762 ordinaverant,
627 693 681 751 hoc
703 693 808 751 iactum
862 695 1044 753 sacrosanctis
1066 696 1217 769 Evangeliis
1245 701 1396 757 secundum
1417 699 1553 774 judicium
1576 704 1661 776 legati

116 794 183 845 reela
194 784 348 844 detentere
359 788 522 860 potuissent,
537 797 595 845 tam
606 788 682 860 ipsos
693 804 710 845 a
723 787 808 861 digni·
860 790 948 845 nostri
970 792 1018 847 Α..
1023 826 1080 847 .....
1097 790 1247 848 ΕΙΙοιιιιιίι
1262 793 1365 860 [Amati
1380 793 1533 864 olorensis]
1548 795 1658 869 episeo-

116 880 286 954 lsuiaquam
300 890 328 937 et
340 881 484 953 prelatum
496 881 676 955 Rodnlphnm
694 897 808 957 aregno
862 884 902 955 pi,
922 882 1142 940 collaudantibus
1164 883 1223 941 aliis
1248 885 1384 958 episcopis
1406 886 1456 959 qui
1477 889 1601 959 aderant,
1623 891 1658 949 lis

116 990 162 1033 trs.
175 974 321 1033 linimvero
336 975 446 1032 interim
459 976 520 1048 quis
534 975 605 1033 banc
616 984 743 1033 nostram
753 976 808 1035 dis
861 975 933 1033 inter
945 992 994 1035 eos
1003 976 1184 1035 determinata
1204 976 1304 1049 luerat,
1315 978 1412 1037 iterata
1431 980 1658 1057 deteriusiniuria

116 1068 422 1138 nemintsrturbnrerit,
435 1069 552 1126 etmulti
571 1078 692 1127 imnum
703 1071 807 1138 scium,
861 1086 910 1143 per
927 1071 983 1129 vim
995 1071 1106 1129 comitis
1127 1072 1163 1127 W
1168 1112 1224 1129 .....
1239 1072 1319 1141 dalis,
1344 1081 1375 1129 ιιι
1386 1072 1484 1143 fertur,
1500 1077 1658 1135 muneribus

116 1168 186 1219 tram
205 1161 351 1219 seientiam
362 1178 537 1236 nequaquam
549 1161 645 1235 fugere
660 1172 760 1235 potcsc
778 1165 806 1221 Si
861 1164 1167 1237 occupatem,dctinere
1178 1168 1314 1223 nituntur.
1333 1167 1506 1240 Quapropter
1516 1170 1657 1243 experien-

116 1256 240 1313 lenaeus
262 1271 310 1313 rer
328 1256 417 1314 dictus
430 1265 458 1313 et
472 1272 533 1327 pars
551 1257 611 1329 ejus
623 1257 808 1317 obedientiam
861 1260 907 1316 tiae
919 1267 976 1317 tuae
990 1259 1165 1331 precipimus
1175 1267 1205 1315 ut
1219 1260 1374 1331 prelibatus
1383 1268 1442 1319 tam
1452 1261 1566 1319 clericm
1573 1278 1657 1335 qnam

116 1350 273 1407 immiserat
285 1349 376 1419 nohis,
391 1351 447 1407 imo
459 1350 542 1407 beato
556 1353 648 1421 Petro,
661 1362 807 1421 servasset,
861 1362 890 1411 et
903 1352 1067 1422 monachos,
1090 1360 1171 1425 atque
1186 1353 1278 1425 ipsum
1303 1355 1434 1411 comitem
1448 1355 1545 1412 litteris
1556 1364 1585 1413 et
1597 1358 1657 1431 qui·

117 1450 180 1501 nter
191 1443 265 1511 dico,
285 1447 344 1500 Deo
358 1443 477 1515 iuvante,
494 1460 552 1501 non
572 1452 614 1501 tot
628 1446 712 1513 mala,
729 1446 807 1503 vide-
862 1448 914 1506 bus
926 1447 1017 1505 modis
1039 1446 1112 1503 vales
1127 1462 1307 1505 commonere
1320 1464 1461 1520 procures,
1475 1458 1612 1522 quatenus
1625 1466 1658 1509 ea

116 1536 243 1605 »micidia,
253 1538 384 1609 perjuria,
399 1538 550 1611 sacrilegia,
566 1539 731 1596 Simoniacae
744 1541 802 1597 hm·
860 1558 922 1615 quse
935 1548 1033 1599 conha
1045 1556 1120 1612 eaepe
1133 1539 1236 1598 dictam
1247 1541 1393 1599 ecclesiam
1405 1543 1496 1615 inique
1510 1543 1551 1600 rel
1564 1544 1660 1603 odiose

116 1630 253 1688 astilentire
266 1646 298 1687 ac
319 1630 488 1702 proditiones
502 1633 665 1691 evenissent.
690 1636 745 1690 Vos
758 1634 808 1690 ita·
862 1636 978 1709 gessisse
991 1643 1154 1700 noscuntur,
1163 1636 1219 1692 ileo
1228 1635 1376 1707 etjustitiae
1384 1633 1597 1705 satisfacientes,
1606 1639 1659 1695 aic-

116 1739 161 1781 ros
172 1732 221 1780 aut
242 1732 326 1781 tantm
339 1724 507 1781 calamitates
522 1735 644 1792 movent,
660 1735 710 1783 aut
722 1727 807 1782 divini
862 1737 893 1784 nt
915 1736 1040 1801 oporlet;
1055 1727 1218 1795 emendent;
1236 1744 1270 1784 sc
1290 1727 1324 1785 de
1337 1737 1438 1785 eaetero
1451 1727 1575 1785 debitam
1587 1746 1658 1801 apc-

127 1816 311 1891 respectusad
327 1820 387 1875 Deo
409 1817 522 1891 dignam
542 1834 637 1890 pacem
648 1829 677 1877 et
691 1836 806 1878 concor·
823 1785 848 1848 B
861 1822 965 1879 stolicis
981 1820 1128 1894 privilegiis
1136 1822 1320 1879 reverentiam
1333 1820 1504 1892 exhibentes,
1519 1822 1590 1879 iram
1605 1824 1656 1880 Dei

116 1911 215 1979 nimat,
229 1910 349 1968 nitimini
367 1921 396 1968 et
417 1927 594 1985 summopere
618 1913 749 1983 laborate,
774 1923 807 1972 ιιι
860 1930 1008 1988 provocare
1019 1914 1279 1973 etmalcdictionem
1293 1930 1376 1987 supra
1388 1930 1419 1971 se
1434 1916 1588 1975 temerariis
1606 1933 1656 1973 au·

117 2022 142 2073 s,
164 2003 275 2078 qualem
292 2019 374 2077 supra
394 2007 626 2074 memoravimus,
640 2007 699 2064 deri
719 2010 808 2081 possit
858 2008 934 2065 sibus
946 2008 1075 2067 inducere
1087 2016 1211 2065 caveant.
1229 2009 1395 2080 Episcopum
1404 2022 1516 2081 quoque
1528 2008 1658 2067 dioecesis

116 2113 147 2156 us
163 2106 266 2156 mnata
279 2099 410 2158 Ecclesiae
424 2109 516 2174 caput,
534 2108 680 2173 totumque
694 2116 805 2174 corpus,
860 2103 945 2174 ipsius
964 2100 1123 2170 admoneas,
1150 2110 1182 2157 ιιι
1199 2100 1327 2163 eamdem
1348 2101 1494 2158 canoniam
1511 2110 1571 2159 tam
1599 2102 1658 2175 ipse

116 2193 253 2265 mpiornm
276 2194 434 2268 procellosis
457 2193 600 2252 fraudibus
621 2205 649 2252 et
667 2196 805 2253 machina·
859 2212 918 2253 non
942 2195 1074 2269 inquietet
1091 2209 1175 2266 quam
1192 2203 1221 2252 et
1244 2194 1313 2251 alios
1332 2209 1403 2266 quos
1416 2194 1561 2266 prohibere
1584 2195 1657 2253 valet

116 2286 259 2345 sssuctuat
272 2289 406 2345 nimirum
420 2297 447 2345 et
464 2288 575 2357 titubat,
589 2288 730 2346 communi
744 2306 803 2346 om·
860 2289 1012 2361 inquietare
1025 2304 1083 2347 non
1097 2288 1179 2345 sinat.
1194 2291 1237 2345 De
1251 2287 1395 2345 monachis
1406 2295 1511 2357 mmeu,
1524 2288 1658 2361 quoniam

116 2396 247 2438 sonorum
261 2397 396 2439 consensu
412 2391 440 2438 et
450 2381 551 2439 robore
567 2382 688 2454 quiescat
700 2382 734 2441 de
747 2399 801 2441 eae·
860 2382 1031 2439 Cluniacensi
1054 2381 1176 2439 abbatiae
1199 2381 1347 2453 pertinent,
1370 2381 1421 2454 ipsi
1434 2382 1582 2439 venerabili
1606 2382 1656 2439 ab·

118 2474 255 2532 stabiliter
268 2473 468 2531 consolidetur.
861 2474 916 2531 bati
932 2475 960 2531 in
975 2474 1073 2547 primis
1084 2474 1285 2531 notificandum
1298 2490 1443 2532 censemus
1457 2483 1489 2533 ut
1502 2475 1560 2548 ipse
1579 2475 1657 2533 inso-

254 2568 432 2624 EPlSTOLA
449 2570 562 2624 XXIX.
861 2567 973 2624 lentiam
1001 2567 1178 2624 subditorum
1194 2583 1309 2623 suorum
1325 2577 1484 2639 compescat
1498 2576 1526 2625 et
1542 2568 1658 2640 justitiae

189 2676 230 2718 an
245 2678 390 2719 asnarius
401 2676 643 2718 utsstntsnssu.
859 2663 1041 2732 acquiescere,
1062 2661 1084 2716 si
1110 2658 1183 2716 forte
1206 2661 1336 2726 noluerit,
1363 2660 1520 2733 compellat.
1536 2661 1579 2718 ed
1592 2662 1656 2718 ulti-

309 2752 399 2819 (hnno
420 2749 511 2821 lolli.)
859 2770 936 2809 mum
957 2768 1031 2820 vero,
1047 2752 1070 2808 si
1097 2752 1144 2824 qui
1163 2752 1274 2808 illorum
1296 2754 1410 2809 monilis
1425 2754 1491 2822 tuis,
1513 2754 1570 2810 imo
1586 2755 1656 2812 beati

115 2848 179 2902 itui
191 2850 297 2900 mmeeot
322 2845 463 2914 quosdam,
479 2845 529 2913 qui
550 2846 695 2926 eouonmm
714 2845 807 2901 Suucti
860 2847 932 2904 Petri
955 2846 1148 2917 obtemperare
1162 2845 1391 2918 contempserint,
1407 2861 1603 2919 quamcunque
1625 2848 1654 2904 in

116 2920 188 2972 *Μ
203 2917 357 2998 ⁰P⁰⁸⁶9ff⁰²
380 2916 449 2971 sedis
461 2917 616 2998 imminui
626 2919 804 3039 '⁰⁰⁶³me
859 2955 955 2997 eorum
969 2937 1116 2997 audaciam
1127 2937 1291 2995 sententiam
1305 2937 1462 3011 protuleris,
1476 2939 1546 2995 scias
1559 2948 1656 2997 aucto·

214 3030 222 3056 5
363 3028 371 3053 i
875 3035 881 3046 ι
1420 3031 1426 3043 .
1467 3031 1473 3043 .
1615 3033 1622 3046 .

116 2987 807 3129 mmffggwffieasszquffffinfflx'ssffiffi
860 3042 939 3090 ritate
955 3041 1049 3090 nostra
1064 3032 1237 3089 lirmandam.
1258 3030 1390 3088 Volumus
1404 3031 1540 3105 siquidem
1560 3041 1587 3088 et
1612 3050 1656 3106 qu·

116 3136 199 3194 meat,
215 3135 241 3185 el
251 3130 331 3186 dicto
343 3130 462 3184 masuic
476 3144 567 3183 curum
578 3128 685 3185 iubent.
799 3154 803 3163 ·
820 3150 843 3214 C
860 3127 957 3195 bemus
971 3134 1002 3182 ut
1023 3126 1094 3182 circa
1119 3124 1347 3197 prenominatam
1366 3125 1512 3183 canoniam
1533 3125 1655 3185 studium

116 3223 382 3295 aonrusepiscopus,
399 3236 494 3277 servus
504 3237 646 3278 servorum
662 3223 724 3296 Dei,
743 3228 802 3284 lt...
858 3219 1048 3277 sollicitudinis
1065 3227 1120 3276 tue
1136 3219 1267 3292 invigilet,
1281 3227 1310 3275 st
1332 3218 1450 3290 negotiis
1466 3219 1655 3276 acnecmsita·

116 3332 198 3386 mno,
208 3321 246 3373 sie
257 3320 287 3371 ιἰι
301 3318 416 3382 Mutis.)
430 3330 515 3372 sacrae
530 3318 662 3373 Romanae
674 3318 803 3376 Ecclesm
857 3314 932 3370 tibus
945 3312 1004 3386 ejus
1015 3312 1127 3371 facilem
1144 3321 1172 3369 te
1187 3327 1360 3385 pronumque
1369 3311 1509 3380 exhibeas,
1521 3321 1656 3387 quatenus

116 3411 151 3480 ll,
164 3419 193 3467 et
205 3410 296 3467 abbati
318 3408 491 3477 lllassiliensi,
505 3406 620 3464 salutem
643 3418 672 3466 et
689 3419 802 3483 aposto·
856 3411 990 3464 Romame
1004 3405 1136 3462 libertatis
1150 3406 1298 3463 securitate
1306 3406 1385 3475 luita,
1399 3406 1471 3463 sicut
1482 3414 1590 3464 caeterae
1602 3408 1654 3463 Fc-

116 3504 333 3562 venedictionem.
854 3501 943 3558 clesiae
954 3499 1111 3571 apostolicae
1129 3498 1202 3555 sedls
1217 3498 1399 3568 adhaerentes,
1414 3499 1443 3556 in
1463 3507 1567 3558 sanctae
1585 3515 1655 3557 con-

117 3599 227 3671 ignorat
248 3596 390 3669 prudentia
419 3605 469 3652 tua
486 3596 631 3653 canoniam
646 3598 740 3655 Sancti
756 3601 805 3656 Sa·
859 3593 1022 3651 versationis
1030 3593 1144 3650 obtentu
1160 3600 1188 3649 et
1199 3592 1338 3665 religionis
1351 3607 1464 3663 amore,
1476 3592 1584 3651 invente
1595 3596 1654 3650 Do·

116 3732 123 3761 ,
144 3690 225 3748 sitam
238 3691 317 3764 juxta
329 3692 492 3747 Tolosanam
519 3690 626 3757 urbem,
647 3693 806 3763 apostoliam
858 3688 949 3757 mino,
958 3686 1045 3760 magis
1065 3686 1207 3760 mag'squc
1222 3684 1357 3758 proficere
1371 3686 1468 3744 valeat.

116 3785 343 3843 recommissam.
360 3783 410 3840 Cui
427 3784 489 3839 licet
501 3799 534 3839 ex
545 3784 666 3856 generali
679 3787 806 3844 omnium
1110 3790 1288 3846 EPlSTOLA
1306 3790 1404 3848 XXX.

116 3892 193 3935 amm
223 3893 288 3934 eura
299 3876 445 3933 conveniat
458 3891 509 3933 nos
531 3877 655 3935 tuitionis
669 3879 805 3937 auxilium
1042 3897 1085 3940 sn
1098 3896 1224 3942 neutras
1236 3896 1490 3941 asavsrvrvurtsss.

116 3984 165 4041 tre,
187 3979 282 4027 ιιιιιιιι
298 3971 453 4043 specialiter
466 3978 575 4042 oportet
590 3986 642 4027 nos
667 3987 700 4028 eo
722 3974 806 4043 magis
1157 3980 1247 4045 (Anno
1268 3981 1359 4043 lost.)

116 4080 127 4123 ι
148 4075 252 4123 nostrae
279 4063 458 4136 protectionis
486 4064 628 4120 munimen
647 4065 806 4136 impendere
859 4075 1005 4143 Increpcns
1019 4086 1109 4127 mmm
1120 4072 1205 4126 scelus
1218 4072 1276 4141 qui,
1289 4071 1385 4143 januis
1394 4072 1508 4127 ecclesio
1518 4072 1654 4141 effractis,

116 4158 198 4232 tplius
210 4165 320 4215 constat
330 4160 388 4230 eius
397 4156 440 4212 vel
455 4156 568 4229 injurias
581 4156 624 4212 vel
639 4159 747 4230 negotia
770 4160 806 4216 ad
894 4159 973 4199 ⁸⁰&st
985 4156 1063 4209 Μαι
1082 4147 1247 4206 mmm
1260 4158 1359 4206 m,
1373 4146 1400 4197 ⁶²
1414 4144 1472 4198 Μία
1487 4143 1653 4212 ΨΜ,

116 4268 166 4309 lam
179 4252 285 4317 sedem,
305 4252 383 4324 cujus
398 4250 469 4322 juris
480 4258 532 4318 est,
550 4250 673 4307 attinere.
689 4251 804 4309 emtam
896 4214 1656 4355 mmmmmfflsslffffimeffirffl·

116 4344 234 4411 mma
248 4359 416 4417 quamquam
431 4343 547 4411 ”Milesi
564 4344 694 4401 ἀθθθῦῑθῐ
712 4353 805 4402 umen
895 4357 1033 4424 sucturise
1047 4356 1156 4422 ιιιιιιιιι,
1171 4358 1206 4422 et,
1221 4356 1278 4409 nisi
1289 4357 1482 4424 satisfecerint,
1497 4370 1539 4411 cos
1549 4370 1653 4412 cucone·

116 4454 170 4496 mm
193 4441 275 4495 vitam
306 4438 435 4503 instituit,
459 4445 542 4509 atque
565 4436 715 4505 hactenus,
735 4438 806 4494 sicut
895 4427 1138 4499 metamaucum
1156 4428 1288 4496 effimi-

116 4534 177 4590 ertia
190 4533 274 4601 novit,
287 4540 397 4588 extunc
411 4531 574 4603 regulariter
593 4532 690 4588 vixisse
704 4530 800 4604 digno·
816 4540 841 4604 1]
896 4531 1077 4587 Graeceius
1087 4527 1241 4600 episcopus,
1252 4542 1346 4583 servus
1356 4542 1498 4584 serrorum
1507 4526 1570 4595 Dei,
1580 4526 1654 4583 mlli-

118 4626 221 4683 Verum
247 4625 375 4697 quoniam
403 4625 508 4697 antiqui
533 4625 620 4681 hostis
635 4640 696 4681 roos
712 4633 754 4681 est
773 4641 805 4682 co
859 4621 934 4680 tibus
971 4620 1211 4680 tervannensibus
1250 4620 1489 4690 [ramanensibus]
1533 4621 1581 4681 0..
1585 4658 1653 4678 ......

116 4720 208 4778 dolere
231 4718 393 4791 invidiaeque
422 4717 526 4774 lacibus
550 4719 592 4774 uti
611 4734 667 4791 quo
689 4719 807 4791 amplius
859 4718 923 4774 ets
927 4757 995 4774 ......

116 4812 277 4871 hristianam
291 4812 451 4883 religionem
471 4827 605 4877 crescere,
620 4821 649 4868 et
667 4812 701 4869 dc
715 4812 805 4869 bono·
895 4807 1076 4865 intolerabilis
1095 4806 1218 4864 audaciae
1239 4806 1435 4879 horribilisque
1449 4806 1581 4865 facinoris
1606 4822 1653 4865 su·

116 4908 257 4965 evectibus
270 4907 360 4971 lucra,
376 4906 418 4962 vel
440 4907 529 4978 potius
548 4906 657 4977 rapinas
669 4922 743 4971 suas,
763 4906 805 4962 di·
859 4916 908 4976 per
920 4916 970 4958 vos
982 4900 1018 4957 ad
1039 4915 1090 4957 nos
1103 4900 1200 4957 relatio
1214 4900 1303 4973 venit,
1320 4898 1395 4973 quod
1428 4907 1532 4972 quanto
1554 4900 1654 4958 nostris

124 5009 219 5059 contra
242 5008 425 5056 memoratum
440 4999 531 5056 locum
541 4998 600 5072 jam
619 5000 702 5070 coepit
718 5014 804 5057 saecu·
858 4994 1149 5063 matricularum,
1164 5010 1243 5052 neca
1257 5002 1382 5067 tempore
1405 5010 1576 5069 paganorum
1590 5009 1652 5069 per·

131 5094 289 5168 exagitatio,
309 5101 352 5163 et,
380 5092 453 5165 quod
477 5092 565 5165 magu
589 5092 746 5149 mirandum
774 5109 806 5149 ac
859 5099 1017 5147 secutorum
1032 5097 1231 5162 presumptum
1246 5103 1305 5145 esse
1315 5087 1356 5144 vel
1369 5088 1471 5161 legitur
1483 5088 1523 5146 vel
1532 5088 1652 5155 auditur,

116 5205 157 5246 nm
169 5198 230 5253 est,
246 5182 494 5244 ecclesiasticorum
510 5185 570 5242 odia
583 5186 709 5243 suboriri.
725 5184 807 5245 Unde
859 5192 936 5242 tauto
952 5182 986 5240 ad
1005 5182 1139 5256 iustitiam
1157 5181 1194 5240 de
1215 5196 1245 5240 se
1267 5181 1473 5257 exsequendam
1497 5180 1654 5255 apostolice

116 5282 179 5340 mici
198 5281 397 5356 querimoniam
421 5279 455 5337 ad
470 5294 519 5336 nos
537 5280 697 5337 direxerunt
723 5294 806 5352 super
859 5276 1079 5335 mansuetudinis
1088 5276 1177 5334 telum
1185 5286 1279 5334 movet
1296 5284 1324 5333 et
1341 5277 1446 5333 incitat.
1457 5276 1654 5347 Deniquecon·

136 5377 232 5435 Sancti
255 5375 396 5447 Stephani,
415 5389 534 5446 quorum
554 5372 728 5446 suggestione
757 5388 805 5444 per
859 5380 971 5446 questus
991 5380 1034 5429 est
1055 5371 1133 5427 nohis
1151 5371 1316 5426 lambertus
1339 5370 1427 5426 dictus
1458 5366 1657 5426 'servannensis

116 5485 157 5529 am
173 5468 319 5543 fugitivum
329 5468 461 5525 clericum
470 5467 521 5524 sibi
537 5467 718 5541 privilegium,
731 5466 806 5539 quod
859 5466 1013 5539 episcopus,
1026 5464 1100 5538 quod
1111 5471 1172 5537 post
1184 5471 1225 5519 tot
1237 5470 1366 5534 tantaque
1375 5462 1532 5537 sacrilegia,
1557 5461 1656 5534 quibus

116 5566 272 5634 deoramus,
300 5563 464 5635 subreptum
480 5570 532 5629 est,
556 5562 659 5635 quique
673 5570 806 5618 coemete-
858 5558 984 5616 eamdem
995 5556 1137 5615 eeclesiam
1151 5556 1303 5628 depredati
1315 5554 1415 5624 inistis,
1429 5555 1530 5629 januas
1541 5554 1653 5627 elusin-

116 5657 174 5731 aaa
187 5668 250 5717 ante
262 5660 416 5731 regularem
426 5654 629 5716 ordinationem
643 5654 806 5711 suamlocos
858 5651 1027 5723 iungentes,
1039 5652 1137 5718 serica,
1156 5658 1284 5721 argentea
1298 5664 1435 5722 aureaque
1453 5647 1552 5705 diversi
1568 5662 1653 5719 gene·

116 5752 173 5811 ists
193 5753 348 5827 perlonga
374 5759 534 5824 temporum
552 5748 687 5807 curricula
707 5748 804 5812 tenuit,
859 5745 906 5815 ris,
927 5752 956 5801 et
978 5744 1123 5801 innumera
1144 5752 1303 5801 ornamenta
1321 5743 1494 5814 diripientes,
1518 5754 1552 5796 ac
1570 5739 1657 5797 sacris

116 5843 230 5916 solone,
257 5842 480 5918 atqnceeclcsias
494 5841 531 5901 ad
559 5856 622 5898 eum
640 5841 806 5915 pertinentes
858 5836 984 5897 crucibus
992 5837 1181 5900 comminutis,
1195 5846 1252 5893 tam
1260 5836 1334 5908 ipsas
1345 5832 1553 5907 quametduav
1563 5835 1660 5906 erpal-
1726 5868 1732 5882 ι
