3870 6164
144 245 215 299 rrae
437 212 441 219 ’
505 247 513 253 ··
600 240 744 296 trenno.
765 239 807 298 ιιι.
828 269 864 280 -
882 239 1093 298 nonuusum
1111 226 1344 299 e'nasomsm.
1714 250 1799 305 stac

142 385 212 442 pum
232 366 369 440 proximi,
390 373 417 423 et
430 365 496 439 ipsis
508 363 671 422 diaconibus
683 364 870 422 indubitanter
885 375 950 423 sunt
963 373 991 437 Α
1004 383 1104 425 uxores
1117 375 1232 436 vestras,
1255 366 1324 423 sicut
1338 373 1366 422 ct
1379 364 1505 425 Christus
1525 368 1674 428 Ecclesiam
1689 373 1798 444 (pras.

142 461 304 534 antepositi.
321 454 379 518 lint
392 461 466 517 enim
478 475 617 533 nusquam
631 458 667 516 de
680 458 854 518 ordinatione
867 477 944 533 pres·
999 467 1041 531 u).
1059 462 1368 534 »Undeliieronymus:
1380 485 1393 511 e
1403 461 1575 531 SiChristus,
1584 463 1683 536 inquit,
1693 477 1798 541 sancte,

142 557 302 630 hyterorum
321 555 399 624 dixit,
418 562 467 611 aut
487 555 537 611 sub
554 554 667 611 nomine
687 555 879 626 episcoporum
897 546 963 612 eos¹
999 558 1022 614 si
1043 566 1127 625 caste,
1151 556 1174 613 si
1200 557 1306 629 absque
1329 556 1385 613 ulla
1408 556 1516 613 macula
1531 557 1619 631 diligit
1633 560 1803 633 Ecclesiam,

140 651 298 723 descripsit.
309 649 418 706 Scilicet
428 649 611 722 incongruum
626 656 699 705 esset
708 656 746 717 ut,
758 649 944 721 praetermisso
998 650 1047 707 viri
1065 667 1176 725 quoque
1198 651 1226 707 in
1241 651 1365 707 castitate
1378 665 1479 707 uxores
1491 667 1554 708 suas
1569 652 1698 725 diligant;
1715 678 1728 705 ι
1751 665 1796 712 et:
1905 684 1909 697 ι

141 744 288 818 magistro,
304 742 459 799 ministrum
481 743 540 815 ejus
560 742 737 811 describeret,
761 758 828 799 cum
850 751 945 800 tamen
1000 744 1302 818 «Sciatuuusquisque
1315 761 1362 802 vas
1380 760 1463 802 suum
1475 745 1614 818 possidere
1638 746 1798 806 insanctili·

140 838 275 911 magister
296 836 488 894 ecclesiasticis
508 835 736 910 dispositionibus
758 838 848 910 magis
872 845 945 895 esset
998 838 1118 908 catione,
1137 838 1296 906 ethonore,
1311 854 1366 895 non
1386 839 1415 894 in
1428 839 1554 911 passione
1569 841 1708 911 desiderii,
1728 845 1799 900 sicut

141 931 324 991 necessarius.
339 934 474 989 Praeterea
483 945 547 986 cum
562 930 710 1003 Apostolus
721 931 783 987 Tito
795 929 944 1004 praecipiat,
997 941 1025 990 et
1038 942 1134 1006 gentes
1147 948 1209 1006 quac
1222 932 1350 1005 ignorant
1358 936 1448 989 Deum
1462 936 1487 1001 (i
1501 935 1590 991 Thess.
1607 937 1659 1001 tv).
1681 960 1694 983 a
1708 938 1798 1008 Quem

141 1035 174 1083 ut
193 1042 241 1100 per
257 1025 381 1083 civitates
397 1025 573 1098 presbyteros
586 1024 707 1093 ordinet,
722 1025 816 1081 statim
830 1040 894 1082 eum
908 1024 944 1083 de
998 1025 1133 1084 honorem
1142 1026 1180 1083 ita
1193 1025 1389 1098 interpretatur
1398 1027 1602 1102 Hieronymus:
1619 1051 1632 1078 e
1646 1029 1686 1098 Si,
1697 1030 1796 1103 iuquit,

140 1120 314 1178 ordinatione
333 1135 429 1176 eorum
448 1116 600 1175 informans
619 1117 756 1175 subinfert
778 1138 784 1174 :
803 1141 816 1168 ι
831 1120 946 1192 Oportet
997 1119 1166 1177 abstinemus
1179 1136 1231 1177 nos
1251 1136 1268 1177 a
1291 1119 1374 1189 coitu,
1391 1119 1526 1178 honorem
1543 1120 1668 1178 muliebri
1687 1124 1799 1181 vasculo

141 1215 303 1288 episcopum
322 1213 379 1269 siue
391 1213 510 1270 crimine
525 1228 585 1269 esse
605 1214 696 1280 (ibid.)
718 1237 730 1262 n
753 1213 831 1270 idem
851 1214 945 1271 Timo·
997 1215 1158 1284 tribuimus,
1173 1216 1198 1273 si
1220 1232 1276 1273 uon
1296 1215 1476 1287 abstinemus,
1496 1217 1674 1291 perspicuum
1687 1227 1729 1278 est
1747 1219 1798 1277 ho·

141 1309 209 1365 theo
223 1307 349 1364 scribit:
375 1329 388 1355 α
405 1306 467 1364 Noli
488 1307 623 1379 negligere
644 1307 762 1379 gratiam
788 1322 849 1379 quae
872 1307 945 1365 inte
997 1310 1060 1367 nori
1072 1311 1240 1368 contrariam
1253 1326 1311 1369 esse
1325 1311 1530 1369 contumeliam.
1552 1334 1566 1362 »

141 1409 194 1470 est,
209 1417 272 1476 quae
291 1401 356 1458 data
373 1400 475 1457 esttibi
495 1416 543 1473 per
554 1400 727 1472 prophetiam
744 1415 811 1457 cum
830 1401 944 1472 imposi-
1033 1405 1167 1461 Praeterea
1184 1404 1274 1462 omnis
1292 1405 1407 1478 populus
1420 1405 1542 1463 filiorum
1556 1406 1645 1465 Israel
1667 1405 1702 1465 ad
1714 1423 1797 1465 mon·

143 1498 222 1554 tione
235 1511 368 1554 manuum
387 1495 548 1569 presbyterii
562 1497 589 1563 (i
608 1496 675 1550 Tim.
698 1499 730 1560 1).
750 1517 764 1544 ο
779 1494 840 1564 Cui,
857 1494 883 1550 in
897 1510 943 1551 se-
996 1505 1055 1555 tem
1084 1499 1123 1566 [G.
1143 1501 1176 1555 ii.
1205 1499 1280 1567 Sina]
1297 1514 1467 1570 accessurus,
1489 1507 1518 1556 et
1532 1499 1583 1557 Dei
1604 1501 1741 1573 eloquium
1764 1501 1799 1561 do

141 1591 290 1664 eruentibus
302 1588 496 1648 statimdicit:
511 1613 523 1638 e
539 1589 649 1645 Nemini
661 1588 716 1646 cito
728 1604 841 1645 manum
853 1589 942 1661 impo-
997 1589 1146 1665 longinquo
1159 1599 1270 1650 tantum
1288 1592 1441 1661 auditurus,
1463 1593 1556 1650 triduo
1574 1594 1751 1661 sanctificari,
1770 1604 1799 1653 et

141 1686 228 1744 rueris
243 1687 270 1755 (i
284 1688 353 1742 iim.
367 1690 407 1755 v),
426 1705 441 1736 o
464 1682 538 1757 quod
556 1684 664 1756 proprie
678 1683 869 1756 episcoporum
889 1691 941 1740 est.
997 1700 1026 1743 se
1037 1685 1179 1743 continere
1195 1685 1229 1753 ab
1248 1685 1383 1744 uxoribus
1392 1686 1507 1761 jubetur
1521 1690 1621 1755 (and.
1637 1694 1714 1758 xix).
1730 1690 1797 1746 iuro

142 1784 216 1855 Ergo
236 1780 366 1837 eumdem
384 1779 542 1851 episcopum
561 1777 639 1847 dicit,
661 1793 742 1850 quem
757 1785 787 1834 et
805 1777 944 1850 presbyte·
998 1795 1064 1852 ergo
1086 1780 1235 1852 Apostolus
1251 1796 1395 1841 sacrorum
1419 1782 1550 1839 ministris
1571 1782 1797 1840 incontinentiam

140 1890 205 1932 rum
228 1873 390 1931 nominarit.
413 1873 459 1930 Sic
480 1871 576 1928 beatus
593 1872 783 1943 Hieronymus
803 1871 895 1945 (905),
917 1879 944 1929 et
997 1872 1135 1930 interdicit
1149 1874 1190 1945 [G.
1206 1877 1239 1932 rt.
1258 1875 1460 1932 continentiam
1473 1875 1595 1951 indixitl,
1611 1877 1697 1950 quiet
1710 1892 1798 1936 saecu·

141 1969 170 2026 S.
191 1971 276 2025 Pater
296 1967 462 2024 Ambrosius
482 1965 629 2038 praedictas
649 1965 775 2037 Apostoli
796 1965 944 2023 sententias
998 1965 1101 2024 laribus
1128 1967 1229 2025 debent
1256 1968 1436 2041 praeeminere
1460 1969 1490 2026 in
1512 1970 1636 2028 castitate
1663 1971 1744 2045 aqui,
1769 1979 1798 2028 et

141 2060 263 2119 fideliter
279 2069 460 2133 exponentes,
478 2066 613 2116 testantur
632 2058 704 2132 apud
724 2059 852 2131 antiquos
869 2058 943 2115 idem
996 2059 1080 2132 ipsius
1105 2060 1219 2132 Spiritus
1246 2062 1332 2119 sancti
1356 2061 1521 2118 locutorium
1541 2062 1650 2133 eflecti,
1674 2064 1797 2136 quotidie

141 2155 227 2214 hrisse
242 2155 404 2228 episcopum
419 2164 446 2211 et
462 2153 662 2227 presbyterum,
676 2161 708 2210 ut
727 2168 830 2210 nomen
842 2168 942 2222 uuum,
998 2153 1150 2209 Dominum
1159 2170 1210 2227 pro
1220 2154 1320 2227 populo
1330 2154 1432 2212 debent
1441 2156 1622 2228 interpellare.
1636 2157 1797 2232 Quicunque

141 2259 216 2308 esset
233 2249 328 2317 oflicii,
347 2248 419 2306 aliud
434 2249 530 2306 aetatis.
551 2251 650 2305 Postea
668 2255 770 2316 autem,
791 2254 822 2303 ut
841 2247 942 2304 Hiero·
996 2262 1061 2320 ergo
1074 2247 1175 2303 horum
1189 2247 1359 2305 incontinens
1373 2263 1433 2304 esse
1447 2247 1591 2321 detegitur,
1604 2249 1638 2305 ab
1651 2249 1711 2322 ipso
1722 2256 1797 2324 Apo·
1903 2314 1905 2319 ,

139 2359 245 2418 aymus
257 2343 365 2412 asserit,
385 2359 450 2400 cum
467 2342 657 2415 unusquisqne
672 2356 801 2414 eosquos
815 2340 942 2413 baptiza·
996 2339 1066 2397 stolo
1081 2340 1164 2398 sacris
1177 2340 1321 2398 ordinibus
1336 2340 1467 2398 interesse
1478 2340 1653 2415 prohibetur,
1669 2358 1733 2399 cum
1748 2359 1798 2417 per

141 2445 220 2495 serat
234 2452 299 2496 suos
314 2452 373 2495 esse
388 2444 506 2510 putaret,
526 2444 554 2493 et
569 2452 627 2493 non
640 2435 753 2502 Christi,
770 2442 883 2506 propter
893 2450 941 2490 au·
996 2432 1222 2491 incontinentiam
1237 2434 1394 2506 apostolicae
1404 2435 1574 2492 institutioni
1587 2437 1709 2509 seipsum
1731 2437 1796 2495 sub·

141 2530 255 2589 iererrda
277 2530 444 2599 schismata,
463 2529 492 2585 in
511 2537 571 2585 toto
594 2528 737 2585 decretum
759 2535 801 2583 est
822 2526 889 2583 orbe
912 2535 942 2583 ut
997 2528 1113 2584 traxisse
1125 2527 1258 2585 videatur.
1270 2530 1342 2585 Nam
1352 2529 1425 2600 quod
1437 2531 1586 2602 Apostolus
1594 2528 1671 2601 dicit,
1687 2554 1701 2581 α
1718 2532 1798 2590 unius

139 2641 215 2683 unus
229 2624 265 2681 de
277 2623 444 2697 presbyteris
459 2630 664 2694 praeponeretur
677 2620 792 2689 caeteris,
808 2618 941 2693 adquam
995 2621 1089 2678 uxoris
1110 2621 1215 2689 virum,
1240 2644 1252 2668 »
1273 2622 1352 2693 juxta
1366 2622 1572 2680 attestationem
1594 2624 1643 2681 SS.
1665 2628 1796 2697 Petrum,

139 2713 232 2778 omnis
243 2734 308 2776 cura
327 2718 455 2775 Ecclesiae
469 2716 627 2788 pertineret.
995 2721 1061 2771 ante
1074 2713 1277 2771 ordinationem
1297 2722 1417 2782 tantum,
1430 2730 1488 2771 non
1501 2723 1565 2790 post
1581 2716 1681 2788 ipsam,
1695 2725 1736 2774 est
1749 2719 1796 2774 in-

179 2816 246 2872 Post
257 2812 470 2884 descriptionem
487 2820 581 2868 autem
593 2808 712 2882 episcopi
726 2815 755 2865 ct
772 2808 942 2881 presbyteri,
993 2806 1185 2880 telligendum.
1198 2806 1281 2864 Unde
1295 2810 1323 2865 S.
1335 2807 1485 2880 Cyprianus
1497 2808 1525 2863 in
1540 2809 1588 2865 lib.
1602 2811 1644 2865 De
1659 2824 1707 2866 ιιιι
1723 2810 1795 2868 abn-

143 2915 227 2965 cnute
246 2905 395 2980 Apostolus
413 2905 556 2978 subjungit
570 2904 605 2961 de
618 2901 778 2960 diaconibus
791 2903 829 2959 ita
850 2901 942 2959 decer·
994 2901 1118 2958 sionibus
1127 2901 1207 2973 (996),
1217 2899 1458 2973 dicitequodtalis
1465 2916 1525 2958 esse
1534 2901 1795 2976 debeatepiscopus,

141 3016 213 3058 nens
232 3019 264 3056 r·
277 2999 416 3058 Diaconos
426 2999 564 3066 similiter,
577 2996 678 3054 scilicet
692 3004 811 3069 oportet,
827 2994 941 3068 pudicos
993 3002 1026 3051 ut
1039 3003 1102 3052 anto
1113 2995 1301 3066 episcopatum
1311 3009 1397 3051 unam
1409 3002 1521 3051 tantum
1532 2994 1795 3073 uxoremhabuerit,

140 3110 212 3166 esse,
226 3093 367 3167 etreliqua
378 3096 403 3159 (Ι
419 3094 489 3148 Tim.
512 3092 570 3164 ιιι).
594 3114 606 3140 υ
624 3093 664 3147 Ac
682 3090 705 3145 si
718 3088 821 3147 diceret
836 3109 844 3146 r
861 3089 940 3159 Quod
959 3137 982 3202 c
996 3089 1164 3162 conplures.
1181 3112 1194 3138 ν
1206 3088 1365 3147 UndectS.
1380 3089 1604 3161 hieronymusin
1616 3091 1797 3164 Apologetico

141 3187 177 3247 de
194 3187 328 3261 episcopis
340 3194 369 3244 ct
382 3185 546 3259 presbyteris
564 3184 682 3253 decrevi,
698 3183 752 3241 hoc
771 3182 843 3241 idem
865 3182 941 3240 etde
996 3182 1031 3240 ad
1040 3183 1248 3240 pammachium
1260 3201 1268 3238 r
1280 3183 1610 3256 «Episcopipresbyteri,
1620 3183 1739 3251 diaconi,
1749 3194 1797 3243 aut

140 3281 306 3339 diaconibus
319 3295 364 3336 me
378 3279 470 3337 sciatis
485 3279 647 3336 decrevisse.
665 3278 735 3335 Satis
748 3292 813 3350 ergo
827 3276 942 3334 eviden-
997 3277 1115 3350 virgines
1128 3277 1276 3348 eliguntur,
1291 3284 1338 3332 aut
1360 3276 1446 3345 vidui3
1471 3278 1511 3335 vel
1527 3285 1601 3334 certo
1620 3287 1683 3352 post
1703 3294 1795 3336 sacer·
1859 3316 1883 3345 ι,

140 3383 185 3433 ter
200 3382 286 3450 patet,
299 3382 330 3432 ut
340 3375 460 3440 astino,
474 3373 635 3445 Apostolum
648 3373 679 3427 in
688 3371 876 3444 superioribus
885 3371 944 3428 suis
996 3371 1104 3427 dotium
1113 3372 1287 3444 inaetemum
1298 3369 1401 3444 pudici.
1415 3393 1428 3419 ν
1440 3373 1523 3439 item,
1534 3370 1631 3428 beaten
1639 3373 1796 3441 Zacharias,

140 3467 351 3527 diffinitionibus
371 3468 455 3524 etiam
478 3466 654 3540 presbyteros
675 3481 737 3522 oum
761 3465 895 3538 episcopis
915 3472 944 3522 et
997 3466 1038 3520 vir
1048 3463 1220 3536 :apostolicus
1230 3462 1355 3521 scribens
1368 3464 1402 3521 ad
1414 3466 1442 3521 S.
1457 3464 1632 3522 Boniiacium
1647 3467 1796 3539 Maguntia·

142 3562 307 3621 diaconibus
320 3560 577 3634 comprehendisse.
592 3558 675 3617 Unde
689 3568 717 3614 ct
734 3559 836 3615 merito
859 3557 942 3631 quili·
996 3573 1105 3615 oensem
1129 3558 1366 3630 archiepiscopum
1381 3561 1469 3629 (epist.
1496 3556 1543 3630 l),
1573 3559 1611 3615 ita
1636 3559 1759 3617 docrevit
1786 3582 1793 3618 :

98 3690 107 3701 ·
142 3656 192 3714 bet
203 3671 332 3715 soruma
347 3654 542 3713 sacrisoiiiciis
560 3653 728 3722 dimovetur,
739 3652 893 3724 quicunque
910 3668 943 3709 ex
998 3654 1108 3723 «Cum,
1123 3652 1222 3724 inquit,
1237 3661 1286 3708 tua
1304 3650 1460 3711 fraternitas
1482 3652 1511 3708 in
1533 3653 1651 3710 concilio
1666 3657 1794 3727 (mogum-

141 3750 197 3809 illis
221 3749 251 3806 in
272 3765 302 3808 se
333 3749 511 3823 apostolicam
533 3747 760 3805 informationem
787 3745 943 3818 corrupisse
995 3746 1066 3814 tino)
1088 3744 1247 3803 consederit
1266 3745 1552 3816 cumicmlomanno)
1566 3747 1796 3805 excellentissimo

141 3845 286 3919 probetur.
307 3845 414 3915 Nempe
434 3842 587 3915 Apostolus
603 3850 718 3899 testatur
738 3840 895 3913 episcopos,
916 3848 944 3897 et
996 3840 1066 3910 tiro,
1081 3840 1104 3896 si
1126 3856 1195 3912 quos
1215 3840 1348 3911 repererit
1363 3840 1518 3913 episcopos,
1542 3841 1730 3915 presbyteros,
1746 3850 1795 3899 aut

142 3936 328 4012 presbyteros,
342 3945 371 3994 et
386 3936 520 3994 diaconos
532 3945 661 4008 oportere
679 3935 766 4008 turpis
781 3934 849 3991 lucri
865 3933 942 4005 cupi-
996 3931 1137 4001 diaconos,
1152 3941 1246 3990 contra
1257 3947 1378 3990 canones
1393 3933 1435 3989 vel
1449 3941 1552 3990 statuta
1567 3935 1682 3991 Patrum
1701 3948 1794 3992 exces-

141 4031 196 4090 dos
204 4046 266 4089 non
278 4047 340 4089 esse
351 4034 417 4098 (Tit.
431 4032 461 4103 ι).
474 4030 574 4088 Omnis
587 4037 680 4085 autem
693 4029 867 4086 Simoniacus
881 4036 942 4084 tur·
996 4027 1074 4096 sisso,
1089 4027 1181 4094 idest,
1200 4027 1231 4083 in
1250 4026 1398 4095 adulterio,
1416 4028 1466 4096 vel,
1482 4028 1503 4083 si
1517 4026 1610 4099 plures
1631 4043 1732 4085 uxores
1748 4028 1797 4086 ha·

140 4125 252 4201 pinimi
269 4132 297 4182 et
310 4123 497 4182 nefandissimi
517 4122 583 4179 lucri
602 4120 793 4178 indubitanter
807 4130 849 4177 cst
864 4124 943 4193 cupi·
996 4120 1132 4190 buoruut3
1146 4120 1227 4178 aursi
1240 4121 1400 4192 sanguinem
1421 4120 1654 4194 Christianorum,
1672 4121 1730 4179 sive
1743 4138 1793 4194 pa·
1830 4142 1834 4151 ·

144 4219 210 4278 dus.
228 4220 302 4292 Ergo
323 4218 393 4275 inter
409 4232 504 4274 sacros
517 4215 628 4273 ordines
640 4214 795 4272 nullatenus
808 4222 850 4271 est
863 4230 942 4272 com·
995 4228 1140 4285 gadorum,
1151 4212 1308 4270 effuderunt
1318 4214 1457 4270 vel-etiam
1468 4214 1531 4270 aliis
1542 4215 1679 4288 capitulis,
1695 4215 1795 4287 quibus

142 4311 295 4387 putandus,
310 4312 417 4368 seilicet
425 4312 484 4384 jam
498 4309 604 4367 dudum
622 4324 671 4380 per
687 4307 867 4380 apostolicam
881 4323 944 4365 sen-
998 4305 1147 4363 canonibus
1166 4305 1289 4361 obviasse
1310 4307 1443 4374 repererit
1471 4315 1517 4364 tua
1542 4309 1690 4378 sauctitas,
1721 4309 1794 4366 nulla

141 4389 261 4465 tentiam
291 4407 400 4478 penitus
426 4406 461 4462 ab
475 4404 578 4461 eisdem
600 4411 764 4477 segregatus.
786 4402 943 4459 Notandum
997 4401 1103 4458 ratione
1114 4399 1264 4472 apostolica
1279 4399 1442 4456 auctoritate
1460 4400 1602 4471 permittat
1618 4405 1684 4470 [eos]
1701 4417 1793 4460 sacer·

138 4508 249 4569 autem,
264 4499 288 4559 si
307 4501 460 4573 neophytus
482 4499 553 4556 inter
569 4513 662 4555 sacros
676 4497 787 4554 ordines
798 4513 856 4553 non
874 4497 944 4553 reci·
958 4506 986 4575 Ι)
998 4494 1073 4553 dotio
1086 4494 1170 4567 iungi,
1182 4494 1248 4566 quia
1263 4493 1331 4550 tales
1347 4508 1425 4549 asuo
1435 4493 1546 4565 proprio
1558 4508 1606 4549 ore
1624 4493 1692 4551 falso
1702 4497 1794 4553 nomi·

140 4594 229 4669 pitur,
243 4594 290 4667 qui
306 4602 398 4651 tantm
416 4594 486 4650 inter
504 4591 588 4649 laicos
602 4607 681 4663 posse
698 4591 796 4648 salvari
809 4591 940 4661 creditur,
993 4596 1094 4647 nauhu
1107 4587 1270 4656 sacerdotes,
1286 4596 1314 4644 et
1326 4587 1433 4660 pejores
1446 4602 1477 4643 ac
1490 4586 1639 4644 deteriores
1652 4589 1793 4648 saeculari·

139 4692 250 4760 quanto
259 4686 346 4759 magis
356 4685 419 4742 inde
428 4693 491 4742 sunt
501 4685 662 4758 segregandi
673 4685 776 4756 cupidi,
788 4686 845 4742 sive
856 4686 939 4753 avari,
995 4685 1048 4741 bus
1061 4698 1121 4740 esse
1133 4691 1295 4750 noscuntur,
1311 4679 1356 4753 qui
1377 4696 1407 4737 se
1420 4696 1511 4752 neque
1524 4696 1540 4736 o
1553 4679 1793 4756 fornicationibus,

138 4779 192 4854 qui
220 4786 285 4837 sunt
308 4779 448 4838 idolorum
474 4779 555 4847 servi,
582 4779 638 4851 qui,
664 4778 741 4852 Juxta
764 4779 941 4849 Apostolum,
996 4775 1235 4850 nequeanefariis
1244 4774 1428 4831 matrimoniis
1441 4774 1588 4842 abstinent,
1600 4792 1689 4850 neque
1699 4777 1734 4835 ab
1744 4778 1794 4836 ho·

138 4872 304 4931 nullatenus
322 4873 424 4931 habeut
443 4871 628 4930 harcdintem
650 4872 680 4929 in
700 4887 785 4945 regno
805 4872 903 4930 Christi
916 4878 943 4930 et
996 4872 1105 4929 minum
1118 4869 1257 4943 sanguinis
1269 4867 1403 4927 effusione
1415 4884 1514 4926 manus
1532 4879 1643 4927 seruant
1658 4873 1792 4931 innoxias.

137 4966 196 5025 Dei
209 4967 317 5040 (sporo.
333 4969 387 5038 s)i
997 4964 1098 5035 Quales
1118 4979 1149 5022 se
1162 4978 1222 5020 csse
1233 4962 1390 5020 sacerdotes
1408 4962 1577 5034 existimant,
1589 4970 1638 5022 out
1653 4965 1793 5038 quidinde

179 5062 250 5118 item
273 5061 416 5134 apostolus
436 5060 560 5133 precipit
574 5059 601 5116 in
615 5058 815 5132 superioribus,
830 5068 861 5118 ut
882 5061 940 5134 epi·
996 5058 1129 5128 sentiunt,
1137 5058 1244 5115 dicente
1252 5060 1310 5115 Deo
1325 5056 1506 5116 :Sacerdotes
1514 5060 1569 5116 mei
1579 5058 1794 5119 semelnubant?

137 5154 233 5228 scopi,
247 5153 407 5229 presbyteri,
427 5153 537 5213 diaconi
550 5154 608 5210 sint
630 5153 731 5226 pudici,
746 5152 773 5212 id
793 5161 836 5211 est
849 5155 938 5211 conti·
997 5156 1032 5212 Et
1043 5152 1193 5227 Apostolus
1213 5173 1220 5210 r
1246 5151 1339 5211 Unius
1352 5150 1448 5210 uxoris
1466 5153 1569 5224 sirum,
1584 5162 1612 5210 et
1631 5160 1741 5211 caetera.
1757 5157 1793 5211 Et

137 5257 252 5309 nentes.
272 5251 328 5306 Nec
342 5250 456 5316 mirum,
478 5264 543 5305 cum
554 5256 581 5304 et
601 5248 684 5305 laicos
697 5248 732 5305 ad
745 5248 941 5306 continentiam
995 5247 1048 5306 hoc
1055 5256 1119 5306 ante
1127 5254 1286 5319 susceptum
1295 5246 1483 5305 sacerdotium
1496 5248 1535 5303 uti
1544 5246 1648 5304 licitum
1658 5253 1708 5303 est.
1720 5248 1792 5313 Nam

136 5343 271 5401 hortetur
282 5342 399 5402 dicens:
417 5365 429 5392 ι
446 5342 515 5400 Volo
528 5350 621 5398 autem
640 5340 767 5399 homiues
781 5358 850 5412 esse,
869 5343 941 5400 sicut
995 5359 1011 5400 a
1025 5341 1073 5400 die
1083 5341 1203 5414 suscepti
1213 5339 1360 5399 sacerdotii
1371 5341 1456 5399 ctiam
1465 5341 1501 5398 ab
1512 5340 1570 5412 ipso
1579 5338 1689 5409 proprio
1700 5338 1793 5412 conju·

136 5452 189 5496 ms
208 5437 300 5508 ipsum
313 5439 339 5505 (i
352 5438 412 5493 Cor.
432 5440 493 5505 ιιι),
512 5458 526 5486 ν
542 5435 634 5505 utique
652 5437 830 5494 continentes.
850 5436 939 5494 ltem:
996 5435 1041 5509 gio
1058 5434 1222 5508 prohibendi
1237 5443 1312 5492 sunt.
1328 5458 1342 5485 s
1360 5434 1443 5492 Unde
1454 5441 1483 5492 et
1496 5432 1678 5504 hieronymus
1689 5433 1724 5491 ad
1748 5435 1794 5492 Vi-

139 5548 157 5577 «
173 5525 322 5598 Reliquum
347 5533 401 5594 ost,
420 5534 450 5581 ut
462 5533 490 5581 et
502 5524 548 5597 qui
563 5522 666 5583 habent
688 5539 798 5594 uxores,
811 5534 941 5600 tanquam
996 5526 1146 5602 gilantium·
1155 5526 1279 5585 scribens
1296 5534 1414 5586 testatur
1429 5547 1437 5586 r
1451 5547 1465 5576 s
1479 5523 1609 5583 Esssslttiae
1620 5527 1756 5598 Orienti&
1767 5536 1794 5585 θῑ
1885 5590 1888 5595 .

135 5630 199 5675 non
220 5613 355 5673 hahentes
368 5615 424 5671 siut
436 5614 538 5681 (ibid).
556 5636 570 5664 ι
592 5616 662 5670 item
685 5631 692 5670 r
711 5637 723 5663 ι
745 5614 819 5687 Viri,
838 5615 942 5689 diligite
996 5617 1123 5690 AEqypti,
1149 5626 1177 5677 et
1198 5617 1348 5690 apostoliea
1362 5614 1527 5683 sedes,·aut
1545 5613 1664 5688 virgines
1680 5618 1794 5677 clericos
1891 5650 1894 5655 -

132 5740 311 5882 roffi&
326 5738 382 5885 Q
399 5738 475 5871 ficto
492 5739 522 5797 S·
542 5739 617 5798 hier.
633 5739 692 5813 lege
706 5740 876 5814 Bellarmin,
891 5742 939 5800 lib.
1031 5746 1104 5812 (996)
1119 5742 1170 5802 iiio
1182 5742 1253 5799 liber
1266 5756 1324 5797 noo
1334 5748 1463 5800 censetis
1475 5739 1504 5796 S.
1517 5739 1657 5813 cypriani.
