<?xml version="1.0" encoding="UTF-8"?>
<!DOCTYPE html PUBLIC "-//W3C//DTD XHTML 1.0 Transitional//EN"
    "http://www.w3.org/TR/xhtml1/DTD/xhtml1-transitional.dtd">
<html xmlns="http://www.w3.org/1999/xhtml" xml:lang="en" lang="en">
 <head>
  <title>
</title>
<meta http-equiv="Content-Type" content="text/html;charset=utf-8" />
  <meta name='ocr-system' content='tesseract 3.04.00' />
  <meta name='ocr-capabilities' content='ocr_page ocr_carea ocr_par ocr_line ocrx_word'/>
</head>
<body>
  <div class='ocr_page' id='page_1' title='image "./lta-11000/patrologiaecurs02unkngoog/patrologiaecurs02unkngoog_0405.png"; bbox 0 0 3870 6164; ppageno 0'>
   <div class='ocr_carea' id='block_1_1' title="bbox 576 263 1610 353">
    <p class='ocr_par' dir='ltr' id='par_1_1' title="bbox 576 263 1610 353">
     <span class='ocr_line' id='line_1_1' title="bbox 576 263 1610 353; baseline 0.008 -30"><span class='ocrx_word' id='word_1_1' title='bbox 576 263 758 324; x_wconf 86' lang='lat' dir='ltr'><strong>coucrtruu</strong></span> <span class='ocrx_word' id='word_1_2' title='bbox 773 266 941 326; x_wconf 79' lang='lat' dir='ltr'><strong>notemur</strong></span> <span class='ocrx_word' id='word_1_3' title='bbox 957 266 992 325; x_wconf 85' lang='lat' dir='ltr'><strong>r.</strong></span> <span class='ocrx_word' id='word_1_4' title='bbox 1367 338 1375 353; x_wconf 30' lang='grc' dir='ltr'><strong><em>Ι</em></strong></span> <span class='ocrx_word' id='word_1_5' title='bbox 1556 274 1610 331; x_wconf 85' lang='lat' dir='ltr'><strong>eoo</strong></span> 
     </span>
    </p>
   </div>
   <div class='ocr_carea' id='block_1_2' title="bbox 115 388 1637 3383">
    <p class='ocr_par' dir='ltr' id='par_1_2' title="bbox 115 388 1637 3383">
     <span class='ocr_line' id='line_1_2' title="bbox 116 388 1612 461; baseline 0.006 -15"><span class='ocrx_word' id='word_1_6' title='bbox 116 388 216 448; x_wconf 78' lang='lat' dir='ltr'><strong>toihcii</strong></span> <span class='ocrx_word' id='word_1_7' title='bbox 232 389 285 448; x_wconf 93' lang='lat' dir='ltr'><strong>sibi</strong></span> <span class='ocrx_word' id='word_1_8' title='bbox 299 390 439 448; x_wconf 79' lang='lat' dir='ltr'><strong>commissi</strong></span> <span class='ocrx_word' id='word_1_9' title='bbox 454 390 543 447; x_wconf 93' lang='lat' dir='ltr'><strong>multo</strong></span> <span class='ocrx_word' id='word_1_10' title='bbox 562 390 707 449; x_wconf 80' lang='lat' dir='ltr'><strong>sollicitius</strong></span> <span class='ocrx_word' id='word_1_11' title='bbox 723 390 757 448; x_wconf 87' lang='lat' dir='ltr'><strong>ad</strong></span> <span class='ocrx_word' id='word_1_12' title='bbox 771 398 798 461; x_wconf 76' lang='grc' dir='ltr'><strong>Α</strong></span> <span class='ocrx_word' id='word_1_13' title='bbox 810 395 920 452; x_wconf 80' lang='lat' dir='ltr'><strong>catium</strong></span> <span class='ocrx_word' id='word_1_14' title='bbox 934 400 1030 451; x_wconf 75' lang='lat' dir='ltr'><strong>vestre</strong></span> <span class='ocrx_word' id='word_1_15' title='bbox 1051 391 1203 451; x_wconf 81' lang='lat' dir='ltr'><strong>filiationis.</strong></span> <span class='ocrx_word' id='word_1_16' title='bbox 1218 395 1282 451; x_wconf 85' lang='lat' dir='ltr'><strong>Non</strong></span> <span class='ocrx_word' id='word_1_17' title='bbox 1302 394 1393 452; x_wconf 91' lang='lat' dir='ltr'><strong>solum</strong></span> <span class='ocrx_word' id='word_1_18' title='bbox 1413 396 1487 454; x_wconf 90' lang='lat' dir='ltr'><strong>enim</strong></span> <span class='ocrx_word' id='word_1_19' title='bbox 1499 412 1553 455; x_wconf 88' lang='lat' dir='ltr'><strong>nos</strong></span> <span class='ocrx_word' id='word_1_20' title='bbox 1565 413 1612 455; x_wconf 87' lang='lat' dir='ltr'><strong>res</strong></span> 
     </span>
     <span class='ocr_line' id='line_1_3' title="bbox 116 485 1610 566; baseline 0.006 -26"><span class='ocrx_word' id='word_1_21' title='bbox 116 485 256 542; x_wconf 87' lang='lat' dir='ltr'><strong>rationem</strong></span> <span class='ocrx_word' id='word_1_22' title='bbox 276 500 338 541; x_wconf 93' lang='lat' dir='ltr'><strong>eum</strong></span> <span class='ocrx_word' id='word_1_23' title='bbox 362 485 391 540; x_wconf 92' lang='lat' dir='ltr'><strong>in</strong></span> <span class='ocrx_word' id='word_1_24' title='bbox 418 485 477 542; x_wconf 91' lang='lat' dir='ltr'><strong>dies</strong></span> <span class='ocrx_word' id='word_1_25' title='bbox 492 485 665 552; x_wconf 82' lang='lat' dir='ltr'>hortabatur,</span> <span class='ocrx_word' id='word_1_26' title='bbox 691 500 756 541; x_wconf 91' lang='lat' dir='ltr'><strong>cum</strong></span> <span class='ocrx_word' id='word_1_27' title='bbox 810 488 1008 546; x_wconf 85' lang='lat' dir='ltr'><strong>ecclesiasticus</strong></span> <span class='ocrx_word' id='word_1_28' title='bbox 1037 487 1197 559; x_wconf 73' lang='lat' dir='ltr'><strong>invasimus,</strong></span> <span class='ocrx_word' id='word_1_29' title='bbox 1228 504 1325 546; x_wconf 84' lang='lat' dir='ltr'><strong>rerum</strong></span> <span class='ocrx_word' id='word_1_30' title='bbox 1348 505 1460 564; x_wconf 86' lang='lat' dir='ltr'><strong>quoque</strong></span> <span class='ocrx_word' id='word_1_31' title='bbox 1490 491 1610 566; x_wconf 87' lang='lat' dir='ltr'><strong>indignis</strong></span> 
     </span>
     <span class='ocr_line' id='line_1_4' title="bbox 116 578 1609 656; baseline 0.005 -21"><span class='ocrx_word' id='word_1_32' title='bbox 116 579 207 635; x_wconf 90' lang='lat' dir='ltr'><strong>atione</strong></span> <span class='ocrx_word' id='word_1_33' title='bbox 224 579 314 636; x_wconf 85' lang='lat' dir='ltr'><strong>aetatis</strong></span> <span class='ocrx_word' id='word_1_34' title='bbox 333 579 415 635; x_wconf 83' lang='lat' dir='ltr'><strong>llurae</strong></span> <span class='ocrx_word' id='word_1_35' title='bbox 441 588 468 635; x_wconf 91' lang='lat' dir='ltr'><strong>et</strong></span> <span class='ocrx_word' id='word_1_36' title='bbox 487 578 589 652; x_wconf 87' lang='lat' dir='ltr'><strong>iragilis</strong></span> <span class='ocrx_word' id='word_1_37' title='bbox 602 578 637 635; x_wconf 92' lang='lat' dir='ltr'><strong>de</strong></span> <span class='ocrx_word' id='word_1_38' title='bbox 661 578 706 636; x_wconf 91' lang='lat' dir='ltr'><strong>die</strong></span> <span class='ocrx_word' id='word_1_39' title='bbox 728 579 758 635; x_wconf 92' lang='lat' dir='ltr'><strong>in</strong></span> <span class='ocrx_word' id='word_1_40' title='bbox 810 581 987 656; x_wconf 88' lang='lat' dir='ltr'><strong>quibuslibet,</strong></span> <span class='ocrx_word' id='word_1_41' title='bbox 1010 589 1038 638; x_wconf 91' lang='lat' dir='ltr'><strong>et</strong></span> <span class='ocrx_word' id='word_1_42' title='bbox 1051 582 1211 639; x_wconf 82' lang='lat' dir='ltr'><strong>simoniaco</strong></span> <span class='ocrx_word' id='word_1_43' title='bbox 1231 580 1294 640; x_wconf 89' lang='lat' dir='ltr'><strong>lelle</strong></span> <span class='ocrx_word' id='word_1_44' title='bbox 1314 584 1481 655; x_wconf 86' lang='lat' dir='ltr'><strong>amaricatis,</strong></span> <span class='ocrx_word' id='word_1_45' title='bbox 1505 595 1533 643; x_wconf 85' lang='lat' dir='ltr'><strong>et</strong></span> <span class='ocrx_word' id='word_1_46' title='bbox 1552 602 1609 643; x_wconf 90' lang='lat' dir='ltr'><strong>non</strong></span> 
     </span>
     <span class='ocr_line' id='line_1_5' title="bbox 116 670 1611 751; baseline 0.007 -24"><span class='ocrx_word' id='word_1_47' title='bbox 116 672 159 729; x_wconf 70' lang='lat' dir='ltr'><strong>lita</strong></span> <span class='ocrx_word' id='word_1_48' title='bbox 180 671 240 745; x_wconf 87' lang='lat' dir='ltr'><strong>ejus</strong></span> <span class='ocrx_word' id='word_1_49' title='bbox 260 688 290 728; x_wconf 89' lang='lat' dir='ltr'><strong>se</strong></span> <span class='ocrx_word' id='word_1_50' title='bbox 313 682 506 746; x_wconf 89' lang='lat' dir='ltr'><strong>susceptumm</strong></span> <span class='ocrx_word' id='word_1_51' title='bbox 532 670 624 729; x_wconf 85' lang='lat' dir='ltr'><strong>uerbis</strong></span> <span class='ocrx_word' id='word_1_52' title='bbox 645 671 758 745; x_wconf 88' lang='lat' dir='ltr'><strong>quidem</strong></span> <span class='ocrx_word' id='word_1_53' title='bbox 811 692 861 748; x_wconf 91' lang='lat' dir='ltr'><strong>per</strong></span> <span class='ocrx_word' id='word_1_54' title='bbox 880 676 994 747; x_wconf 90' lang='lat' dir='ltr'><strong>ostium,</strong></span> <span class='ocrx_word' id='word_1_55' title='bbox 1028 675 1078 733; x_wconf 89' lang='lat' dir='ltr'><strong>sed</strong></span> <span class='ocrx_word' id='word_1_56' title='bbox 1101 676 1210 733; x_wconf 82' lang='lat' dir='ltr'><strong>aliunde</strong></span> <span class='ocrx_word' id='word_1_57' title='bbox 1235 676 1456 751; x_wconf 79' lang='lat' dir='ltr'><strong>ingredientibus,</strong></span> <span class='ocrx_word' id='word_1_58' title='bbox 1482 680 1611 738; x_wconf 77' lang='lat' dir='ltr'><strong>eudesius</strong></span> 
     </span>
     <span class='ocr_line' id='line_1_6' title="bbox 116 767 1609 845; baseline 0.008 -25"><span class='ocrx_word' id='word_1_59' title='bbox 116 774 144 837; x_wconf 68' lang='lat' dir='ltr'><strong>rt,</strong></span> <span class='ocrx_word' id='word_1_60' title='bbox 159 776 290 824; x_wconf 78' lang='lat' dir='ltr'><strong>caeterum</strong></span> <span class='ocrx_word' id='word_1_61' title='bbox 305 783 334 823; x_wconf 94' lang='lat' dir='ltr'><strong>rc</strong></span> <span class='ocrx_word' id='word_1_62' title='bbox 344 775 371 823; x_wconf 92' lang='lat' dir='ltr'><strong>et</strong></span> <span class='ocrx_word' id='word_1_63' title='bbox 379 767 589 841; x_wconf 82' lang='lat' dir='ltr'><strong>exaggeratione</strong></span> <span class='ocrx_word' id='word_1_64' title='bbox 600 768 761 839; x_wconf 88' lang='lat' dir='ltr'><strong>culparum,</strong></span> <span class='ocrx_word' id='word_1_65' title='bbox 814 769 887 842; x_wconf 92' lang='lat' dir='ltr'><strong>ipsas</strong></span> <span class='ocrx_word' id='word_1_66' title='bbox 895 768 1081 839; x_wconf 86' lang='lat' dir='ltr'><strong>vendidimus,</strong></span> <span class='ocrx_word' id='word_1_67' title='bbox 1090 777 1118 826; x_wconf 90' lang='lat' dir='ltr'><strong>et</strong></span> <span class='ocrx_word' id='word_1_68' title='bbox 1128 786 1184 827; x_wconf 92' lang='lat' dir='ltr'><strong>non</strong></span> <span class='ocrx_word' id='word_1_69' title='bbox 1198 786 1243 828; x_wconf 90' lang='lat' dir='ltr'><strong>eas</strong></span> <span class='ocrx_word' id='word_1_70' title='bbox 1256 779 1288 828; x_wconf 91' lang='lat' dir='ltr'><strong>ut</strong></span> <span class='ocrx_word' id='word_1_71' title='bbox 1298 771 1420 845; x_wconf 90' lang='lat' dir='ltr'><strong>oportuit</strong></span> <span class='ocrx_word' id='word_1_72' title='bbox 1426 771 1609 832; x_wconf 75' lang='lat' dir='ltr'><strong>defendimus.</strong></span> 
     </span>
     <span class='ocr_line' id='line_1_7' title="bbox 116 860 1611 937; baseline 0.006 -20"><span class='ocrx_word' id='word_1_73' title='bbox 116 876 154 930; x_wconf 91' lang='lat' dir='ltr'><strong>m,</strong></span> <span class='ocrx_word' id='word_1_74' title='bbox 168 862 198 916; x_wconf 92' lang='lat' dir='ltr'><strong>in</strong></span> <span class='ocrx_word' id='word_1_75' title='bbox 217 877 337 934; x_wconf 89' lang='lat' dir='ltr'><strong>querum</strong></span> <span class='ocrx_word' id='word_1_76' title='bbox 351 878 451 918; x_wconf 89' lang='lat' dir='ltr'><strong>manus</strong></span> <span class='ocrx_word' id='word_1_77' title='bbox 468 861 628 931; x_wconf 75' lang='lat' dir='ltr'><strong>chrismat,</strong></span> <span class='ocrx_word' id='word_1_78' title='bbox 642 860 758 918; x_wconf 90' lang='lat' dir='ltr'><strong>consilio</strong></span> <span class='ocrx_word' id='word_1_79' title='bbox 813 866 853 918; x_wconf 79' lang='lat' dir='ltr'><strong>At</strong></span> <span class='ocrx_word' id='word_1_80' title='bbox 865 879 951 932; x_wconf 90' lang='lat' dir='ltr'><strong>nunc,</strong></span> <span class='ocrx_word' id='word_1_81' title='bbox 966 863 1029 937; x_wconf 85' lang='lat' dir='ltr'><strong>quia</strong></span> <span class='ocrx_word' id='word_1_82' title='bbox 1042 863 1093 920; x_wconf 93' lang='lat' dir='ltr'><strong>soli</strong></span> <span class='ocrx_word' id='word_1_83' title='bbox 1106 864 1210 937; x_wconf 91' lang='lat' dir='ltr'><strong>absque</strong></span> <span class='ocrx_word' id='word_1_84' title='bbox 1223 873 1314 922; x_wconf 83' lang='lat' dir='ltr'><strong>uestra</strong></span> <span class='ocrx_word' id='word_1_85' title='bbox 1329 867 1493 924; x_wconf 88' lang='lat' dir='ltr'><strong>auctoritate</strong></span> <span class='ocrx_word' id='word_1_86' title='bbox 1514 867 1611 926; x_wconf 85' lang='lat' dir='ltr'><strong>Eccle-</strong></span> 
     </span>
     <span class='ocr_line' id='line_1_8' title="bbox 115 944 1612 1033; baseline 0.006 -23"><span class='ocrx_word' id='word_1_87' title='bbox 115 955 264 1011; x_wconf 88' lang='lat' dir='ltr'><strong>nculcaret.</strong></span> <span class='ocrx_word' id='word_1_88' title='bbox 285 954 358 1011; x_wconf 84' lang='lat' dir='ltr'><strong>Hinc</strong></span> <span class='ocrx_word' id='word_1_89' title='bbox 375 955 435 1028; x_wconf 89' lang='lat' dir='ltr'><strong>jam</strong></span> <span class='ocrx_word' id='word_1_90' title='bbox 449 955 597 1027; x_wconf 84' lang='lat' dir='ltr'><strong>proclivior</strong></span> <span class='ocrx_word' id='word_1_91' title='bbox 612 953 703 1012; x_wconf 84' lang='lat' dir='ltr'><strong>iactus</strong></span> <span class='ocrx_word' id='word_1_92' title='bbox 723 952 760 1011; x_wconf 90' lang='lat' dir='ltr'><strong>ad</strong></span> <span class='ocrx_word' id='word_1_93' title='bbox 813 957 868 1014; x_wconf 91' lang='lat' dir='ltr'><strong>sias</strong></span> <span class='ocrx_word' id='word_1_94' title='bbox 882 957 1020 1031; x_wconf 88' lang='lat' dir='ltr'><strong>corrigere</strong></span> <span class='ocrx_word' id='word_1_95' title='bbox 1042 974 1101 1015; x_wconf 91' lang='lat' dir='ltr'><strong>non</strong></span> <span class='ocrx_word' id='word_1_96' title='bbox 1123 944 1281 1032; x_wconf 85' lang='lat' dir='ltr'><strong>possumus,</strong></span> <span class='ocrx_word' id='word_1_97' title='bbox 1306 960 1456 1033; x_wconf 85' lang='lat' dir='ltr'><strong>superbis,</strong></span> <span class='ocrx_word' id='word_1_98' title='bbox 1475 968 1507 1017; x_wconf 88' lang='lat' dir='ltr'><strong>ut</strong></span> <span class='ocrx_word' id='word_1_99' title='bbox 1528 962 1612 1020; x_wconf 90' lang='lat' dir='ltr'><strong>ctiam</strong></span> 
     </span>
     <span class='ocr_line' id='line_1_9' title="bbox 116 1047 1612 1124; baseline 0.006 -22"><span class='ocrx_word' id='word_1_100' title='bbox 116 1061 207 1118; x_wconf 66' lang='lat' dir='ltr'><strong>*auceps</strong></span> <span class='ocrx_word' id='word_1_101' title='bbox 230 1047 362 1120; x_wconf 86' lang='lat' dir='ltr'><strong>praecipiti</strong></span> <span class='ocrx_word' id='word_1_102' title='bbox 386 1065 452 1106; x_wconf 91' lang='lat' dir='ltr'><strong>usus</strong></span> <span class='ocrx_word' id='word_1_103' title='bbox 472 1049 587 1106; x_wconf 90' lang='lat' dir='ltr'><strong>consilio</strong></span> <span class='ocrx_word' id='word_1_104' title='bbox 624 1047 760 1106; x_wconf 82' lang='lat' dir='ltr'><strong>ferebatur</strong></span> <span class='ocrx_word' id='word_1_105' title='bbox 814 1051 848 1109; x_wconf 90' lang='lat' dir='ltr'><strong>de</strong></span> <span class='ocrx_word' id='word_1_106' title='bbox 861 1052 1113 1124; x_wconf 86' lang='lat' dir='ltr'><strong>nostrisomnibus,</strong></span> <span class='ocrx_word' id='word_1_107' title='bbox 1127 1059 1248 1111; x_wconf 81' lang='lat' dir='ltr'><strong>veshum</strong></span> <span class='ocrx_word' id='word_1_108' title='bbox 1263 1069 1317 1111; x_wconf 91' lang='lat' dir='ltr'><strong>una</strong></span> <span class='ocrx_word' id='word_1_109' title='bbox 1331 1054 1518 1113; x_wconf 75' lang='lat' dir='ltr'><strong>consiliumet</strong></span> <span class='ocrx_word' id='word_1_110' title='bbox 1532 1054 1612 1113; x_wconf 82' lang='lat' dir='ltr'><strong>auxi-</strong></span> 
     </span>
     <span class='ocr_line' id='line_1_10' title="bbox 131 1140 1611 1221; baseline 0.006 -24"><span class='ocrx_word' id='word_1_111' title='bbox 131 1140 229 1197; x_wconf 87' lang='lat' dir='ltr'><strong>Visum</strong></span> <span class='ocrx_word' id='word_1_112' title='bbox 248 1149 289 1196; x_wconf 92' lang='lat' dir='ltr'><strong>est</strong></span> <span class='ocrx_word' id='word_1_113' title='bbox 304 1158 379 1213; x_wconf 84' lang='lat' dir='ltr'><strong>papae</strong></span> <span class='ocrx_word' id='word_1_114' title='bbox 394 1143 554 1200; x_wconf 89' lang='lat' dir='ltr'><strong>beatissimo</strong></span> <span class='ocrx_word' id='word_1_115' title='bbox 565 1150 597 1198; x_wconf 92' lang='lat' dir='ltr'><strong>ut</strong></span> <span class='ocrx_word' id='word_1_116' title='bbox 610 1141 761 1200; x_wconf 80' lang='lat' dir='ltr'><strong>familiares</strong></span> <span class='ocrx_word' id='word_1_117' title='bbox 814 1145 882 1203; x_wconf 93' lang='lat' dir='ltr'><strong>lium</strong></span> <span class='ocrx_word' id='word_1_118' title='bbox 907 1145 1007 1203; x_wconf 85' lang='lat' dir='ltr'><strong>obnixe</strong></span> <span class='ocrx_word' id='word_1_119' title='bbox 1029 1147 1189 1221; x_wconf 79' lang='lat' dir='ltr'><strong>quaerimus,</strong></span> <span class='ocrx_word' id='word_1_120' title='bbox 1213 1155 1334 1205; x_wconf 83' lang='lat' dir='ltr'><strong>vestrum</strong></span> <span class='ocrx_word' id='word_1_121' title='bbox 1359 1157 1529 1221; x_wconf 82' lang='lat' dir='ltr'><strong>praeceptum</strong></span> <span class='ocrx_word' id='word_1_122' title='bbox 1552 1158 1611 1206; x_wconf 93' lang='lat' dir='ltr'><strong>stu·</strong></span> 
     </span>
     <span class='ocr_line' id='line_1_11' title="bbox 116 1234 1611 1317; baseline 0.007 -27"><span class='ocrx_word' id='word_1_123' title='bbox 116 1250 171 1290; x_wconf 77' lang='lat' dir='ltr'><strong>:um</strong></span> <span class='ocrx_word' id='word_1_124' title='bbox 193 1234 443 1294; x_wconf 85' lang='lat' dir='ltr'><strong>machinationibus</strong></span> <span class='ocrx_word' id='word_1_125' title='bbox 464 1252 513 1308; x_wconf 87' lang='lat' dir='ltr'><strong>per</strong></span> <span class='ocrx_word' id='word_1_126' title='bbox 539 1237 715 1309; x_wconf 88' lang='lat' dir='ltr'><strong>episcopatus</strong></span> <span class='ocrx_word' id='word_1_127' title='bbox 733 1243 762 1293; x_wconf 90' lang='lat' dir='ltr'><strong>et</strong></span> <span class='ocrx_word' id='word_1_128' title='bbox 814 1239 966 1298; x_wconf 89' lang='lat' dir='ltr'><strong>diosissime</strong></span> <span class='ocrx_word' id='word_1_129' title='bbox 988 1240 1139 1298; x_wconf 80' lang='lat' dir='ltr'><strong>servabitur</strong></span> <span class='ocrx_word' id='word_1_130' title='bbox 1159 1241 1187 1298; x_wconf 93' lang='lat' dir='ltr'><strong>in</strong></span> <span class='ocrx_word' id='word_1_131' title='bbox 1210 1241 1350 1298; x_wconf 90' lang='lat' dir='ltr'><strong>omnibus.</strong></span> <span class='ocrx_word' id='word_1_132' title='bbox 1373 1244 1408 1299; x_wconf 89' lang='lat' dir='ltr'><strong>Et</strong></span> <span class='ocrx_word' id='word_1_133' title='bbox 1431 1243 1611 1317; x_wconf 91' lang='lat' dir='ltr'><strong>nuncimpri·</strong></span> 
     </span>
     <span class='ocr_line' id='line_1_12' title="bbox 116 1327 1612 1410; baseline 0.007 -26"><span class='ocrx_word' id='word_1_134' title='bbox 116 1327 258 1385; x_wconf 81' lang='lat' dir='ltr'><strong>tiuductis</strong></span> <span class='ocrx_word' id='word_1_135' title='bbox 272 1329 426 1386; x_wconf 87' lang='lat' dir='ltr'><strong>simoniace</strong></span> <span class='ocrx_word' id='word_1_136' title='bbox 440 1330 510 1403; x_wconf 92' lang='lat' dir='ltr'><strong>lupis</strong></span> <span class='ocrx_word' id='word_1_137' title='bbox 525 1347 574 1403; x_wconf 94' lang='lat' dir='ltr'><strong>pro</strong></span> <span class='ocrx_word' id='word_1_138' title='bbox 596 1329 759 1404; x_wconf 83' lang='lat' dir='ltr'><strong>pastoribus,</strong></span> <span class='ocrx_word' id='word_1_139' title='bbox 814 1335 867 1391; x_wconf 92' lang='lat' dir='ltr'><strong>mis</strong></span> <span class='ocrx_word' id='word_1_140' title='bbox 878 1333 913 1391; x_wconf 92' lang='lat' dir='ltr'><strong>de</strong></span> <span class='ocrx_word' id='word_1_141' title='bbox 926 1334 1050 1392; x_wconf 74' lang='lat' dir='ltr'><strong>Ecclesia</strong></span> <span class='ocrx_word' id='word_1_142' title='bbox 1073 1334 1271 1393; x_wconf 82' lang='lat' dir='ltr'><strong>Mediolanensi</strong></span> <span class='ocrx_word' id='word_1_143' title='bbox 1292 1351 1355 1408; x_wconf 73' lang='lat' dir='ltr'><strong>quas</strong></span> <span class='ocrx_word' id='word_1_144' title='bbox 1374 1344 1469 1393; x_wconf 89' lang='lat' dir='ltr'><strong>nostra</strong></span> <span class='ocrx_word' id='word_1_145' title='bbox 1483 1336 1564 1410; x_wconf 88' lang='lat' dir='ltr'><strong>culpa</strong></span> <span class='ocrx_word' id='word_1_146' title='bbox 1585 1337 1612 1394; x_wconf 95' lang='lat' dir='ltr'><strong>in</strong></span> 
     </span>
     <span class='ocr_line' id='line_1_13' title="bbox 116 1422 1614 1502; baseline 0.006 -23"><span class='ocrx_word' id='word_1_147' title='bbox 116 1424 288 1479; x_wconf 87' lang='lat' dir='ltr'><strong>unoceutiam</strong></span> <span class='ocrx_word' id='word_1_148' title='bbox 302 1423 401 1480; x_wconf 83' lang='lat' dir='ltr'><strong>baeresi</strong></span> <span class='ocrx_word' id='word_1_149' title='bbox 412 1422 532 1481; x_wconf 85' lang='lat' dir='ltr'><strong>nefanda</strong></span> <span class='ocrx_word' id='word_1_150' title='bbox 547 1422 705 1494; x_wconf 83' lang='lat' dir='ltr'><strong>foedaverat,</strong></span> <span class='ocrx_word' id='word_1_151' title='bbox 725 1423 761 1480; x_wconf 91' lang='lat' dir='ltr'><strong>ad</strong></span> <span class='ocrx_word' id='word_1_152' title='bbox 814 1444 907 1486; x_wconf 91' lang='lat' dir='ltr'><strong>errore</strong></span> <span class='ocrx_word' id='word_1_153' title='bbox 928 1437 980 1497; x_wconf 87' lang='lat' dir='ltr'><strong>est,</strong></span> <span class='ocrx_word' id='word_1_154' title='bbox 1004 1444 1104 1502; x_wconf 81' lang='lat' dir='ltr'><strong>rogans</strong></span> <span class='ocrx_word' id='word_1_155' title='bbox 1117 1437 1149 1486; x_wconf 92' lang='lat' dir='ltr'><strong>ut</strong></span> <span class='ocrx_word' id='word_1_156' title='bbox 1172 1437 1260 1487; x_wconf 84' lang='lat' dir='ltr'><strong>restra</strong></span> <span class='ocrx_word' id='word_1_157' title='bbox 1276 1430 1425 1502; x_wconf 88' lang='lat' dir='ltr'><strong>apostolica</strong></span> <span class='ocrx_word' id='word_1_158' title='bbox 1444 1430 1614 1488; x_wconf 83' lang='lat' dir='ltr'><strong>districtione</strong></span> 
     </span>
     <span class='ocr_line' id='line_1_14' title="bbox 116 1519 1612 1597; baseline 0.005 -23"><span class='ocrx_word' id='word_1_159' title='bbox 116 1533 152 1574; x_wconf 90' lang='lat' dir='ltr'><strong>un</strong></span> <span class='ocrx_word' id='word_1_160' title='bbox 188 1527 307 1588; x_wconf 85' lang='lat' dir='ltr'><strong>vocaret,</strong></span> <span class='ocrx_word' id='word_1_161' title='bbox 346 1519 484 1576; x_wconf 83' lang='lat' dir='ltr'><strong>venientes</strong></span> <span class='ocrx_word' id='word_1_162' title='bbox 522 1519 683 1592; x_wconf 88' lang='lat' dir='ltr'><strong>susciperet,</strong></span> <span class='ocrx_word' id='word_1_163' title='bbox 715 1533 760 1575; x_wconf 90' lang='lat' dir='ltr'><strong>re·</strong></span> <span class='ocrx_word' id='word_1_164' title='bbox 814 1522 943 1580; x_wconf 90' lang='lat' dir='ltr'><strong>canonice</strong></span> <span class='ocrx_word' id='word_1_165' title='bbox 968 1522 1170 1597; x_wconf 66' lang='lat' dir='ltr'><strong>corrigatursei</strong></span> <span class='ocrx_word' id='word_1_166' title='bbox 1191 1521 1291 1580; x_wconf 82' lang='lat' dir='ltr'><strong>exinde</strong></span> <span class='ocrx_word' id='word_1_167' title='bbox 1315 1523 1349 1579; x_wconf 92' lang='lat' dir='ltr'><strong>ad</strong></span> <span class='ocrx_word' id='word_1_168' title='bbox 1372 1524 1510 1581; x_wconf 82' lang='lat' dir='ltr'><strong>Ecclesiae</strong></span> <span class='ocrx_word' id='word_1_169' title='bbox 1523 1524 1612 1582; x_wconf 88' lang='lat' dir='ltr'><strong>corri-</strong></span> 
     </span>
     <span class='ocr_line' id='line_1_15' title="bbox 116 1612 1610 1691; baseline 0.005 -23"><span class='ocrx_word' id='word_1_170' title='bbox 116 1613 330 1669; x_wconf 74' lang='lat' dir='ltr'><strong>tcommumone</strong></span> <span class='ocrx_word' id='word_1_171' title='bbox 347 1613 470 1686; x_wconf 89' lang='lat' dir='ltr'><strong>corporis</strong></span> <span class='ocrx_word' id='word_1_172' title='bbox 483 1612 583 1671; x_wconf 89' lang='lat' dir='ltr'><strong>Christi</strong></span> <span class='ocrx_word' id='word_1_173' title='bbox 604 1620 633 1669; x_wconf 92' lang='lat' dir='ltr'><strong>et</strong></span> <span class='ocrx_word' id='word_1_174' title='bbox 646 1625 760 1669; x_wconf 91' lang='lat' dir='ltr'><strong>consor·</strong></span> <span class='ocrx_word' id='word_1_175' title='bbox 813 1616 917 1690; x_wconf 86' lang='lat' dir='ltr'><strong>gendas</strong></span> <span class='ocrx_word' id='word_1_176' title='bbox 942 1616 1115 1674; x_wconf 87' lang='lat' dir='ltr'><strong>auctoritatis</strong></span> <span class='ocrx_word' id='word_1_177' title='bbox 1133 1625 1231 1675; x_wconf 75' lang='lat' dir='ltr'><strong>vestrae</strong></span> <span class='ocrx_word' id='word_1_178' title='bbox 1253 1616 1386 1674; x_wconf 87' lang='lat' dir='ltr'><strong>sententia</strong></span> <span class='ocrx_word' id='word_1_179' title='bbox 1410 1617 1610 1691; x_wconf 81' lang='lat' dir='ltr'><strong>progrediatur.</strong></span> 
     </span>
     <span class='ocr_line' id='line_1_16' title="bbox 116 1705 1613 1784; baseline 0.005 -22"><span class='ocrx_word' id='word_1_180' title='bbox 116 1715 299 1779; x_wconf 84' lang='lat' dir='ltr'><strong>msepararet,</strong></span> <span class='ocrx_word' id='word_1_181' title='bbox 313 1715 344 1763; x_wconf 89' lang='lat' dir='ltr'><strong>ut.</strong></span> <span class='ocrx_word' id='word_1_182' title='bbox 358 1708 400 1763; x_wconf 85' lang='lat' dir='ltr'><strong>vel</strong></span> <span class='ocrx_word' id='word_1_183' title='bbox 412 1708 451 1763; x_wconf 92' lang='lat' dir='ltr'><strong>sic</strong></span> <span class='ocrx_word' id='word_1_184' title='bbox 461 1723 526 1765; x_wconf 90' lang='lat' dir='ltr'><strong>cunr</strong></span> <span class='ocrx_word' id='word_1_185' title='bbox 542 1707 577 1764; x_wconf 92' lang='lat' dir='ltr'><strong>ab</strong></span> <span class='ocrx_word' id='word_1_186' title='bbox 588 1723 685 1764; x_wconf 89' lang='lat' dir='ltr'><strong>eorum</strong></span> <span class='ocrx_word' id='word_1_187' title='bbox 695 1705 759 1763; x_wconf 91' lang='lat' dir='ltr'><strong>sub·</strong></span> <span class='ocrx_word' id='word_1_188' title='bbox 814 1713 872 1768; x_wconf 87' lang='lat' dir='ltr'><strong>Nos</strong></span> <span class='ocrx_word' id='word_1_189' title='bbox 885 1728 950 1784; x_wconf 87' lang='lat' dir='ltr'><strong>ergo</strong></span> <span class='ocrx_word' id='word_1_190' title='bbox 962 1710 1040 1769; x_wconf 87' lang='lat' dir='ltr'><strong>vohis</strong></span> <span class='ocrx_word' id='word_1_191' title='bbox 1060 1713 1121 1768; x_wconf 88' lang='lat' dir='ltr'><strong>Deo</strong></span> <span class='ocrx_word' id='word_1_192' title='bbox 1143 1712 1253 1768; x_wconf 79' lang='lat' dir='ltr'><strong>volente</strong></span> <span class='ocrx_word' id='word_1_193' title='bbox 1266 1711 1296 1768; x_wconf 92' lang='lat' dir='ltr'><strong>in</strong></span> <span class='ocrx_word' id='word_1_194' title='bbox 1308 1710 1439 1767; x_wconf 92' lang='lat' dir='ltr'><strong>omnibus</strong></span> <span class='ocrx_word' id='word_1_195' title='bbox 1452 1727 1508 1768; x_wconf 92' lang='lat' dir='ltr'><strong>non</strong></span> <span class='ocrx_word' id='word_1_196' title='bbox 1522 1711 1613 1769; x_wconf 86' lang='lat' dir='ltr'><strong>deeri-</strong></span> 
     </span>
     <span class='ocr_line' id='line_1_17' title="bbox 116 1779 1611 1880; baseline -0.007 -8"><span class='ocrx_word' id='word_1_197' title='bbox 116 1808 130 1856; x_wconf 64' lang='lat'><strong>*1</strong></span> <span class='ocrx_word' id='word_1_198' title='bbox 151 1801 273 1872; x_wconf 60' lang='lat' dir='ltr'><strong>mallim</strong></span> <span class='ocrx_word' id='word_1_199' title='bbox 297 1801 414 1857; x_wconf 69' lang='lat' dir='ltr'><strong>⁰0¹¹Sl¹l⁰</strong></span> <span class='ocrx_word' id='word_1_200' title='bbox 428 1809 594 1874; x_wconf 87' lang='lat' dir='ltr'><strong>segregaret,</strong></span> <span class='ocrx_word' id='word_1_201' title='bbox 608 1779 796 1857; x_wconf 64' lang='lat' dir='ltr'><strong>idmosstsssss</strong></span> <span class='ocrx_word' id='word_1_202' title='bbox 815 1822 887 1877; x_wconf 91' lang='lat' dir='ltr'><strong>mus,</strong></span> <span class='ocrx_word' id='word_1_203' title='bbox 903 1814 1031 1880; x_wconf 79' lang='lat' dir='ltr'><strong>rogantes</strong></span> <span class='ocrx_word' id='word_1_204' title='bbox 1044 1804 1163 1879; x_wconf 93' lang='lat' dir='ltr'><strong>idipsum</strong></span> <span class='ocrx_word' id='word_1_205' title='bbox 1184 1804 1341 1877; x_wconf 82' lang='lat' dir='ltr'><strong>suppliciter</strong></span> <span class='ocrx_word' id='word_1_206' title='bbox 1352 1805 1544 1877; x_wconf 88' lang='lat' dir='ltr'><strong>paternitatem</strong></span> <span class='ocrx_word' id='word_1_207' title='bbox 1565 1821 1611 1875; x_wconf 61' lang='lat' dir='ltr'><strong>ve:</strong></span> 
     </span>
     <span class='ocr_line' id='line_1_18' title="bbox 116 1885 1610 1964; baseline 0.003 -14"><span class='ocrx_word' id='word_1_208' title='bbox 116 1911 130 1950; x_wconf 92' lang='lat' dir='ltr'><strong>s</strong></span> <span class='ocrx_word' id='word_1_209' title='bbox 147 1895 402 1951; x_wconf 78' lang='lat' dir='ltr'><strong>excommunicatos</strong></span> <span class='ocrx_word' id='word_1_210' title='bbox 418 1912 433 1952; x_wconf 92' lang='lat' dir='ltr'><strong>a</strong></span> <span class='ocrx_word' id='word_1_211' title='bbox 453 1895 550 1964; x_wconf 91' lang='lat' dir='ltr'><strong>dumo,</strong></span> <span class='ocrx_word' id='word_1_212' title='bbox 569 1896 603 1951; x_wconf 92' lang='lat' dir='ltr'><strong>ab</strong></span> <span class='ocrx_word' id='word_1_213' title='bbox 623 1892 765 1962; x_wconf 83' lang='lat' dir='ltr'><strong>convivio,</strong></span> <span class='ocrx_word' id='word_1_214' title='bbox 814 1906 900 1957; x_wconf 89' lang='lat' dir='ltr'><strong>stram</strong></span> <span class='ocrx_word' id='word_1_215' title='bbox 914 1908 945 1957; x_wconf 92' lang='lat' dir='ltr'><strong>ut</strong></span> <span class='ocrx_word' id='word_1_216' title='bbox 958 1899 1039 1957; x_wconf 91' lang='lat' dir='ltr'><strong>nobis</strong></span> <span class='ocrx_word' id='word_1_217' title='bbox 1060 1899 1156 1956; x_wconf 89' lang='lat' dir='ltr'><strong>alacris</strong></span> <span class='ocrx_word' id='word_1_218' title='bbox 1174 1898 1248 1955; x_wconf 90' lang='lat' dir='ltr'><strong>adsit</strong></span> <span class='ocrx_word' id='word_1_219' title='bbox 1267 1898 1418 1956; x_wconf 85' lang='lat' dir='ltr'><strong>clementer</strong></span> <span class='ocrx_word' id='word_1_220' title='bbox 1431 1898 1460 1954; x_wconf 92' lang='lat' dir='ltr'><strong>in</strong></span> <span class='ocrx_word' id='word_1_221' title='bbox 1473 1885 1610 1956; x_wconf 87' lang='lat' dir='ltr'><strong>omnibus.</strong></span> 
     </span>
     <span class='ocr_line' id='line_1_19' title="bbox 116 1988 1612 2068; baseline 0.004 -24"><span class='ocrx_word' id='word_1_222' title='bbox 116 1988 179 2044; x_wconf 87' lang='lat' dir='ltr'><strong>tiam</strong></span> <span class='ocrx_word' id='word_1_223' title='bbox 191 1988 381 2045; x_wconf 85' lang='lat' dir='ltr'><strong>familiaritate</strong></span> <span class='ocrx_word' id='word_1_224' title='bbox 396 1997 424 2044; x_wconf 90' lang='lat' dir='ltr'><strong>et</strong></span> <span class='ocrx_word' id='word_1_225' title='bbox 435 1989 630 2045; x_wconf 90' lang='lat' dir='ltr'><strong>communione</strong></span> <span class='ocrx_word' id='word_1_226' title='bbox 650 2004 700 2046; x_wconf 91' lang='lat' dir='ltr'><strong>sua</strong></span> <span class='ocrx_word' id='word_1_227' title='bbox 712 2004 760 2045; x_wconf 83' lang='lat' dir='ltr'><strong>ex·</strong></span> <span class='ocrx_word' id='word_1_228' title='bbox 813 1994 931 2051; x_wconf 86' lang='lat' dir='ltr'><strong>Litteras</strong></span> <span class='ocrx_word' id='word_1_229' title='bbox 944 2000 1056 2051; x_wconf 92' lang='lat' dir='ltr'><strong>nostras</strong></span> <span class='ocrx_word' id='word_1_230' title='bbox 1068 2009 1126 2050; x_wconf 93' lang='lat' dir='ltr'><strong>non</strong></span> <span class='ocrx_word' id='word_1_231' title='bbox 1136 2000 1198 2065; x_wconf 89' lang='lat' dir='ltr'><strong>post</strong></span> <span class='ocrx_word' id='word_1_232' title='bbox 1212 1993 1324 2068; x_wconf 91' lang='lat' dir='ltr'><strong>longum</strong></span> <span class='ocrx_word' id='word_1_233' title='bbox 1336 2000 1447 2065; x_wconf 90' lang='lat' dir='ltr'><strong>tempus</strong></span> <span class='ocrx_word' id='word_1_234' title='bbox 1461 2008 1525 2050; x_wconf 90' lang='lat' dir='ltr'><strong>eum</strong></span> <span class='ocrx_word' id='word_1_235' title='bbox 1542 1992 1612 2050; x_wconf 89' lang='lat' dir='ltr'><strong>lide·</strong></span> 
     </span>
     <span class='ocr_line' id='line_1_20' title="bbox 116 2084 1613 2160; baseline 0.004 -22"><span class='ocrx_word' id='word_1_236' title='bbox 116 2084 213 2139; x_wconf 89' lang='lat' dir='ltr'><strong>nterim</strong></span> <span class='ocrx_word' id='word_1_237' title='bbox 229 2099 292 2139; x_wconf 83' lang='lat' dir='ltr'><strong>vero</strong></span> <span class='ocrx_word' id='word_1_238' title='bbox 306 2084 489 2140; x_wconf 84' lang='lat' dir='ltr'><strong>invalescente</strong></span> <span class='ocrx_word' id='word_1_239' title='bbox 507 2092 604 2140; x_wconf 88' lang='lat' dir='ltr'><strong>contra</strong></span> <span class='ocrx_word' id='word_1_240' title='bbox 625 2098 690 2140; x_wconf 91' lang='lat' dir='ltr'><strong>eum</strong></span> <span class='ocrx_word' id='word_1_241' title='bbox 711 2084 760 2138; x_wconf 88' lang='lat' dir='ltr'><strong>Sa-</strong></span> <span class='ocrx_word' id='word_1_242' title='bbox 812 2087 924 2145; x_wconf 91' lang='lat' dir='ltr'><strong>lissimis</strong></span> <span class='ocrx_word' id='word_1_243' title='bbox 937 2086 1038 2144; x_wconf 89' lang='lat' dir='ltr'><strong>nostris</strong></span> <span class='ocrx_word' id='word_1_244' title='bbox 1054 2085 1164 2155; x_wconf 92' lang='lat' dir='ltr'><strong>habitis,</strong></span> <span class='ocrx_word' id='word_1_245' title='bbox 1178 2102 1211 2144; x_wconf 85' lang='lat' dir='ltr'><strong>er</strong></span> <span class='ocrx_word' id='word_1_246' title='bbox 1222 2086 1322 2159; x_wconf 83' lang='lat' dir='ltr'><strong>quibus</strong></span> <span class='ocrx_word' id='word_1_247' title='bbox 1335 2093 1429 2143; x_wconf 91' lang='lat' dir='ltr'><strong>nostra</strong></span> <span class='ocrx_word' id='word_1_248' title='bbox 1442 2101 1504 2160; x_wconf 86' lang='lat' dir='ltr'><strong>quae</strong></span> <span class='ocrx_word' id='word_1_249' title='bbox 1517 2086 1613 2144; x_wconf 91' lang='lat' dir='ltr'><strong>dicen·</strong></span> 
     </span>
     <span class='ocr_line' id='line_1_21' title="bbox 116 2177 1556 2253; baseline 0.003 -20"><span class='ocrx_word' id='word_1_250' title='bbox 116 2193 172 2248; x_wconf 84' lang='lat' dir='ltr'><strong>usa,</strong></span> <span class='ocrx_word' id='word_1_251' title='bbox 193 2193 257 2233; x_wconf 88' lang='lat' dir='ltr'><strong>eum</strong></span> <span class='ocrx_word' id='word_1_252' title='bbox 270 2178 340 2234; x_wconf 86' lang='lat' dir='ltr'><strong>vires</strong></span> <span class='ocrx_word' id='word_1_253' title='bbox 360 2179 438 2251; x_wconf 85' lang='lat' dir='ltr'><strong>regni</strong></span> <span class='ocrx_word' id='word_1_254' title='bbox 458 2186 485 2236; x_wconf 87' lang='lat' dir='ltr'><strong>et</strong></span> <span class='ocrx_word' id='word_1_255' title='bbox 499 2177 625 2251; x_wconf 80' lang='lat' dir='ltr'><strong>presidia</strong></span> <span class='ocrx_word' id='word_1_256' title='bbox 647 2193 662 2232; x_wconf 86' lang='lat' dir='ltr'><strong>a</strong></span> <span class='ocrx_word' id='word_1_257' title='bbox 677 2192 705 2233; x_wconf 85' lang='lat' dir='ltr'><strong>se</strong></span> <span class='ocrx_word' id='word_1_258' title='bbox 719 2177 760 2231; x_wconf 81' lang='lat' dir='ltr'><strong>vi·</strong></span> <span class='ocrx_word' id='word_1_259' title='bbox 813 2181 848 2239; x_wconf 94' lang='lat' dir='ltr'><strong>da</strong></span> <span class='ocrx_word' id='word_1_260' title='bbox 862 2181 951 2240; x_wconf 90' lang='lat' dir='ltr'><strong>adbuc</strong></span> <span class='ocrx_word' id='word_1_261' title='bbox 966 2189 1082 2250; x_wconf 85' lang='lat' dir='ltr'><strong>restant,</strong></span> <span class='ocrx_word' id='word_1_262' title='bbox 1096 2184 1156 2238; x_wconf 90' lang='lat' dir='ltr'><strong>Deo</strong></span> <span class='ocrx_word' id='word_1_263' title='bbox 1170 2180 1265 2251; x_wconf 86' lang='lat' dir='ltr'><strong>dante,</strong></span> <span class='ocrx_word' id='word_1_264' title='bbox 1281 2179 1388 2253; x_wconf 90' lang='lat' dir='ltr'><strong>plenius</strong></span> <span class='ocrx_word' id='word_1_265' title='bbox 1399 2179 1525 2238; x_wconf 87' lang='lat' dir='ltr'><strong>audietis.</strong></span> <span class='ocrx_word' id='word_1_266' title='bbox 1541 2205 1556 2231; x_wconf 75' lang='grc' dir='ltr'><strong>ι</strong></span> 
     </span>
     <span class='ocr_line' id='line_1_22' title="bbox 116 2270 1613 2348; baseline 0.003 -20"><span class='ocrx_word' id='word_1_267' title='bbox 116 2288 164 2328; x_wconf 75' lang='lat' dir='ltr'><strong>:ere</strong></span> <span class='ocrx_word' id='word_1_268' title='bbox 178 2273 255 2342; x_wconf 78' lang='lat' dir='ltr'><strong>velle,</strong></span> <span class='ocrx_word' id='word_1_269' title='bbox 272 2274 420 2344; x_wconf 88' lang='lat' dir='ltr'><strong>epistolam</strong></span> <span class='ocrx_word' id='word_1_270' title='bbox 441 2272 468 2328; x_wconf 89' lang='lat' dir='ltr'><strong>ei</strong></span> <span class='ocrx_word' id='word_1_271' title='bbox 492 2272 592 2329; x_wconf 86' lang='lat' dir='ltr'><strong>direxit</strong></span> <span class='ocrx_word' id='word_1_272' title='bbox 608 2270 760 2344; x_wconf 88' lang='lat' dir='ltr'><strong>supplicem</strong></span> <span class='ocrx_word' id='word_1_273' title='bbox 848 2278 964 2344; x_wconf 81' lang='lat' dir='ltr'><strong>Verum,</strong></span> <span class='ocrx_word' id='word_1_274' title='bbox 978 2274 1126 2333; x_wconf 87' lang='lat' dir='ltr'><strong>commisso</strong></span> <span class='ocrx_word' id='word_1_275' title='bbox 1139 2274 1235 2348; x_wconf 76' lang='lat' dir='ltr'><strong>praelio</strong></span> <span class='ocrx_word' id='word_1_276' title='bbox 1258 2283 1286 2331; x_wconf 88' lang='lat' dir='ltr'><strong>et</strong></span> <span class='ocrx_word' id='word_1_277' title='bbox 1309 2274 1424 2331; x_wconf 87' lang='lat' dir='ltr'><strong>victoria</strong></span> <span class='ocrx_word' id='word_1_278' title='bbox 1438 2275 1562 2345; x_wconf 91' lang='lat' dir='ltr'><strong>obtenta,</strong></span> <span class='ocrx_word' id='word_1_279' title='bbox 1577 2275 1613 2333; x_wconf 95' lang='lat' dir='ltr'><strong>ad</strong></span> 
     </span>
     <span class='ocr_line' id='line_1_23' title="bbox 116 2350 1612 2442; baseline 0.003 -20"><span class='ocrx_word' id='word_1_280' title='bbox 116 2375 167 2424; x_wconf 81' lang='lat' dir='ltr'><strong>ute</strong></span> <span class='ocrx_word' id='word_1_281' title='bbox 182 2367 303 2439; x_wconf 88' lang='lat' dir='ltr'><strong>plenam,</strong></span> <span class='ocrx_word' id='word_1_282' title='bbox 330 2350 530 2440; x_wconf 37' lang='lat' dir='ltr'><strong>poehitentiam‘</strong></span> <span class='ocrx_word' id='word_1_283' title='bbox 543 2367 577 2424; x_wconf 93' lang='lat' dir='ltr'><strong>de</strong></span> <span class='ocrx_word' id='word_1_284' title='bbox 599 2365 761 2439; x_wconf 82' lang='lat' dir='ltr'><strong>perpetratis</strong></span> <span class='ocrx_word' id='word_1_285' title='bbox 813 2368 952 2428; x_wconf 84' lang='lat' dir='ltr'><strong>uomitum</strong></span> <span class='ocrx_word' id='word_1_286' title='bbox 964 2368 1019 2427; x_wconf 88' lang='lat' dir='ltr'><strong>cito</strong></span> <span class='ocrx_word' id='word_1_287' title='bbox 1033 2367 1125 2439; x_wconf 92' lang='lat' dir='ltr'><strong>rediit,</strong></span> <span class='ocrx_word' id='word_1_288' title='bbox 1140 2377 1204 2426; x_wconf 87' lang='lat' dir='ltr'><strong>vota</strong></span> <span class='ocrx_word' id='word_1_289' title='bbox 1219 2366 1310 2442; x_wconf 83' lang='lat' dir='ltr'><strong>fregit,</strong></span> <span class='ocrx_word' id='word_1_290' title='bbox 1324 2367 1575 2426; x_wconf 85' lang='lat' dir='ltr'><strong>excommunicatos</strong></span> <span class='ocrx_word' id='word_1_291' title='bbox 1585 2369 1612 2426; x_wconf 93' lang='lat' dir='ltr'><strong>in</strong></span> 
     </span>
     <span class='ocr_line' id='line_1_24' title="bbox 116 2459 1637 2537; baseline 0.002 -20"><span class='ocrx_word' id='word_1_292' title='bbox 116 2459 287 2518; x_wconf 84' lang='lat' dir='ltr'><strong>undationem</strong></span> <span class='ocrx_word' id='word_1_293' title='bbox 302 2462 443 2533; x_wconf 89' lang='lat' dir='ltr'><strong>pelliceus,</strong></span> <span class='ocrx_word' id='word_1_294' title='bbox 458 2470 486 2517; x_wconf 91' lang='lat' dir='ltr'><strong>et</strong></span> <span class='ocrx_word' id='word_1_295' title='bbox 498 2476 576 2518; x_wconf 90' lang='lat' dir='ltr'><strong>suam</strong></span> <span class='ocrx_word' id='word_1_296' title='bbox 589 2460 614 2516; x_wconf 96' lang='lat' dir='ltr'><strong>ei</strong></span> <span class='ocrx_word' id='word_1_297' title='bbox 628 2459 759 2516; x_wconf 89' lang='lat' dir='ltr'><strong>obedien·</strong></span> <span class='ocrx_word' id='word_1_298' title='bbox 813 2463 1037 2523; x_wconf 91' lang='lat' dir='ltr'><strong>communionem</strong></span> <span class='ocrx_word' id='word_1_299' title='bbox 1060 2471 1088 2520; x_wconf 93' lang='lat' dir='ltr'><strong>et</strong></span> <span class='ocrx_word' id='word_1_300' title='bbox 1110 2463 1230 2536; x_wconf 86' lang='lat' dir='ltr'><strong>gratiam</strong></span> <span class='ocrx_word' id='word_1_301' title='bbox 1257 2461 1389 2535; x_wconf 87' lang='lat' dir='ltr'><strong>suscepit,</strong></span> <span class='ocrx_word' id='word_1_302' title='bbox 1426 2460 1613 2520; x_wconf 86' lang='lat' dir='ltr'><strong>Ecclesiarum</strong></span> <span class='ocrx_word' id='word_1_303' title='bbox 1634 2530 1637 2537; x_wconf 32' lang='grc' dir='ltr'>Ι</span> 
     </span>
     <span class='ocr_line' id='line_1_25' title="bbox 116 2552 1614 2630; baseline 0.003 -19"><span class='ocrx_word' id='word_1_304' title='bbox 116 2555 163 2612; x_wconf 91' lang='lat' dir='ltr'><strong>lele</strong></span> <span class='ocrx_word' id='word_1_305' title='bbox 177 2555 347 2628; x_wconf 87' lang='lat' dir='ltr'><strong>adjutorium</strong></span> <span class='ocrx_word' id='word_1_306' title='bbox 362 2564 456 2613; x_wconf 80' lang='lat' dir='ltr'><strong>cuuua</strong></span> <span class='ocrx_word' id='word_1_307' title='bbox 467 2555 630 2611; x_wconf 85' lang='lat' dir='ltr'><strong>rebellantes</strong></span> <span class='ocrx_word' id='word_1_308' title='bbox 643 2552 759 2627; x_wconf 91' lang='lat' dir='ltr'><strong>promit·</strong></span> <span class='ocrx_word' id='word_1_309' title='bbox 814 2556 1005 2615; x_wconf 82' lang='lat' dir='ltr'><strong>confusionem</strong></span> <span class='ocrx_word' id='word_1_310' title='bbox 1018 2572 1074 2613; x_wconf 94' lang='lat' dir='ltr'><strong>non</strong></span> <span class='ocrx_word' id='word_1_311' title='bbox 1084 2555 1238 2613; x_wconf 86' lang='lat' dir='ltr'><strong>abhorruit.</strong></span> <span class='ocrx_word' id='word_1_312' title='bbox 1254 2556 1321 2613; x_wconf 87' lang='lat' dir='ltr'><strong>Plus</strong></span> <span class='ocrx_word' id='word_1_313' title='bbox 1334 2564 1428 2613; x_wconf 90' lang='lat' dir='ltr'><strong>autem</strong></span> <span class='ocrx_word' id='word_1_314' title='bbox 1443 2572 1511 2630; x_wconf 85' lang='lat' dir='ltr'><strong>papa</strong></span> <span class='ocrx_word' id='word_1_315' title='bbox 1524 2555 1614 2615; x_wconf 89' lang='lat' dir='ltr'><strong>adbuc</strong></span> 
     </span>
     <span class='ocr_line' id='line_1_26' title="bbox 116 2648 1613 2723; baseline 0.004 -22"><span class='ocrx_word' id='word_1_316' title='bbox 116 2665 136 2705; x_wconf 79' lang='lat' dir='ltr'><strong>c</strong></span> <span class='ocrx_word' id='word_1_317' title='bbox 146 2649 326 2721; x_wconf 88' lang='lat' dir='ltr'><strong>postmodum</strong></span> <span class='ocrx_word' id='word_1_318' title='bbox 336 2650 432 2723; x_wconf 88' lang='lat' dir='ltr'><strong>legatis</strong></span> <span class='ocrx_word' id='word_1_319' title='bbox 444 2649 502 2721; x_wconf 88' lang='lat' dir='ltr'><strong>ejus</strong></span> <span class='ocrx_word' id='word_1_320' title='bbox 515 2648 670 2705; x_wconf 86' lang='lat' dir='ltr'><strong>Humherto</strong></span> <span class='ocrx_word' id='word_1_321' title='bbox 684 2649 760 2704; x_wconf 85' lang='lat' dir='ltr'><strong>Prae·</strong></span> <span class='ocrx_word' id='word_1_322' title='bbox 814 2650 938 2708; x_wconf 86' lang='lat' dir='ltr'><strong>animum</strong></span> <span class='ocrx_word' id='word_1_323' title='bbox 951 2650 1011 2723; x_wconf 89' lang='lat' dir='ltr'><strong>ejus</strong></span> <span class='ocrx_word' id='word_1_324' title='bbox 1032 2649 1195 2706; x_wconf 87' lang='lat' dir='ltr'><strong>tentandum</strong></span> <span class='ocrx_word' id='word_1_325' title='bbox 1210 2648 1340 2719; x_wconf 88' lang='lat' dir='ltr'><strong>credens,</strong></span> <span class='ocrx_word' id='word_1_326' title='bbox 1356 2650 1461 2707; x_wconf 87' lang='lat' dir='ltr'><strong>litteras</strong></span> <span class='ocrx_word' id='word_1_327' title='bbox 1475 2652 1499 2707; x_wconf 93' lang='lat' dir='ltr'><strong>ei</strong></span> <span class='ocrx_word' id='word_1_328' title='bbox 1513 2651 1613 2709; x_wconf 85' lang='lat' dir='ltr'><strong>direxit</strong></span> 
     </span>
     <span class='ocr_line' id='line_1_27' title="bbox 116 2727 1613 2817; baseline 0.001 -19"><span class='ocrx_word' id='word_1_329' title='bbox 116 2743 253 2801; x_wconf 85' lang='lat' dir='ltr'><strong>:Giraldu</strong></span> <span class='ocrx_word' id='word_1_330' title='bbox 287 2745 406 2801; x_wconf 88' lang='lat' dir='ltr'><strong>Ostiensi</strong></span> <span class='ocrx_word' id='word_1_331' title='bbox 437 2743 580 2817; x_wconf 90' lang='lat' dir='ltr'><strong>episcopis,</strong></span> <span class='ocrx_word' id='word_1_332' title='bbox 603 2742 632 2798; x_wconf 92' lang='lat' dir='ltr'><strong>iu</strong></span> <span class='ocrx_word' id='word_1_333' title='bbox 650 2741 761 2797; x_wconf 90' lang='lat' dir='ltr'><strong>illorum</strong></span> <span class='ocrx_word' id='word_1_334' title='bbox 814 2727 1055 2812; x_wconf 82' lang='lat' dir='ltr'><strong>commonitorias,</strong></span> <span class='ocrx_word' id='word_1_335' title='bbox 1081 2751 1112 2799; x_wconf 92' lang='lat' dir='ltr'><strong>ut</strong></span> <span class='ocrx_word' id='word_1_336' title='bbox 1135 2742 1328 2800; x_wconf 86' lang='lat' dir='ltr'><strong>recordaretur</strong></span> <span class='ocrx_word' id='word_1_337' title='bbox 1348 2743 1461 2800; x_wconf 88' lang='lat' dir='ltr'><strong>Domini</strong></span> <span class='ocrx_word' id='word_1_338' title='bbox 1483 2742 1537 2801; x_wconf 88' lang='lat' dir='ltr'><strong>Dei</strong></span> <span class='ocrx_word' id='word_1_339' title='bbox 1558 2743 1613 2815; x_wconf 89' lang='lat' dir='ltr'><strong>sul,</strong></span> 
     </span>
     <span class='ocr_line' id='line_1_28' title="bbox 116 2835 1613 2911; baseline 0 -17"><span class='ocrx_word' id='word_1_340' title='bbox 116 2854 133 2894; x_wconf 85' lang='lat' dir='ltr'><strong>r</strong></span> <span class='ocrx_word' id='word_1_341' title='bbox 158 2848 278 2895; x_wconf 89' lang='lat' dir='ltr'><strong>sacratas</strong></span> <span class='ocrx_word' id='word_1_342' title='bbox 300 2855 398 2896; x_wconf 89' lang='lat' dir='ltr'><strong>eorum</strong></span> <span class='ocrx_word' id='word_1_343' title='bbox 420 2838 514 2906; x_wconf 88' lang='lat' dir='ltr'><strong>stolas,</strong></span> <span class='ocrx_word' id='word_1_344' title='bbox 537 2852 605 2911; x_wconf 90' lang='lat' dir='ltr'><strong>quas</strong></span> <span class='ocrx_word' id='word_1_345' title='bbox 627 2835 698 2893; x_wconf 92' lang='lat' dir='ltr'><strong>collo</strong></span> <span class='ocrx_word' id='word_1_346' title='bbox 712 2850 761 2908; x_wconf 88' lang='lat' dir='ltr'><strong>ge·</strong></span> <span class='ocrx_word' id='word_1_347' title='bbox 814 2838 1007 2896; x_wconf 87' lang='lat' dir='ltr'><strong>recordaretur</strong></span> <span class='ocrx_word' id='word_1_348' title='bbox 1031 2836 1171 2910; x_wconf 89' lang='lat' dir='ltr'><strong>promissi,</strong></span> <span class='ocrx_word' id='word_1_349' title='bbox 1189 2851 1241 2892; x_wconf 87' lang='lat' dir='ltr'><strong>uec</strong></span> <span class='ocrx_word' id='word_1_350' title='bbox 1269 2835 1448 2893; x_wconf 82' lang='lat' dir='ltr'><strong>inhonoraret</strong></span> <span class='ocrx_word' id='word_1_351' title='bbox 1471 2837 1613 2895; x_wconf 90' lang='lat' dir='ltr'><strong>honoran-</strong></span> 
     </span>
     <span class='ocr_line' id='line_1_29' title="bbox 116 2928 1613 3005; baseline 0 -18"><span class='ocrx_word' id='word_1_352' title='bbox 116 2930 292 3004; x_wconf 76' lang='lat' dir='ltr'><strong>iurejurando</strong></span> <span class='ocrx_word' id='word_1_353' title='bbox 326 2931 500 2988; x_wconf 84' lang='lat' dir='ltr'><strong>confirmans.</strong></span> <span class='ocrx_word' id='word_1_354' title='bbox 535 2934 640 2988; x_wconf 85' lang='lat' dir='ltr'><strong>Textus</strong></span> <span class='ocrx_word' id='word_1_355' title='bbox 668 2940 761 2988; x_wconf 90' lang='lat' dir='ltr'><strong>autem</strong></span> <span class='ocrx_word' id='word_1_356' title='bbox 816 2941 873 2991; x_wconf 90' lang='lat' dir='ltr'><strong>tem</strong></span> <span class='ocrx_word' id='word_1_357' title='bbox 895 2948 935 2997; x_wconf 87' lang='lat' dir='ltr'><strong>se,</strong></span> <span class='ocrx_word' id='word_1_358' title='bbox 950 2946 1003 2988; x_wconf 91' lang='lat' dir='ltr'><strong>nec</strong></span> <span class='ocrx_word' id='word_1_359' title='bbox 1024 2929 1148 2987; x_wconf 91' lang='lat' dir='ltr'><strong>crederet</strong></span> <span class='ocrx_word' id='word_1_360' title='bbox 1161 2945 1191 2986; x_wconf 90' lang='lat' dir='ltr'><strong>se</strong></span> <span class='ocrx_word' id='word_1_361' title='bbox 1214 2928 1306 2986; x_wconf 87' lang='lat' dir='ltr'><strong>iallere</strong></span> <span class='ocrx_word' id='word_1_362' title='bbox 1321 2931 1520 3003; x_wconf 80' lang='lat' dir='ltr'><strong>posselieum,</strong></span> <span class='ocrx_word' id='word_1_363' title='bbox 1544 2931 1613 3005; x_wconf 84' lang='lat' dir='ltr'><strong>adji-</strong></span> 
     </span>
     <span class='ocr_line' id='line_1_30' title="bbox 116 3022 1614 3097; baseline 0.001 -16"><span class='ocrx_word' id='word_1_364' title='bbox 116 3034 149 3081; x_wconf 74' lang='lat' dir='ltr'><strong>ste</strong></span> <span class='ocrx_word' id='word_1_365' title='bbox 160 3033 204 3082; x_wconf 91' lang='lat' dir='ltr'><strong>est</strong></span> <span class='ocrx_word' id='word_1_366' title='bbox 220 3046 226 3081; x_wconf 90' lang='lat'>:</span> <span class='ocrx_word' id='word_1_367' title='bbox 814 3027 889 3083; x_wconf 92' lang='lat' dir='ltr'><strong>ciens</strong></span> <span class='ocrx_word' id='word_1_368' title='bbox 903 3029 987 3082; x_wconf 74' lang='lat' dir='ltr'><strong>Decem</strong></span> <span class='ocrx_word' id='word_1_369' title='bbox 996 3025 1117 3097; x_wconf 82' lang='lat' dir='ltr'><strong>superbis</strong></span> <span class='ocrx_word' id='word_1_370' title='bbox 1129 3026 1261 3089; x_wconf 81' lang='lat' dir='ltr'><strong>resistcre,</strong></span> <span class='ocrx_word' id='word_1_371' title='bbox 1276 3022 1428 3081; x_wconf 82' lang='lat' dir='ltr'><strong>humilibus</strong></span> <span class='ocrx_word' id='word_1_372' title='bbox 1440 3029 1530 3082; x_wconf 83' lang='lat' dir='ltr'><strong>eutem</strong></span> <span class='ocrx_word' id='word_1_373' title='bbox 1545 3024 1614 3083; x_wconf 86' lang='lat' dir='ltr'><strong>dure</strong></span> 
     </span>
     <span class='ocr_line' id='line_1_31' title="bbox 116 3115 1614 3226; baseline 0.002 -51"><span class='ocrx_word' id='word_1_374' title='bbox 116 3123 195 3175; x_wconf 77' lang='lat' dir='ltr'><strong>larici</strong></span> <span class='ocrx_word' id='word_1_375' title='bbox 210 3123 382 3191; x_wconf 83' lang='lat' dir='ltr'><strong>imperatoris</strong></span> <span class='ocrx_word' id='word_1_376' title='bbox 396 3122 509 3192; x_wconf 84' lang='lat' dir='ltr'><strong>epistole</strong></span> <span class='ocrx_word' id='word_1_377' title='bbox 521 3120 558 3175; x_wconf 85' lang='lat' dir='ltr'><strong>od</strong></span> <span class='ocrx_word' id='word_1_378' title='bbox 569 3134 679 3192; x_wconf 85' lang='lat' dir='ltr'><strong>popum.</strong></span> <span class='ocrx_word' id='word_1_379' title='bbox 777 3123 935 3226; x_wconf 78' lang='lat' dir='ltr'><strong>Cpretium</strong></span> <span class='ocrx_word' id='word_1_380' title='bbox 949 3119 975 3193; x_wconf 88' lang='lat' dir='ltr'><strong>(l</strong></span> <span class='ocrx_word' id='word_1_381' title='bbox 985 3122 1062 3177; x_wconf 76' lang='lat' dir='ltr'><strong>Pela.</strong></span> <span class='ocrx_word' id='word_1_382' title='bbox 1079 3121 1122 3187; x_wconf 87' lang='lat' dir='ltr'><strong>v),</strong></span> <span class='ocrx_word' id='word_1_383' title='bbox 1145 3133 1313 3192; x_wconf 88' lang='lat' dir='ltr'><strong>parcensque</strong></span> <span class='ocrx_word' id='word_1_384' title='bbox 1326 3115 1351 3175; x_wconf 92' lang='lat' dir='ltr'><strong>ei</strong></span> <span class='ocrx_word' id='word_1_385' title='bbox 1367 3126 1394 3174; x_wconf 91' lang='lat' dir='ltr'><strong>et</strong></span> <span class='ocrx_word' id='word_1_386' title='bbox 1415 3119 1614 3178; x_wconf 89' lang='lat' dir='ltr'><strong>moderaminis</strong></span> 
     </span>
     <span class='ocr_line' id='line_1_32' title="bbox 116 3213 1613 3288; baseline 0 -18"><span class='ocrx_word' id='word_1_387' title='bbox 116 3214 283 3272; x_wconf 88' lang='lat' dir='ltr'><strong>ntissimoet</strong></span> <span class='ocrx_word' id='word_1_388' title='bbox 296 3215 672 3272; x_wconf 90' lang='lat' dir='ltr'><strong>desiderantissimodomino</strong></span> <span class='ocrx_word' id='word_1_389' title='bbox 685 3227 761 3287; x_wconf 88' lang='lat' dir='ltr'><strong>papae</strong></span> <span class='ocrx_word' id='word_1_390' title='bbox 815 3213 957 3288; x_wconf 85' lang='lat' dir='ltr'><strong>apostolici</strong></span> <span class='ocrx_word' id='word_1_391' title='bbox 972 3229 1036 3287; x_wconf 91' lang='lat' dir='ltr'><strong>erga</strong></span> <span class='ocrx_word' id='word_1_392' title='bbox 1067 3228 1132 3269; x_wconf 90' lang='lat' dir='ltr'><strong>eum</strong></span> <span class='ocrx_word' id='word_1_393' title='bbox 1152 3227 1299 3269; x_wconf 90' lang='lat' dir='ltr'><strong>censuram</strong></span> <span class='ocrx_word' id='word_1_394' title='bbox 1320 3227 1494 3284; x_wconf 82' lang='lat' dir='ltr'><strong>conservans,</strong></span> <span class='ocrx_word' id='word_1_395' title='bbox 1529 3229 1613 3287; x_wconf 88' lang='lat' dir='ltr'><strong>quem</strong></span> 
     </span>
     <span class='ocr_line' id='line_1_33' title="bbox 132 3304 1469 3383; baseline -0.002 -18"><span class='ocrx_word' id='word_1_396' title='bbox 132 3310 279 3381; x_wconf 88' lang='lat' dir='ltr'><strong>apostolica</strong></span> <span class='ocrx_word' id='word_1_397' title='bbox 320 3308 450 3383; x_wconf 85' lang='lat' dir='ltr'><strong>dignitate</strong></span> <span class='ocrx_word' id='word_1_398' title='bbox 477 3310 584 3366; x_wconf 76' lang='lat' dir='ltr'><strong>coelitus</strong></span> <span class='ocrx_word' id='word_1_399' title='bbox 619 3306 759 3380; x_wconf 87' lang='lat' dir='ltr'><strong>insignito,</strong></span> <span class='ocrx_word' id='word_1_400' title='bbox 815 3309 951 3382; x_wconf 89' lang='lat' dir='ltr'><strong>potuisset</strong></span> <span class='ocrx_word' id='word_1_401' title='bbox 963 3322 1013 3380; x_wconf 88' lang='lat' dir='ltr'><strong>pro</strong></span> <span class='ocrx_word' id='word_1_402' title='bbox 1026 3306 1082 3364; x_wconf 91' lang='lat' dir='ltr'><strong>boc</strong></span> <span class='ocrx_word' id='word_1_403' title='bbox 1094 3304 1154 3362; x_wconf 90' lang='lat' dir='ltr'><strong>solo</strong></span> <span class='ocrx_word' id='word_1_404' title='bbox 1167 3305 1268 3363; x_wconf 91' lang='lat' dir='ltr'><strong>scelere</strong></span> <span class='ocrx_word' id='word_1_405' title='bbox 1277 3306 1351 3379; x_wconf 88' lang='lat' dir='ltr'><strong>juste</strong></span> <span class='ocrx_word' id='word_1_406' title='bbox 1362 3307 1469 3379; x_wconf 88' lang='lat' dir='ltr'><strong>punire.</strong></span> 
     </span>
    </p>
   </div>
   <div class='ocr_carea' id='block_1_3' title="bbox 123 3400 1522 3479">
    <p class='ocr_par' dir='ltr' id='par_1_3' title="bbox 123 3400 1522 3479">
     <span class='ocr_line' id='line_1_34' title="bbox 123 3400 1522 3479; baseline 0.003 -21"><span class='ocrx_word' id='word_1_407' title='bbox 123 3402 175 3459; x_wconf 86' lang='lat' dir='ltr'><strong>Dei</strong></span> <span class='ocrx_word' id='word_1_408' title='bbox 185 3404 272 3475; x_wconf 85' lang='lat' dir='ltr'><strong>gralia</strong></span> <span class='ocrx_word' id='word_1_409' title='bbox 284 3405 477 3459; x_wconf 79' lang='lat' dir='ltr'><strong>Ronlanorum</strong></span> <span class='ocrx_word' id='word_1_410' title='bbox 501 3419 549 3460; x_wconf 83' lang='lat' dir='ltr'><strong>rex</strong></span> <span class='ocrx_word' id='word_1_411' title='bbox 564 3402 648 3460; x_wconf 88' lang='lat' dir='ltr'><strong>debiti</strong></span> <span class='ocrx_word' id='word_1_412' title='bbox 673 3400 764 3457; x_wconf 88' lang='lat' dir='ltr'><strong>samu·</strong></span> <span class='ocrx_word' id='word_1_413' title='bbox 905 3423 1026 3468; x_wconf 64' lang='lat' dir='ltr'><strong>gum</strong></span> <span class='ocrx_word' id='word_1_414' title='bbox 1037 3423 1164 3468; x_wconf 68' lang='lat' dir='ltr'><strong>hunino</strong></span> <span class='ocrx_word' id='word_1_415' title='bbox 1178 3423 1320 3467; x_wconf 69' lang='lat' dir='ltr'><strong>Phaleri</strong></span> <span class='ocrx_word' id='word_1_416' title='bbox 1333 3422 1445 3479; x_wconf 74' lang='lat' dir='ltr'><strong>haunit,</strong></span> <span class='ocrx_word' id='word_1_417' title='bbox 1459 3426 1483 3469; x_wconf 81' lang='lat' dir='ltr'><strong>s.</strong></span> <span class='ocrx_word' id='word_1_418' title='bbox 1498 3419 1522 3467; x_wconf 74' lang='lat' dir='ltr'><strong>t.</strong></span> 
     </span>
    </p>
   </div>
   <div class='ocr_carea' id='block_1_4' title="bbox 116 3498 1612 3665">
    <p class='ocr_par' dir='ltr' id='par_1_4' title="bbox 116 3498 1612 3665">
     <span class='ocr_line' id='line_1_35' title="bbox 116 3498 1610 3586; baseline -0.002 -11"><span class='ocrx_word' id='word_1_419' title='bbox 116 3498 226 3553; x_wconf 63' lang='lat'><strong>⁸⁵¹⁰¹³¹¹¹</strong></span> <span class='ocrx_word' id='word_1_420' title='bbox 236 3498 442 3555; x_wconf 59' lang='lat' dir='ltr'><strong>0¹¹¹ib511000m·</strong></span> <span class='ocrx_word' id='word_1_421' title='bbox 790 3524 794 3529; x_wconf 90' lang='grc'><em>“</em></span> <span class='ocrx_word' id='word_1_422' title='bbox 816 3515 862 3572; x_wconf 79' lang='lat' dir='ltr'><strong>tc</strong></span> <span class='ocrx_word' id='word_1_423' title='bbox 875 3514 1016 3571; x_wconf 85' lang='lat' dir='ltr'><strong>concilium</strong></span> <span class='ocrx_word' id='word_1_424' title='bbox 1029 3516 1178 3570; x_wconf 83' lang='lat' dir='ltr'><strong>Romanum</strong></span> <span class='ocrx_word' id='word_1_425' title='bbox 1190 3515 1225 3577; x_wconf 88' lang='lat' dir='ltr'><strong>V,</strong></span> <span class='ocrx_word' id='word_1_426' title='bbox 1240 3529 1275 3570; x_wconf 81' lang='lat' dir='ltr'><strong>cat</strong></span> <span class='ocrx_word' id='word_1_427' title='bbox 1294 3514 1415 3571; x_wconf 82' lang='lat' dir='ltr'><strong>chronico</strong></span> <span class='ocrx_word' id='word_1_428' title='bbox 1435 3514 1610 3586; x_wconf 84' lang='lat' dir='ltr'><strong>Virduueusi,</strong></span> 
     </span>
     <span class='ocr_line' id='line_1_36' title="bbox 119 3584 1612 3665; baseline -0.003 -17"><span class='ocrx_word' id='word_1_429' title='bbox 119 3608 235 3665; x_wconf 84' lang='lat' dir='ltr'><strong>reguum</strong></span> <span class='ocrx_word' id='word_1_430' title='bbox 248 3602 276 3649; x_wconf 91' lang='lat' dir='ltr'><strong>et</strong></span> <span class='ocrx_word' id='word_1_431' title='bbox 297 3592 492 3659; x_wconf 89' lang='lat' dir='ltr'><strong>sacerdotium,</strong></span> <span class='ocrx_word' id='word_1_432' title='bbox 504 3597 537 3646; x_wconf 90' lang='lat' dir='ltr'><strong>ut</strong></span> <span class='ocrx_word' id='word_1_433' title='bbox 557 3591 586 3647; x_wconf 92' lang='lat' dir='ltr'><strong>iu</strong></span> <span class='ocrx_word' id='word_1_434' title='bbox 606 3588 713 3647; x_wconf 85' lang='lat' dir='ltr'><strong>Christo</strong></span> <span class='ocrx_word' id='word_1_435' title='bbox 727 3587 765 3644; x_wconf 90' lang='lat' dir='ltr'><strong>ri·</strong></span> <span class='ocrx_word' id='word_1_436' title='bbox 851 3586 1070 3656; x_wconf 70' lang='lat' dir='ltr'><strong>uop.214,tom.</strong></span> <span class='ocrx_word' id='word_1_437' title='bbox 1087 3584 1296 3665; x_wconf 80' lang='lat' dir='ltr'><strong>l.ilt‘blt&#39;otltecoe</strong></span> <span class='ocrx_word' id='word_1_438' title='bbox 1316 3600 1391 3642; x_wconf 79' lang='lat' dir='ltr'><strong>secur</strong></span> <span class='ocrx_word' id='word_1_439' title='bbox 1408 3602 1458 3643; x_wconf 89' lang='lat' dir='ltr'><strong>ms.</strong></span> <span class='ocrx_word' id='word_1_440' title='bbox 1474 3588 1612 3643; x_wconf 80' lang='lat' dir='ltr'><strong>librorum.</strong></span> 
     </span>
    </p>
   </div>
   <div class='ocr_carea' id='block_1_5' title="bbox 115 3684 1642 5923">
    <p class='ocr_par' dir='ltr' id='par_1_5' title="bbox 116 3684 1614 4041">
     <span class='ocr_line' id='line_1_37' title="bbox 116 3684 1612 3756; baseline 0 -14"><span class='ocrx_word' id='word_1_441' title='bbox 116 3694 189 3743; x_wconf 71' lang='lat' dir='ltr'><strong>strata</strong></span> <span class='ocrx_word' id='word_1_442' title='bbox 212 3688 371 3753; x_wconf 89' lang='lat' dir='ltr'><strong>subsistant,</strong></span> <span class='ocrx_word' id='word_1_443' title='bbox 394 3686 494 3742; x_wconf 85' lang='lat' dir='ltr'><strong>vicaria</strong></span> <span class='ocrx_word' id='word_1_444' title='bbox 515 3685 558 3741; x_wconf 91' lang='lat' dir='ltr'><strong>sui</strong></span> <span class='ocrx_word' id='word_1_445' title='bbox 582 3700 633 3756; x_wconf 91' lang='lat' dir='ltr'><strong>ope</strong></span> <span class='ocrx_word' id='word_1_446' title='bbox 656 3698 764 3756; x_wconf 89' lang='lat' dir='ltr'><strong>semper</strong></span> <span class='ocrx_word' id='word_1_447' title='bbox 851 3685 932 3743; x_wconf 75' lang='lat' dir='ltr'><strong>Aucto</strong></span> <span class='ocrx_word' id='word_1_448' title='bbox 945 3684 1181 3739; x_wconf 82' lang='lat' dir='ltr'><strong>cblueuruotioue</strong></span> <span class='ocrx_word' id='word_1_449' title='bbox 1193 3684 1304 3738; x_wconf 68' lang='lat' dir='ltr'><strong>Domim</strong></span> <span class='ocrx_word' id='word_1_450' title='bbox 1326 3686 1407 3751; x_wconf 84' lang='grc'><strong>1078,</strong></span> <span class='ocrx_word' id='word_1_451' title='bbox 1424 3685 1570 3741; x_wconf 79' lang='lat' dir='ltr'><strong>iudtbttouc</strong></span> <span class='ocrx_word' id='word_1_452' title='bbox 1590 3699 1612 3750; x_wconf 87' lang='lat' dir='ltr'><strong>r,</strong></span> 
     </span>
     <span class='ocr_line' id='line_1_38' title="bbox 136 3776 1614 3853; baseline -0.002 -16"><span class='ocrx_word' id='word_1_453' title='bbox 136 3789 245 3853; x_wconf 91' lang='lat' dir='ltr'><strong>oportet</strong></span> <span class='ocrx_word' id='word_1_454' title='bbox 266 3781 409 3847; x_wconf 89' lang='lat' dir='ltr'><strong>nimirum,</strong></span> <span class='ocrx_word' id='word_1_455' title='bbox 424 3779 536 3836; x_wconf 93' lang='lat' dir='ltr'><strong>domine</strong></span> <span class='ocrx_word' id='word_1_456' title='bbox 555 3779 594 3835; x_wconf 92' lang='lat' dir='ltr'><strong>mi</strong></span> <span class='ocrx_word' id='word_1_457' title='bbox 625 3786 654 3836; x_wconf 92' lang='lat' dir='ltr'><strong>et</strong></span> <span class='ocrx_word' id='word_1_458' title='bbox 683 3781 764 3835; x_wconf 89' lang='lat' dir='ltr'><strong>Pater</strong></span> <span class='ocrx_word' id='word_1_459' title='bbox 813 3781 988 3852; x_wconf 58' lang='lat' dir='ltr'><strong>pontificatus</strong></span> <span class='ocrx_word' id='word_1_460' title='bbox 1002 3776 1059 3848; x_wconf 59' lang='lat' dir='ltr'><strong>usos</strong></span> <span class='ocrx_word' id='word_1_461' title='bbox 1080 3792 1151 3832; x_wconf 86' lang='lat' dir='ltr'><strong>uuuo</strong></span> <span class='ocrx_word' id='word_1_462' title='bbox 1174 3792 1201 3845; x_wconf 80' lang='lat' dir='ltr'><strong>v,</strong></span> <span class='ocrx_word' id='word_1_463' title='bbox 1224 3792 1312 3833; x_wconf 84' lang='lat' dir='ltr'><strong>meuse</strong></span> <span class='ocrx_word' id='word_1_464' title='bbox 1335 3779 1447 3845; x_wconf 78' lang='lat' dir='ltr'><strong>Martio,</strong></span> <span class='ocrx_word' id='word_1_465' title='bbox 1468 3778 1614 3852; x_wconf 76' lang='lat' dir='ltr'><strong>Grepora&#39;us</strong></span> 
     </span>
     <span class='ocr_line' id='line_1_39' title="bbox 116 3871 1614 3948; baseline -0.001 -17"><span class='ocrx_word' id='word_1_466' title='bbox 116 3892 164 3944; x_wconf 88' lang='lat' dir='ltr'><strong>ue,</strong></span> <span class='ocrx_word' id='word_1_467' title='bbox 184 3885 319 3948; x_wconf 89' lang='lat' dir='ltr'><strong>quatenus</strong></span> <span class='ocrx_word' id='word_1_468' title='bbox 340 3875 374 3930; x_wconf 89' lang='lat' dir='ltr'><strong>ah</strong></span> <span class='ocrx_word' id='word_1_469' title='bbox 401 3875 518 3931; x_wconf 87' lang='lat' dir='ltr'><strong>invicem</strong></span> <span class='ocrx_word' id='word_1_470' title='bbox 534 3873 649 3929; x_wconf 90' lang='lat' dir='ltr'><strong>minime</strong></span> <span class='ocrx_word' id='word_1_471' title='bbox 663 3872 763 3930; x_wconf 87' lang='lat' dir='ltr'><strong>dissen-</strong></span> <span class='ocrx_word' id='word_1_472' title='bbox 812 3888 889 3946; x_wconf 84' lang='lat' dir='ltr'><strong>popu</strong></span> <span class='ocrx_word' id='word_1_473' title='bbox 910 3875 965 3930; x_wconf 86' lang='lat' dir='ltr'><strong>Vll</strong></span> <span class='ocrx_word' id='word_1_474' title='bbox 979 3873 1105 3929; x_wconf 66' lang='lat' dir='ltr'><strong>Mmouae</strong></span> <span class='ocrx_word' id='word_1_475' title='bbox 1117 3871 1218 3940; x_wconf 71' lang='lat' dir='ltr'><strong>syuodo</strong></span> <span class='ocrx_word' id='word_1_476' title='bbox 1231 3872 1411 3942; x_wconf 79' lang='lat' dir='ltr'><strong>cpiscoporum</strong></span> <span class='ocrx_word' id='word_1_477' title='bbox 1421 3876 1527 3929; x_wconf 80' lang='lat' dir='ltr'><strong>centum</strong></span> <span class='ocrx_word' id='word_1_478' title='bbox 1539 3888 1614 3945; x_wconf 77' lang='lat' dir='ltr'><strong>prta·</strong></span> 
     </span>
     <span class='ocr_line' id='line_1_40' title="bbox 116 3966 1206 4041; baseline -0.006 -15"><span class='ocrx_word' id='word_1_479' title='bbox 116 3986 154 4026; x_wconf 92' lang='lat' dir='ltr'><strong>rm</strong></span> <span class='ocrx_word' id='word_1_480' title='bbox 175 3971 266 4041; x_wconf 91' lang='lat' dir='ltr'><strong>potius</strong></span> <span class='ocrx_word' id='word_1_481' title='bbox 278 3969 380 4026; x_wconf 90' lang='lat' dir='ltr'><strong>Christi</strong></span> <span class='ocrx_word' id='word_1_482' title='bbox 405 3968 509 4041; x_wconf 89' lang='lat' dir='ltr'><strong>glutino</strong></span> <span class='ocrx_word' id='word_1_483' title='bbox 537 3967 763 4040; x_wconf 86' lang='lat' dir='ltr'><strong>conjunctissimo</strong></span> <span class='ocrx_word' id='word_1_484' title='bbox 816 3968 918 4031; x_wconf 75' lang='lat' dir='ltr'><strong>sideru,</strong></span> <span class='ocrx_word' id='word_1_485' title='bbox 933 3966 1007 4021; x_wconf 83' lang='lat' dir='ltr'><strong>dicit</strong></span> <span class='ocrx_word' id='word_1_486' title='bbox 1017 3966 1206 4037; x_wconf 75' lang='lat' dir='ltr'><strong>postuliquo:</strong></span> 
     </span>
    </p>

    <p class='ocr_par' dir='ltr' id='par_1_6' title="bbox 115 4057 1642 5923">
     <span class='ocr_line' id='line_1_41' title="bbox 116 4057 1615 4133; baseline -0.001 -13"><span class='ocrx_word' id='word_1_487' title='bbox 116 4065 186 4121; x_wconf 91' lang='lat' dir='ltr'><strong>iliter</strong></span> <span class='ocrx_word' id='word_1_488' title='bbox 210 4064 262 4122; x_wconf 89' lang='lat' dir='ltr'><strong>sibi</strong></span> <span class='ocrx_word' id='word_1_489' title='bbox 283 4063 448 4120; x_wconf 71' lang='lat' dir='ltr'><strong>cohereant.</strong></span> <span class='ocrx_word' id='word_1_490' title='bbox 466 4064 588 4133; x_wconf 90' lang='lat' dir='ltr'><strong>Namque</strong></span> <span class='ocrx_word' id='word_1_491' title='bbox 609 4061 647 4118; x_wconf 90' lang='lat' dir='ltr'><strong>sie</strong></span> <span class='ocrx_word' id='word_1_492' title='bbox 661 4068 689 4118; x_wconf 92' lang='lat' dir='ltr'><strong>et</strong></span> <span class='ocrx_word' id='word_1_493' title='bbox 706 4076 765 4117; x_wconf 91' lang='lat' dir='ltr'><strong>non</strong></span> <span class='ocrx_word' id='word_1_494' title='bbox 852 4059 1049 4118; x_wconf 90' lang='lat' dir='ltr'><strong>Ordinationes</strong></span> <span class='ocrx_word' id='word_1_495' title='bbox 1081 4058 1193 4116; x_wconf 92' lang='lat' dir='ltr'><strong>illorum</strong></span> <span class='ocrx_word' id='word_1_496' title='bbox 1213 4057 1260 4130; x_wconf 86' lang='lat' dir='ltr'><strong>qui</strong></span> <span class='ocrx_word' id='word_1_497' title='bbox 1297 4059 1333 4115; x_wconf 93' lang='lat' dir='ltr'><strong>ab</strong></span> <span class='ocrx_word' id='word_1_498' title='bbox 1359 4059 1615 4119; x_wconf 82' lang='lat' dir='ltr'><strong>excommunicatis</strong></span> 
     </span>
     <span class='ocr_line' id='line_1_42' title="bbox 116 4151 1642 4227; baseline -0.003 -12"><span class='ocrx_word' id='word_1_499' title='bbox 116 4168 237 4215; x_wconf 81' lang='lat' dir='ltr'><strong>seruatur</strong></span> <span class='ocrx_word' id='word_1_500' title='bbox 253 4157 282 4213; x_wconf 90' lang='lat' dir='ltr'><strong>in</strong></span> <span class='ocrx_word' id='word_1_501' title='bbox 300 4157 407 4214; x_wconf 90' lang='lat' dir='ltr'><strong>vinculo</strong></span> <span class='ocrx_word' id='word_1_502' title='bbox 428 4154 557 4227; x_wconf 80' lang='lat' dir='ltr'><strong>perteue</strong></span> <span class='ocrx_word' id='word_1_503' title='bbox 570 4154 714 4212; x_wconf 87' lang='lat' dir='ltr'><strong>charitatis</strong></span> <span class='ocrx_word' id='word_1_504' title='bbox 739 4163 766 4210; x_wconf 90' lang='lat' dir='ltr'><strong>et</strong></span> <span class='ocrx_word' id='word_1_505' title='bbox 816 4162 882 4212; x_wconf 92' lang='lat' dir='ltr'><strong>sunt</strong></span> <span class='ocrx_word' id='word_1_506' title='bbox 902 4151 1032 4221; x_wconf 88' lang='lat' dir='ltr'><strong>ordinati,</strong></span> <span class='ocrx_word' id='word_1_507' title='bbox 1047 4159 1208 4209; x_wconf 87' lang='lat' dir='ltr'><strong>sanctorum</strong></span> <span class='ocrx_word' id='word_1_508' title='bbox 1229 4155 1343 4209; x_wconf 78' lang='lat' dir='ltr'><strong>Petrum</strong></span> <span class='ocrx_word' id='word_1_509' title='bbox 1365 4160 1512 4226; x_wconf 87' lang='lat' dir='ltr'><strong>sequentes</strong></span> <span class='ocrx_word' id='word_1_510' title='bbox 1530 4155 1615 4212; x_wconf 84' lang='lat' dir='ltr'><strong>aesti-</strong></span> <span class='ocrx_word' id='word_1_511' title='bbox 1639 4172 1642 4183; x_wconf 94' lang='lat'><em>·</em></span> 
     </span>
     <span class='ocr_line' id='line_1_43' title="bbox 122 4244 1614 4320; baseline -0.002 -11"><span class='ocrx_word' id='word_1_512' title='bbox 122 4251 283 4309; x_wconf 71' lang='lat' dir='ltr'><strong>Christianae</strong></span> <span class='ocrx_word' id='word_1_513' title='bbox 303 4251 451 4308; x_wconf 87' lang='lat' dir='ltr'><strong>concordia</strong></span> <span class='ocrx_word' id='word_1_514' title='bbox 465 4249 578 4306; x_wconf 86' lang='lat' dir='ltr'><strong>unitatis</strong></span> <span class='ocrx_word' id='word_1_515' title='bbox 599 4258 626 4306; x_wconf 94' lang='lat' dir='ltr'><strong>et</strong></span> <span class='ocrx_word' id='word_1_516' title='bbox 641 4247 765 4306; x_wconf 89' lang='lat' dir='ltr'><strong>ecclesia·</strong></span> <span class='ocrx_word' id='word_1_517' title='bbox 818 4247 871 4320; x_wconf 88' lang='lat' dir='ltr'><strong>gia,</strong></span> <span class='ocrx_word' id='word_1_518' title='bbox 891 4246 980 4303; x_wconf 89' lang='lat' dir='ltr'><strong>irritas</strong></span> <span class='ocrx_word' id='word_1_519' title='bbox 991 4245 1052 4302; x_wconf 88' lang='lat' dir='ltr'><strong>lieri</strong></span> <span class='ocrx_word' id='word_1_520' title='bbox 1071 4244 1240 4302; x_wconf 88' lang='lat' dir='ltr'><strong>censuimus.</strong></span> <span class='ocrx_word' id='word_1_521' title='bbox 1255 4246 1418 4302; x_wconf 85' lang='lat' dir='ltr'><strong>Sanetomm</strong></span> <span class='ocrx_word' id='word_1_522' title='bbox 1434 4247 1614 4319; x_wconf 74' lang='lat' dir='ltr'><strong>praedecesso⁴</strong></span> 
     </span>
     <span class='ocr_line' id='line_1_44' title="bbox 116 4339 1615 4418; baseline -0.002 -15"><span class='ocrx_word' id='word_1_523' title='bbox 116 4347 136 4403; x_wconf 88' lang='lat' dir='ltr'><strong>rl</strong></span> <span class='ocrx_word' id='word_1_524' title='bbox 148 4355 234 4404; x_wconf 87' lang='lat' dir='ltr'><strong>status</strong></span> <span class='ocrx_word' id='word_1_525' title='bbox 248 4346 402 4418; x_wconf 84' lang='lat' dir='ltr'><strong>religionis.</strong></span> <span class='ocrx_word' id='word_1_526' title='bbox 416 4344 469 4402; x_wconf 91' lang='lat' dir='ltr'><strong>Sed</strong></span> <span class='ocrx_word' id='word_1_527' title='bbox 483 4360 545 4413; x_wconf 91' lang='lat' dir='ltr'><strong>nos,</strong></span> <span class='ocrx_word' id='word_1_528' title='bbox 567 4344 625 4416; x_wconf 86' lang='lat' dir='ltr'><strong>qui,</strong></span> <span class='ocrx_word' id='word_1_529' title='bbox 642 4346 700 4400; x_wconf 88' lang='lat' dir='ltr'><strong>Deo</strong></span> <span class='ocrx_word' id='word_1_530' title='bbox 719 4356 765 4399; x_wconf 88' lang='lat' dir='ltr'><strong>an·</strong></span> <span class='ocrx_word' id='word_1_531' title='bbox 817 4357 881 4398; x_wconf 90' lang='lat' dir='ltr'><strong>rum</strong></span> <span class='ocrx_word' id='word_1_532' title='bbox 894 4348 1054 4397; x_wconf 89' lang='lat' dir='ltr'><strong>nostrorum</strong></span> <span class='ocrx_word' id='word_1_533' title='bbox 1072 4345 1173 4396; x_wconf 86' lang='lat' dir='ltr'><strong>statuta</strong></span> <span class='ocrx_word' id='word_1_534' title='bbox 1187 4345 1322 4408; x_wconf 89' lang='lat' dir='ltr'><strong>tenentes,</strong></span> <span class='ocrx_word' id='word_1_535' title='bbox 1335 4354 1383 4397; x_wconf 91' lang='lat' dir='ltr'><strong>cus</strong></span> <span class='ocrx_word' id='word_1_536' title='bbox 1394 4339 1442 4413; x_wconf 86' lang='lat' dir='ltr'><strong>qui</strong></span> <span class='ocrx_word' id='word_1_537' title='bbox 1454 4356 1615 4400; x_wconf 78' lang='lat' dir='ltr'><strong>excommu-</strong></span> 
     </span>
     <span class='ocr_line' id='line_1_45' title="bbox 116 4429 1614 4514; baseline -0.003 -18"><span class='ocrx_word' id='word_1_538' title='bbox 116 4441 234 4514; x_wconf 75' lang='lat' dir='ltr'><strong>cgnijam</strong></span> <span class='ocrx_word' id='word_1_539' title='bbox 248 4441 381 4498; x_wconf 87' lang='lat' dir='ltr'><strong>sortimur</strong></span> <span class='ocrx_word' id='word_1_540' title='bbox 395 4439 579 4495; x_wconf 88' lang='lat' dir='ltr'><strong>ministerium</strong></span> <span class='ocrx_word' id='word_1_541' title='bbox 591 4444 618 4494; x_wconf 89' lang='lat' dir='ltr'><strong>et</strong></span> <span class='ocrx_word' id='word_1_542' title='bbox 636 4436 766 4494; x_wconf 90' lang='lat' dir='ltr'><strong>sacerdo·</strong></span> <span class='ocrx_word' id='word_1_543' title='bbox 820 4434 916 4491; x_wconf 90' lang='lat' dir='ltr'><strong>nicatis</strong></span> <span class='ocrx_word' id='word_1_544' title='bbox 926 4433 1091 4507; x_wconf 85' lang='lat' dir='ltr'><strong>juraveruut</strong></span> <span class='ocrx_word' id='word_1_545' title='bbox 1102 4429 1244 4500; x_wconf 70' lang='lat' dir='ltr'><strong>{fidelitate</strong></span> <span class='ocrx_word' id='word_1_546' title='bbox 1263 4438 1312 4487; x_wconf 90' lang='lat' dir='ltr'><strong>aut</strong></span> <span class='ocrx_word' id='word_1_547' title='bbox 1332 4441 1506 4491; x_wconf 88' lang='lat' dir='ltr'><strong>sacramento</strong></span> <span class='ocrx_word' id='word_1_548' title='bbox 1524 4434 1614 4492; x_wconf 88' lang='lat' dir='ltr'><strong>absol·</strong></span> 
     </span>
     <span class='ocr_line' id='line_1_46' title="bbox 116 4524 1615 4607; baseline -0.003 -16"><span class='ocrx_word' id='word_1_549' title='bbox 116 4535 208 4603; x_wconf 91' lang='lat' dir='ltr'><strong>ortuit,</strong></span> <span class='ocrx_word' id='word_1_550' title='bbox 226 4551 274 4607; x_wconf 94' lang='lat' dir='ltr'><strong>per</strong></span> <span class='ocrx_word' id='word_1_551' title='bbox 287 4535 388 4591; x_wconf 89' lang='lat' dir='ltr'><strong>omnia·</strong></span> <span class='ocrx_word' id='word_1_552' title='bbox 394 4533 440 4606; x_wconf 88' lang='lat' dir='ltr'><strong>jus</strong></span> <span class='ocrx_word' id='word_1_553' title='bbox 454 4541 481 4590; x_wconf 90' lang='lat' dir='ltr'><strong>et</strong></span> <span class='ocrx_word' id='word_1_554' title='bbox 494 4533 629 4590; x_wconf 90' lang='lat' dir='ltr'><strong>honorem</strong></span> <span class='ocrx_word' id='word_1_555' title='bbox 642 4547 699 4589; x_wconf 94' lang='lat' dir='ltr'><strong>non</strong></span> <span class='ocrx_word' id='word_1_556' title='bbox 713 4546 761 4588; x_wconf 82' lang='lat' dir='ltr'><strong>ex·</strong></span> <span class='ocrx_word' id='word_1_557' title='bbox 776 4539 802 4603; x_wconf 83' lang='lat'><strong>1)</strong></span> <span class='ocrx_word' id='word_1_558' title='bbox 816 4529 916 4598; x_wconf 83' lang='lat' dir='ltr'><strong>vimus,</strong></span> <span class='ocrx_word' id='word_1_559' title='bbox 925 4537 996 4585; x_wconf 91' lang='lat' dir='ltr'><strong>etne</strong></span> <span class='ocrx_word' id='word_1_560' title='bbox 1005 4526 1058 4585; x_wconf 92' lang='lat' dir='ltr'><strong>sibi</strong></span> <span class='ocrx_word' id='word_1_561' title='bbox 1065 4525 1224 4584; x_wconf 85' lang='lat' dir='ltr'><strong>fidelitatem</strong></span> <span class='ocrx_word' id='word_1_562' title='bbox 1233 4524 1477 4583; x_wconf 80' lang='lat' dir='ltr'><strong>observentmedis</strong></span> <span class='ocrx_word' id='word_1_563' title='bbox 1486 4527 1615 4587; x_wconf 86' lang='lat' dir='ltr'><strong>omnihus</strong></span> 
     </span>
     <span class='ocr_line' id='line_1_47' title="bbox 117 4618 1615 4702; baseline -0.003 -18"><span class='ocrx_word' id='word_1_564' title='bbox 117 4628 280 4702; x_wconf 87' lang='lat' dir='ltr'><strong>legitimum.</strong></span> <span class='ocrx_word' id='word_1_565' title='bbox 303 4628 410 4700; x_wconf 84' lang='lat' dir='ltr'><strong>Quippe</strong></span> <span class='ocrx_word' id='word_1_566' title='bbox 422 4627 495 4684; x_wconf 89' lang='lat' dir='ltr'><strong>datae</strong></span> <span class='ocrx_word' id='word_1_567' title='bbox 508 4626 589 4683; x_wconf 91' lang='lat' dir='ltr'><strong>nobis</strong></span> <span class='ocrx_word' id='word_1_568' title='bbox 606 4642 623 4682; x_wconf 90' lang='lat' dir='ltr'><strong>a</strong></span> <span class='ocrx_word' id='word_1_569' title='bbox 638 4628 697 4682; x_wconf 87' lang='lat' dir='ltr'><strong>Deo</strong></span> <span class='ocrx_word' id='word_1_570' title='bbox 712 4640 763 4697; x_wconf 93' lang='lat' dir='ltr'><strong>po·</strong></span> <span class='ocrx_word' id='word_1_571' title='bbox 818 4622 1005 4698; x_wconf 90' lang='lat' dir='ltr'><strong>prohibemus.</strong></span> <span class='ocrx_word' id='word_1_572' title='bbox 1027 4623 1064 4679; x_wconf 78' lang='lat' dir='ltr'><strong>Et</strong></span> <span class='ocrx_word' id='word_1_573' title='bbox 1084 4618 1216 4693; x_wconf 85' lang='lat' dir='ltr'><strong>quoniam</strong></span> <span class='ocrx_word' id='word_1_574' title='bbox 1239 4619 1352 4689; x_wconf 90' lang='lat' dir='ltr'><strong>multos,</strong></span> <span class='ocrx_word' id='word_1_575' title='bbox 1376 4619 1493 4692; x_wconf 86' lang='lat' dir='ltr'><strong>peccatis</strong></span> <span class='ocrx_word' id='word_1_576' title='bbox 1513 4621 1615 4680; x_wconf 90' lang='lat' dir='ltr'><strong>nostris</strong></span> 
     </span>
     <span class='ocr_line' id='line_1_48' title="bbox 115 4712 1616 4795; baseline -0.002 -18"><span class='ocrx_word' id='word_1_577' title='bbox 115 4722 216 4780; x_wconf 79' lang='lat' dir='ltr'><strong>idicem</strong></span> <span class='ocrx_word' id='word_1_578' title='bbox 227 4720 345 4795; x_wconf 85' lang='lat' dir='ltr'><strong>gladium</strong></span> <span class='ocrx_word' id='word_1_579' title='bbox 355 4737 412 4776; x_wconf 90' lang='lat' dir='ltr'><strong>non</strong></span> <span class='ocrx_word' id='word_1_580' title='bbox 423 4720 483 4777; x_wconf 90' lang='lat' dir='ltr'><strong>sine</strong></span> <span class='ocrx_word' id='word_1_581' title='bbox 495 4718 761 4791; x_wconf 83' lang='lat' dir='ltr'><strong>causaportavimus,</strong></span> <span class='ocrx_word' id='word_1_582' title='bbox 818 4716 998 4792; x_wconf 89' lang='lat' dir='ltr'><strong>erigentibus,</strong></span> <span class='ocrx_word' id='word_1_583' title='bbox 1032 4729 1082 4786; x_wconf 89' lang='lat' dir='ltr'><strong>pru</strong></span> <span class='ocrx_word' id='word_1_584' title='bbox 1107 4728 1189 4771; x_wconf 89' lang='lat' dir='ltr'><strong>causa</strong></span> <span class='ocrx_word' id='word_1_585' title='bbox 1211 4712 1500 4773; x_wconf 87' lang='lat' dir='ltr'><strong>excommunicationis</strong></span> <span class='ocrx_word' id='word_1_586' title='bbox 1522 4717 1616 4789; x_wconf 87' lang='lat' dir='ltr'><strong>quoti·</strong></span> 
     </span>
     <span class='ocr_line' id='line_1_49' title="bbox 116 4806 1616 4887; baseline -0.002 -16"><span class='ocrx_word' id='word_1_587' title='bbox 116 4816 174 4872; x_wconf 89' lang='lat' dir='ltr'><strong>uin</strong></span> <span class='ocrx_word' id='word_1_588' title='bbox 199 4831 269 4885; x_wconf 84' lang='lat' dir='ltr'><strong>reos,</strong></span> <span class='ocrx_word' id='word_1_589' title='bbox 285 4822 317 4870; x_wconf 92' lang='lat' dir='ltr'><strong>ut</strong></span> <span class='ocrx_word' id='word_1_590' title='bbox 326 4814 434 4887; x_wconf 89' lang='lat' dir='ltr'><strong>justum</strong></span> <span class='ocrx_word' id='word_1_591' title='bbox 450 4812 513 4881; x_wconf 85' lang='lat' dir='ltr'><strong>luit,</strong></span> <span class='ocrx_word' id='word_1_592' title='bbox 529 4812 673 4886; x_wconf 88' lang='lat' dir='ltr'><strong>judiciaria</strong></span> <span class='ocrx_word' id='word_1_593' title='bbox 685 4811 763 4869; x_wconf 91' lang='lat' dir='ltr'><strong>illum</strong></span> <span class='ocrx_word' id='word_1_594' title='bbox 817 4810 863 4869; x_wconf 91' lang='lat' dir='ltr'><strong>die</strong></span> <span class='ocrx_word' id='word_1_595' title='bbox 892 4810 982 4884; x_wconf 89' lang='lat' dir='ltr'><strong>perire</strong></span> <span class='ocrx_word' id='word_1_596' title='bbox 1010 4806 1162 4876; x_wconf 89' lang='lat' dir='ltr'><strong>cernimus,</strong></span> <span class='ocrx_word' id='word_1_597' title='bbox 1192 4806 1290 4880; x_wconf 88' lang='lat' dir='ltr'><strong>partim</strong></span> <span class='ocrx_word' id='word_1_598' title='bbox 1319 4806 1482 4881; x_wconf 82' lang='lat' dir='ltr'><strong>ignorantia,</strong></span> <span class='ocrx_word' id='word_1_599' title='bbox 1514 4809 1616 4883; x_wconf 89' lang='lat' dir='ltr'><strong>partim</strong></span> 
     </span>
     <span class='ocr_line' id='line_1_50' title="bbox 116 4900 1615 4983; baseline -0.001 -19"><span class='ocrx_word' id='word_1_600' title='bbox 116 4910 310 4983; x_wconf 76' lang='lat' dir='ltr'><strong>seginmimus.</strong></span> <span class='ocrx_word' id='word_1_601' title='bbox 325 4913 405 4966; x_wconf 85' lang='lat' dir='ltr'><strong>llunc</strong></span> <span class='ocrx_word' id='word_1_602' title='bbox 418 4916 510 4965; x_wconf 91' lang='lat' dir='ltr'><strong>autem</strong></span> <span class='ocrx_word' id='word_1_603' title='bbox 530 4907 622 4965; x_wconf 89' lang='lat' dir='ltr'><strong>divina</strong></span> <span class='ocrx_word' id='word_1_604' title='bbox 644 4908 764 4963; x_wconf 88' lang='lat' dir='ltr'><strong>misera-</strong></span> <span class='ocrx_word' id='word_1_605' title='bbox 818 4905 902 4962; x_wconf 88' lang='lat' dir='ltr'><strong>etiam</strong></span> <span class='ocrx_word' id='word_1_606' title='bbox 926 4902 1015 4962; x_wconf 86' lang='lat' dir='ltr'><strong>nimia</strong></span> <span class='ocrx_word' id='word_1_607' title='bbox 1039 4900 1225 4974; x_wconf 87' lang='lat' dir='ltr'><strong>simplicitate,</strong></span> <span class='ocrx_word' id='word_1_608' title='bbox 1248 4900 1348 4973; x_wconf 89' lang='lat' dir='ltr'><strong>partim</strong></span> <span class='ocrx_word' id='word_1_609' title='bbox 1379 4901 1490 4973; x_wconf 91' lang='lat' dir='ltr'><strong>timore,</strong></span> <span class='ocrx_word' id='word_1_610' title='bbox 1514 4905 1615 4977; x_wconf 89' lang='lat' dir='ltr'><strong>partim</strong></span> 
     </span>
     <span class='ocr_line' id='line_1_51' title="bbox 116 4992 1617 5075; baseline -0.003 -14"><span class='ocrx_word' id='word_1_611' title='bbox 116 5004 253 5061; x_wconf 84' lang='lat' dir='ltr'><strong>tantulum</strong></span> <span class='ocrx_word' id='word_1_612' title='bbox 267 5003 424 5075; x_wconf 90' lang='lat' dir='ltr'><strong>compuncti</strong></span> <span class='ocrx_word' id='word_1_613' title='bbox 435 5011 461 5059; x_wconf 91' lang='lat' dir='ltr'><strong>et</strong></span> <span class='ocrx_word' id='word_1_614' title='bbox 474 5002 504 5058; x_wconf 95' lang='lat' dir='ltr'><strong>in</strong></span> <span class='ocrx_word' id='word_1_615' title='bbox 516 5000 685 5071; x_wconf 86' lang='lat' dir='ltr'><strong>nosreversi,</strong></span> <span class='ocrx_word' id='word_1_616' title='bbox 700 5014 763 5073; x_wconf 91' lang='lat' dir='ltr'><strong>pec·</strong></span> <span class='ocrx_word' id='word_1_617' title='bbox 817 4998 902 5056; x_wconf 86' lang='lat' dir='ltr'><strong>etiam</strong></span> <span class='ocrx_word' id='word_1_618' title='bbox 914 4995 1000 5054; x_wconf 91' lang='lat' dir='ltr'><strong>nimia</strong></span> <span class='ocrx_word' id='word_1_619' title='bbox 1018 4994 1194 5062; x_wconf 89' lang='lat' dir='ltr'><strong>necessitate,</strong></span> <span class='ocrx_word' id='word_1_620' title='bbox 1216 4992 1315 5052; x_wconf 81' lang='lat' dir='ltr'><strong>devicti</strong></span> <span class='ocrx_word' id='word_1_621' title='bbox 1336 4995 1534 5069; x_wconf 87' lang='lat' dir='ltr'><strong>misericordia,</strong></span> <span class='ocrx_word' id='word_1_622' title='bbox 1548 5013 1617 5056; x_wconf 64' lang='lat' dir='ltr'><strong>aaa</strong></span> 
     </span>
     <span class='ocr_line' id='line_1_52' title="bbox 116 5088 1616 5170; baseline -0.003 -16"><span class='ocrx_word' id='word_1_623' title='bbox 116 5114 137 5155; x_wconf 86' lang='lat' dir='ltr'><strong>a</strong></span> <span class='ocrx_word' id='word_1_624' title='bbox 151 5098 259 5170; x_wconf 91' lang='lat' dir='ltr'><strong>priores</strong></span> <span class='ocrx_word' id='word_1_625' title='bbox 270 5104 369 5154; x_wconf 81' lang='lat' dir='ltr'><strong>vestrae</strong></span> <span class='ocrx_word' id='word_1_626' title='bbox 382 5095 628 5168; x_wconf 75' lang='lat' dir='ltr'><strong>indulgentissimae</strong></span> <span class='ocrx_word' id='word_1_627' title='bbox 646 5092 764 5168; x_wconf 88' lang='lat' dir='ltr'><strong>paterni·</strong></span> <span class='ocrx_word' id='word_1_628' title='bbox 818 5091 946 5151; x_wconf 90' lang='lat' dir='ltr'><strong>thematis</strong></span> <span class='ocrx_word' id='word_1_629' title='bbox 965 5090 1144 5158; x_wconf 88' lang='lat' dir='ltr'><strong>sententiam,</strong></span> <span class='ocrx_word' id='word_1_630' title='bbox 1165 5096 1249 5162; x_wconf 91' lang='lat' dir='ltr'><strong>prout</strong></span> <span class='ocrx_word' id='word_1_631' title='bbox 1272 5103 1429 5162; x_wconf 90' lang='lat' dir='ltr'><strong>possumus,</strong></span> <span class='ocrx_word' id='word_1_632' title='bbox 1452 5088 1489 5148; x_wconf 92' lang='lat' dir='ltr'><strong>ad</strong></span> <span class='ocrx_word' id='word_1_633' title='bbox 1507 5098 1616 5167; x_wconf 86' lang='lat' dir='ltr'><strong>tempus</strong></span> 
     </span>
     <span class='ocr_line' id='line_1_53' title="bbox 116 5181 1616 5262; baseline -0.002 -15"><span class='ocrx_word' id='word_1_634' title='bbox 116 5191 263 5249; x_wconf 78' lang='lat' dir='ltr'><strong>accusando</strong></span> <span class='ocrx_word' id='word_1_635' title='bbox 277 5190 454 5258; x_wconf 85' lang='lat' dir='ltr'><strong>confitemur,</strong></span> <span class='ocrx_word' id='word_1_636' title='bbox 473 5199 613 5262; x_wconf 88' lang='lat' dir='ltr'><strong>sperantes</strong></span> <span class='ocrx_word' id='word_1_637' title='bbox 637 5187 673 5245; x_wconf 92' lang='lat' dir='ltr'><strong>de</strong></span> <span class='ocrx_word' id='word_1_638' title='bbox 685 5187 764 5245; x_wconf 87' lang='lat' dir='ltr'><strong>vobis</strong></span> <span class='ocrx_word' id='word_1_639' title='bbox 819 5192 977 5261; x_wconf 83' lang='lat' dir='ltr'><strong>opportune</strong></span> <span class='ocrx_word' id='word_1_640' title='bbox 989 5190 1186 5257; x_wconf 89' lang='lat' dir='ltr'><strong>temperamus.</strong></span> <span class='ocrx_word' id='word_1_641' title='bbox 1207 5183 1363 5256; x_wconf 82' lang='lat' dir='ltr'><strong>Apostolica</strong></span> <span class='ocrx_word' id='word_1_642' title='bbox 1387 5181 1480 5257; x_wconf 81' lang='lat' dir='ltr'><strong>itaque</strong></span> <span class='ocrx_word' id='word_1_643' title='bbox 1493 5185 1616 5244; x_wconf 75' lang='lat' dir='ltr'><strong>auctom-</strong></span> 
     </span>
     <span class='ocr_line' id='line_1_54' title="bbox 116 5276 1618 5358; baseline -0.004 -14"><span class='ocrx_word' id='word_1_644' title='bbox 116 5295 174 5344; x_wconf 86' lang='lat' dir='ltr'><strong>eut</strong></span> <span class='ocrx_word' id='word_1_645' title='bbox 188 5284 338 5358; x_wconf 87' lang='lat' dir='ltr'><strong>apostolica</strong></span> <span class='ocrx_word' id='word_1_646' title='bbox 357 5293 445 5342; x_wconf 83' lang='lat' dir='ltr'><strong>vestra</strong></span> <span class='ocrx_word' id='word_1_647' title='bbox 466 5284 628 5341; x_wconf 89' lang='lat' dir='ltr'><strong>auctoritate</strong></span> <span class='ocrx_word' id='word_1_648' title='bbox 644 5281 764 5340; x_wconf 89' lang='lat' dir='ltr'><strong>absoluti</strong></span> <span class='ocrx_word' id='word_1_649' title='bbox 818 5289 876 5340; x_wconf 89' lang='lat' dir='ltr'><strong>tate</strong></span> <span class='ocrx_word' id='word_1_650' title='bbox 890 5280 924 5339; x_wconf 85' lang='lat' dir='ltr'><strong>ah</strong></span> <span class='ocrx_word' id='word_1_651' title='bbox 947 5278 1129 5338; x_wconf 87' lang='lat' dir='ltr'><strong>anathematis</strong></span> <span class='ocrx_word' id='word_1_652' title='bbox 1151 5276 1261 5334; x_wconf 82' lang='lat' dir='ltr'><strong>vinculo</strong></span> <span class='ocrx_word' id='word_1_653' title='bbox 1274 5277 1473 5349; x_wconf 88' lang='lat' dir='ltr'><strong>subtrahimus,</strong></span> <span class='ocrx_word' id='word_1_654' title='bbox 1495 5277 1618 5338; x_wconf 84' lang='lat' dir='ltr'><strong>videlicet</strong></span> 
     </span>
     <span class='ocr_line' id='line_1_55' title="bbox 123 5370 1616 5448; baseline -0.004 -11"><span class='ocrx_word' id='word_1_655' title='bbox 123 5395 289 5437; x_wconf 89' lang='lat' dir='ltr'><strong>mereamur.</strong></span> <span class='ocrx_word' id='word_1_656' title='bbox 306 5381 379 5448; x_wconf 85' lang='lat' dir='ltr'><strong>lieu,</strong></span> <span class='ocrx_word' id='word_1_657' title='bbox 399 5378 542 5437; x_wconf 87' lang='lat' dir='ltr'><strong>criminosi</strong></span> <span class='ocrx_word' id='word_1_658' title='bbox 565 5393 618 5435; x_wconf 92' lang='lat' dir='ltr'><strong>nos</strong></span> <span class='ocrx_word' id='word_1_659' title='bbox 632 5375 764 5435; x_wconf 84' lang='lat' dir='ltr'><strong>etinicli-</strong></span> <span class='ocrx_word' id='word_1_660' title='bbox 821 5390 933 5443; x_wconf 81' lang='lat' dir='ltr'><strong>uxeres,</strong></span> <span class='ocrx_word' id='word_1_661' title='bbox 949 5374 1062 5443; x_wconf 88' lang='lat' dir='ltr'><strong>liberos,</strong></span> <span class='ocrx_word' id='word_1_662' title='bbox 1093 5387 1198 5442; x_wconf 84' lang='lat' dir='ltr'><strong>servos,</strong></span> <span class='ocrx_word' id='word_1_663' title='bbox 1227 5370 1348 5442; x_wconf 88' lang='lat' dir='ltr'><strong>ancillas,</strong></span> <span class='ocrx_word' id='word_1_664' title='bbox 1384 5386 1434 5429; x_wconf 92' lang='lat' dir='ltr'><strong>seu</strong></span> <span class='ocrx_word' id='word_1_665' title='bbox 1468 5373 1616 5447; x_wconf 90' lang='lat' dir='ltr'><strong>mancipia,</strong></span> 
     </span>
     <span class='ocr_line' id='line_1_56' title="bbox 116 5465 1617 5547; baseline -0.003 -17"><span class='ocrx_word' id='word_1_666' title='bbox 116 5476 148 5530; x_wconf 89' lang='lat' dir='ltr'><strong>lm</strong></span> <span class='ocrx_word' id='word_1_667' title='bbox 163 5474 286 5547; x_wconf 77' lang='lat' dir='ltr'><strong>pueritiae</strong></span> <span class='ocrx_word' id='word_1_668' title='bbox 301 5472 465 5530; x_wconf 89' lang='lat' dir='ltr'><strong>blandientis</strong></span> <span class='ocrx_word' id='word_1_669' title='bbox 485 5471 674 5542; x_wconf 89' lang='lat' dir='ltr'><strong>instinctione,</strong></span> <span class='ocrx_word' id='word_1_670' title='bbox 698 5485 764 5544; x_wconf 92' lang='lat' dir='ltr'><strong>par·</strong></span> <span class='ocrx_word' id='word_1_671' title='bbox 819 5485 928 5528; x_wconf 92' lang='lat' dir='ltr'><strong>necnon</strong></span> <span class='ocrx_word' id='word_1_672' title='bbox 941 5467 1061 5526; x_wconf 90' lang='lat' dir='ltr'><strong>rusticos</strong></span> <span class='ocrx_word' id='word_1_673' title='bbox 1081 5474 1110 5524; x_wconf 91' lang='lat' dir='ltr'><strong>et</strong></span> <span class='ocrx_word' id='word_1_674' title='bbox 1122 5465 1279 5537; x_wconf 80' lang='lat' dir='ltr'><strong>servientes,</strong></span> <span class='ocrx_word' id='word_1_675' title='bbox 1304 5473 1332 5522; x_wconf 93' lang='lat' dir='ltr'><strong>et</strong></span> <span class='ocrx_word' id='word_1_676' title='bbox 1354 5480 1451 5523; x_wconf 88' lang='lat' dir='ltr'><strong>omnes</strong></span> <span class='ocrx_word' id='word_1_677' title='bbox 1475 5466 1545 5524; x_wconf 87' lang='lat' dir='ltr'><strong>alios</strong></span> <span class='ocrx_word' id='word_1_678' title='bbox 1570 5468 1617 5542; x_wconf 86' lang='lat' dir='ltr'><strong>qui</strong></span> 
     </span>
     <span class='ocr_line' id='line_1_57' title="bbox 116 5560 1618 5638; baseline -0.002 -14"><span class='ocrx_word' id='word_1_679' title='bbox 116 5568 208 5624; x_wconf 81' lang='lat' dir='ltr'><strong>uitatis</strong></span> <span class='ocrx_word' id='word_1_680' title='bbox 221 5575 326 5624; x_wconf 87' lang='lat' dir='ltr'><strong>uostrae</strong></span> <span class='ocrx_word' id='word_1_681' title='bbox 342 5565 489 5638; x_wconf 89' lang='lat' dir='ltr'><strong>imperiosa</strong></span> <span class='ocrx_word' id='word_1_682' title='bbox 512 5565 644 5634; x_wconf 89' lang='lat' dir='ltr'><strong>libertate,</strong></span> <span class='ocrx_word' id='word_1_683' title='bbox 665 5565 763 5637; x_wconf 91' lang='lat' dir='ltr'><strong>partim</strong></span> <span class='ocrx_word' id='word_1_684' title='bbox 818 5579 877 5621; x_wconf 91' lang='lat' dir='ltr'><strong>non</strong></span> <span class='ocrx_word' id='word_1_685' title='bbox 891 5562 960 5620; x_wconf 91' lang='lat' dir='ltr'><strong>adeo</strong></span> <span class='ocrx_word' id='word_1_686' title='bbox 981 5561 1095 5619; x_wconf 88' lang='lat' dir='ltr'><strong>curiales</strong></span> <span class='ocrx_word' id='word_1_687' title='bbox 1119 5562 1184 5618; x_wconf 88' lang='lat' dir='ltr'><strong>sunt</strong></span> <span class='ocrx_word' id='word_1_688' title='bbox 1204 5567 1235 5617; x_wconf 91' lang='lat' dir='ltr'><strong>ut</strong></span> <span class='ocrx_word' id='word_1_689' title='bbox 1256 5575 1355 5617; x_wconf 91' lang='lat' dir='ltr'><strong>eorum</strong></span> <span class='ocrx_word' id='word_1_690' title='bbox 1376 5560 1490 5619; x_wconf 89' lang='lat' dir='ltr'><strong>consilio</strong></span> <span class='ocrx_word' id='word_1_691' title='bbox 1515 5560 1618 5621; x_wconf 88' lang='lat' dir='ltr'><strong>scelera</strong></span> 
     </span>
     <span class='ocr_line' id='line_1_58' title="bbox 116 5653 1618 5736; baseline -0.004 -16"><span class='ocrx_word' id='word_1_692' title='bbox 116 5678 165 5720; x_wconf 90' lang='lat' dir='ltr'><strong>um</strong></span> <span class='ocrx_word' id='word_1_693' title='bbox 179 5677 299 5736; x_wconf 87' lang='lat' dir='ltr'><strong>quorum</strong></span> <span class='ocrx_word' id='word_1_694' title='bbox 322 5660 462 5719; x_wconf 89' lang='lat' dir='ltr'><strong>seductilia</strong></span> <span class='ocrx_word' id='word_1_695' title='bbox 477 5660 594 5717; x_wconf 93' lang='lat' dir='ltr'><strong>nimium</strong></span> <span class='ocrx_word' id='word_1_696' title='bbox 616 5659 700 5716; x_wconf 92' lang='lat' dir='ltr'><strong>secuti</strong></span> <span class='ocrx_word' id='word_1_697' title='bbox 714 5675 763 5715; x_wconf 91' lang='lat' dir='ltr'><strong>su·</strong></span> <span class='ocrx_word' id='word_1_698' title='bbox 819 5663 1021 5731; x_wconf 88' lang='lat' dir='ltr'><strong>perpetrentur,</strong></span> <span class='ocrx_word' id='word_1_699' title='bbox 1035 5663 1062 5713; x_wconf 91' lang='lat' dir='ltr'><strong>et</strong></span> <span class='ocrx_word' id='word_1_700' title='bbox 1075 5653 1135 5712; x_wconf 80' lang='lat' dir='ltr'><strong>illos</strong></span> <span class='ocrx_word' id='word_1_701' title='bbox 1156 5654 1204 5728; x_wconf 86' lang='lat' dir='ltr'><strong>qui</strong></span> <span class='ocrx_word' id='word_1_702' title='bbox 1218 5653 1377 5725; x_wconf 84' lang='lat' dir='ltr'><strong>ignoranter</strong></span> <span class='ocrx_word' id='word_1_703' title='bbox 1390 5653 1618 5714; x_wconf 82' lang='lat' dir='ltr'><strong>excommunica·</strong></span> 
     </span>
     <span class='ocr_line' id='line_1_59' title="bbox 116 5745 1615 5827; baseline -0.001 -16"><span class='ocrx_word' id='word_1_704' title='bbox 116 5755 169 5826; x_wconf 87' lang='lat' dir='ltr'><strong>ilia‚</strong></span> <span class='ocrx_word' id='word_1_705' title='bbox 190 5755 346 5813; x_wconf 87' lang='lat' dir='ltr'><strong>seductoria</strong></span> <span class='ocrx_word' id='word_1_706' title='bbox 368 5754 527 5827; x_wconf 91' lang='lat' dir='ltr'><strong>deceptione</strong></span> <span class='ocrx_word' id='word_1_707' title='bbox 548 5753 722 5826; x_wconf 80' lang='lat' dir='ltr'><strong>peccavimus</strong></span> <span class='ocrx_word' id='word_1_708' title='bbox 737 5752 765 5809; x_wconf 92' lang='lat' dir='ltr'><strong>iu</strong></span> <span class='ocrx_word' id='word_1_709' title='bbox 818 5751 854 5808; x_wconf 90' lang='lat' dir='ltr'><strong>tis</strong></span> <span class='ocrx_word' id='word_1_710' title='bbox 868 5748 1086 5820; x_wconf 83' lang='lat' dir='ltr'><strong>communicant,</strong></span> <span class='ocrx_word' id='word_1_711' title='bbox 1112 5763 1162 5805; x_wconf 90' lang='lat' dir='ltr'><strong>seu</strong></span> <span class='ocrx_word' id='word_1_712' title='bbox 1184 5747 1246 5803; x_wconf 89' lang='lat' dir='ltr'><strong>illes</strong></span> <span class='ocrx_word' id='word_1_713' title='bbox 1260 5745 1306 5818; x_wconf 85' lang='lat' dir='ltr'><strong>qui</strong></span> <span class='ocrx_word' id='word_1_714' title='bbox 1320 5748 1527 5807; x_wconf 86' lang='lat' dir='ltr'><strong>communicent</strong></span> <span class='ocrx_word' id='word_1_715' title='bbox 1548 5762 1615 5809; x_wconf 86' lang='lat' dir='ltr'><strong>aum</strong></span> 
     </span>
     <span class='ocr_line' id='line_1_60' title="bbox 122 5837 1625 5923; baseline -0.009 -14"><span class='ocrx_word' id='word_1_716' title='bbox 122 5864 217 5909; x_wconf 88' lang='lat' dir='ltr'><strong>eoram</strong></span> <span class='ocrx_word' id='word_1_717' title='bbox 231 5849 431 5922; x_wconf 71' lang='lat' dir='ltr'><strong>robis,et1am</strong></span> <span class='ocrx_word' id='word_1_718' title='bbox 446 5848 520 5923; x_wconf 90' lang='lat' dir='ltr'><strong>digni</strong></span> <span class='ocrx_word' id='word_1_719' title='bbox 537 5864 591 5906; x_wconf 91' lang='lat' dir='ltr'><strong>uon</strong></span> <span class='ocrx_word' id='word_1_720' title='bbox 605 5863 701 5906; x_wconf 86' lang='lat' dir='ltr'><strong>sumus</strong></span> <span class='ocrx_word' id='word_1_721' title='bbox 716 5862 764 5904; x_wconf 86' lang='lat' dir='ltr'><strong>ro·</strong></span> <span class='ocrx_word' id='word_1_722' title='bbox 819 5845 859 5903; x_wconf 87' lang='lat' dir='ltr'><strong>eis</strong></span> <span class='ocrx_word' id='word_1_723' title='bbox 871 5846 918 5919; x_wconf 88' lang='lat' dir='ltr'><strong>qui</strong></span> <span class='ocrx_word' id='word_1_724' title='bbox 940 5843 1149 5903; x_wconf 89' lang='lat' dir='ltr'><strong>communicant</strong></span> <span class='ocrx_word' id='word_1_725' title='bbox 1161 5837 1420 5899; x_wconf 81' lang='lat' dir='ltr'><strong>excommunicatis.</strong></span> <span class='ocrx_word' id='word_1_726' title='bbox 1455 5840 1625 5915; x_wconf 53' lang='lat' dir='ltr'><strong>Quicunque</strong></span> 
     </span>
    </p>
   </div>
   <div class='ocr_carea' id='block_1_6' title="bbox 0 0 1943 6164">
    <p class='ocr_par' dir='ltr' id='par_1_7' title="bbox 0 0 1943 6164">
     <span class='ocr_line' id='line_1_61' title="bbox 0 0 1943 6164; baseline 0 0"><span class='ocrx_word' id='word_1_727' title='bbox 0 0 1943 6164; x_wconf 95' lang='lat' dir='ltr'><strong> </strong></span> 
     </span>
    </p>
   </div>
  </div>
 </body>
</html>
