3884 6158
128 211 179 265 707
569 252 573 258 .
600 208 629 262 S.
649 207 810 268 GREGORH
828 209 873 265 vll
893 210 990 265 ricc
1010 208 1146 265 occulat
1163 206 1251 263 PARS
1268 206 1302 262 lt.
1723 202 1775 257 act

127 335 238 393 beatum
252 329 495 392 Petrumcoelestia
508 344 590 404 regna
600 331 715 400 intrare,
726 343 754 391 et
766 349 829 391 enm
845 334 924 392 Chri·
937 340 964 404 Α
1014 339 1118 392 batum
1138 336 1247 398 Romae,
1255 346 1301 388 vn
1317 328 1383 388 ldcs
1401 327 1619 393 sinnaritanus
1630 325 1777 399 xrponn’li

131 439 176 488 sto
192 431 220 488 in
234 435 366 487 aeternum
383 425 511 500 gaudere.
979 438 1057 485 canrs
1069 428 1165 485 domni
1176 429 1259 500 papae
1267 423 1395 497 Gregorii
1408 424 1470 495 Vll,
1485 437 1558 479 anno
1579 419 1709 479 videlicet
1720 423 1776 476 bo-

165 525 300 595 Scriptnm
337 536 385 594 per
414 535 515 577 manns
542 521 697 591 Octaviani,
739 523 871 580 scriniarii
900 531 928 580 et
979 517 1560 589 minicaeincarnat.108⁴,indictionevm
1591 541 1598 547 ·

129 617 228 675 notarii
243 615 313 672 sacri
334 613 424 688 palatii
439 615 572 672 inmense
587 617 684 689 Aprili,
699 615 793 674 indict.
806 633 870 674 xtv.
1323 636 1425 692 [χω.

454 733 560 789 Lxm·
982 753 1106 819 Grrporir'
1124 753 1171 808 l'll
1194 748 1304 819 epistole
1330 747 1369 802 ud
1392 745 1593 815 conrncsfidclcr.
1617 773 1654 783 —
1669 746 1780 800 brunne-

132 844 253 919 Episluic
277 845 401 914 Gregorii
427 845 483 902 t'lt
504 845 542 898 cd
555 846 693 901 retorrncbos
717 846 876 902 Carteienses
902 851 927 900 ct
1017 828 1087 906 iil'ssi
1101 837 1128 877 δί’
1141 825 1178 905 ,Μ
1191 822 1269 874 ”liliis
1285 820 1459 903 ilifollctaart'
1469 818 1541 886 ettad
1554 817 1620 870 nutriit
1636 815 1778 871 Ecclesiam

107 914 119 959 ὓ
162 918 342 986 Fipiuccrnes.
371 947 404 957 -
426 916 573 972 Altinatium
596 920 780 985 Fr'prircrusem
806 920 846 971 itu
870 921 929 972 ituit
1019 912 1047 948 ²¹²
1073 898 1229 949 imi'iniim
1254 892 1355 957 ’'edii'‘

166 991 523 1049 praeuaricationem
547 988 669 1058 deinceps
692 994 759 1044 esset
785 992 929 1059 utriusque
1268 989 1359 1051 (Anno
1388 990 1482 1053 latit.)

164 1063 328 1116 utonustcrb'
353 1063 447 1116 Pater.
1109 1090 1232 1162 [ΜΛΝ
1247 1091 1349 1147 com-tt,
1369 1090 1437 1157 xx,
1453 1090 1529 1154 aab]

355 1165 451 1232 (Δῃῃο
480 1169 559 1230 ¹⁰⁸⁴r
582 1169 598 1218 ⁷
624 1165 698 1229 Μ’)
1020 1204 1198 1260 Gnaeonrus
1212 1204 1366 1275 opiscopus,
1382 1215 1476 1256 serviis
1491 1212 1634 1255 servorum
1649 1194 1702 1254 Dei
1718 1211 1780 1253 onr-

254 1278 339 1345 iD⁰m
350 1278 507 1343 Bouounr,
519 1275 715 1337 millesime
728 1277 805 1343 ⁶⁶4]
983 1297 1064 1352 nibus
1079 1297 1106 1352 in
1124 1295 1233 1353 Christo
1242 1295 1367 1352 lidelihus
1379 1292 1560 1367 apostolicam
1570 1290 1663 1348 sedem
1684 1304 1779 1346 revere

166 1389 350 1446 Gsncomus
364 1387 516 1461 episcopus,
533 1402 626 1444 servus
640 1401 782 1443 servorum
790 1385 852 1453 Dei,
866 1384 932 1442 dile·
981 1390 1170 1465 diligentibus,
1181 1390 1298 1447 salutem
1312 1401 1336 1447 et
1353 1386 1534 1460 apostolicam
1548 1384 1781 1443 benedictionem·

131 1482 182 1538 ctis
208 1482 235 1536 in
264 1480 374 1538 christo
396 1480 525 1537 iratrilms
552 1481 580 1535 in
602 1479 753 1536 conchensi
777 1487 804 1536 et
840 1478 929 1552 ligia·
1023 1485 1161 1553 Pervenit,
1181 1480 1606 1553 iratrescharissimi,pcrvenit,
1622 1478 1784 1535 ntaestima·

132 1574 206 1632 censi
218 1574 383 1631 nronasterio
400 1574 598 1641 habitantibus,
613 1574 731 1631 salutem
753 1582 780 1630 ct
798 1573 928 1648 apostoli·
984 1596 1057 1648 virus,
1070 1578 1104 1636 ad
1124 1578 1250 1639 notitiam
1262 1574 1393 1647 vestram,
1407 1576 1470 1650 quia
1482 1583 1578 1631 nostro
1592 1581 1721 1646 tempore
1741 1574 1783 1629 in·

132 1667 441 1727 cambenedictionem,
983 1682 1112 1731 noratnm
1133 1682 1184 1741 est,
1204 1672 1277 1746 qrrod
1290 1672 1316 1730 in
1329 1671 1474 1729 Psahmsta
1485 1665 1652 1742 inquirendo
1662 1664 1763 1724 dicitnr
1778 1685 1785 1723 2

166 1764 199 1818 ln
213 1759 385 1819 discussione
398 1761 498 1835 negotii
515 1762 598 1820 vestri
614 1766 686 1833 (tls)
700 1762 745 1819 diu
755 1763 929 1838 multumque
943 1770 967 1835 Β
984 1771 1073 1837 Qucum
1095 1772 1265 1837 frenum-unt
1287 1772 1387 1837 petates,
1416 1769 1441 1822 et
1457 1764 1554 1837 pupuli
1572 1762 1697 1818 irreditnti
1721 1764 1784 1817 satra

132 1856 299 1924 laborantes,
315 1855 501 1914 intelleximus
512 1856 701 1931 Figiacensem
718 1856 808 1914 locum
819 1857 931 1915 subesse
986 1866 1107 1919 isauron?
1127 1865 1282 1919 stratuum
1298 1879 1373 1931 repas
1383 1865 1470 1927 terre,
1482 1858 1650 1929 etprincipes
1660 1872 1783 1912 concens-

134 1949 234 2007 debers
248 1949 415 2007 monasterio
428 1950 591 2021 Conchensi,
603 1960 630 2008 et
643 1951 780 2008 cohaerere
795 1952 844 2008 sibi
860 1952 932 2009 sicut
988 1963 1051 2013 rurrt
1065 1959 1092 2011 iu
1110 1975 1191 2011 rurrum
1207 1957 1335 2011 erclen-sus
1351 1957 1500 2015 hurninmn,
1517 1957 1542 2006 ct
1555 1952 1684 2007 redimens
1703 1950 1785 2009 chri·

131 2044 211 2117 capiti
228 2043 398 2114 membrum,
423 2045 573 2102 secundum
600 2045 809 2118 dispositionem
835 2063 931 2104 eorum
985 2058 1055 2108 sturm
1071 2050 1225 2120 ujrrsjrsel.
1242 2065 1284 2118 rv,
1303 2054 1339 2114 t).
1364 2046 1500 2120 Principes
1512 2044 1587 2101 enim
1606 2044 1744 2119 gentium,
1758 2052 1787 2100 et

132 2138 179 2213 qui
191 2137 289 2195 eadem
303 2138 362 2195 loca
382 2147 608 2197 construxerunt.
628 2142 730 2196 Verum
743 2141 805 2214 epeia
816 2149 932 2215 uterque
986 2146 1122 2219 principos
1140 2144 1312 2202 sacerdotum
1328 2160 1391 2198 cum
1411 2158 1509 2215 niagno
1524 2137 1702 2196 multitudine
1716 2153 1784 2195 con·

132 2232 215 2289 abbas
244 2232 405 2290 auctoritate
420 2241 449 2289 et
457 2244 595 2307 praecepto
618 2235 776 2306 apostolicae
798 2235 870 2293 sedis
887 2251 933 2293 or-
987 2249 1115 2297 venerunt
1133 2240 1159 2294 iu
1175 2256 1261 2295 uirium
1280 2237 1410 2293 adversus
1424 2236 1575 2305 christum,
1588 2231 1789 2306 omnipotentis

133 2324 307 2385 (linationem
337 2326 467 2400 suscepit,
498 2327 557 2401 paci
581 2336 608 2383 et
631 2329 784 2386 concordiae
806 2329 932 2402 utrinque
987 2334 1037 2390 Dei
1053 2333 1160 2399 Filium,
1175 2341 1203 2388 et
1221 2330 1353 2388 aduersus
1368 2329 1523 2401 apostolum
1535 2328 1595 2401 ejus
1612 2328 1740 2395 Petrum,
1755 2333 1787 2385 ut

132 2420 316 2495 providentes,
341 2420 558 2493 adjudicavimus
579 2430 609 2478 ut
631 2422 716 2480 nnrbo
739 2424 797 2480 loca
817 2422 864 2480 illa
890 2422 933 2481 his
985 2427 1168 2486 Christianam
1194 2425 1353 2499 religionem
1383 2425 1599 2497 exstinguerent,
1624 2429 1653 2477 et
1674 2418 1787 2477 haereti-

133 2514 184 2571 rite
196 2514 327 2571 ordinatis
342 2523 473 2587 regantur
493 2515 699 2586 abbatibus,eo
713 2516 837 2574 videlieet
853 2528 932 2589 pacto
987 2537 1047 2577 cam
1062 2522 1223 2594 pravitatem
1242 2527 1436 2593 propagarunt.
1464 2516 1527 2585 Sed,
1550 2519 1610 2572 Deo
1624 2512 1787 2583 miserante,

135 2617 175 2678 ut,
196 2608 220 2665 si
238 2607 393 2680 Stephanus
413 2608 499 2665 abbas
522 2609 691 2669 conchensis
724 2612 798 2685 prins
824 2610 931 2682 obierit,
988 2614 1256 2688 illosquiconlidunt
1269 2610 1527 2679 inDomino,nullo
1542 2606 1785 2679 terrorenullaque

136 2701 270 2776 ayraldus
301 2702 469 2776 Figiacensis
496 2704 549 2760 sibi
576 2705 714 2777 succedat,
740 2714 768 2763 et
795 2713 853 2762 tam
876 2707 933 2779 ipse
986 2709 1142 2766 credulitate
1153 2709 1192 2767 vel
1203 2707 1353 2765 mundana
1364 2707 1457 2781 gloriae
1469 2703 1648 2777 promissione
1659 2700 1693 2759 ad
1705 2717 1788 2759 suam

135 2813 218 2872 quam
243 2796 368 2853 monachi
383 2796 553 2870 Figiaceuses
576 2807 657 2871 caput
675 2815 755 2856 sirnm
772 2800 933 2858 conchense
987 2811 1136 2877 potuerunt
1154 2802 1299 2860 dellecterc
1328 2801 1499 2874 impietatem.
1524 2800 1577 2855 Pro
1597 2796 1672 2854 nulla
1685 2795 1790 2870 quippe

136 2890 336 2948 monasterinm
357 2889 487 2963 deinceps
500 2902 716 2965 recognoscant,
738 2902 765 2949 et
787 2893 856 2951 sicut
886 2893 933 2950 uni
986 2899 1038 2956 alia
1053 2897 1288 2971 qualibctactione
1303 2903 1396 2952 contra
1414 2910 1463 2950 nos
1478 2894 1570 2966 iniqua
1585 2888 1788 2964 conspirantes,

136 2984 229 3041 abbati
250 2982 385 3042 subdendi
401 2992 477 3052 sunt,
496 2985 531 3041 ita
553 2986 598 3041 uni
619 2986 819 3059 professionem
837 3004 933 3046 mona-
988 2990 1378 3062 mannserexcrnnt,nisiqnia
1390 2983 1790 3062 pericnlumsanctaeEcclesiae

136 3079 230 3149 sterio,
254 3078 380 3136 videlicet
401 3078 555 3136 conchensi
578 3079 687 3136 laciaut.
715 3080 796 3151 Quod
813 3082 835 3137 si
851 3082 934 3155 Figia·
988 3086 1128 3143 noluimus
1154 3085 1263 3142 silentio
1277 3084 1428 3157 praeterire,
1452 3081 1534 3138 ethis
1558 3080 1732 3150 [restitimus]
1744 3072 1789 3153 qui

136 3175 224 3232 censis
236 3174 311 3247 prius
333 3172 491 3240 decesserit,
513 3172 694 3230 nihilominus
715 3173 935 3247 adjudicavimus
951 3177 973 3240 C
989 3180 1117 3238 eamdem
1133 3194 1261 3252 sponsam
1275 3179 1326 3234 Dei
1338 3194 1393 3234 non
1403 3177 1568 3234 erubescunt
1581 3175 1610 3230 in
1625 3174 1789 3231 servitutem

135 3268 323 3341 Figieceusem
355 3267 499 3323 ecclesiam
535 3267 689 3325 conchensi
717 3269 885 3326 irionastuio
906 3271 934 3327 in
988 3272 1384 3346 redigerc.lnomnibnsenim
1402 3271 1481 3328 terris
1495 3267 1656 3327 licetetiam
1671 3282 1788 3343 pauper·

136 3371 300 3435 perpetuum
314 3361 398 3429 uniri,
418 3369 510 3435 atque,
526 3361 612 3435 sopita
626 3363 699 3419 omni
713 3363 758 3419 lite
777 3371 802 3420 et
823 3372 934 3423 contro·
988 3370 1056 3426 culis
1065 3368 1229 3425 mulieribus
1241 3384 1299 3425 sua*
1307 3367 1402 3440 patriae
1412 3366 1470 3439 lege
1478 3380 1585 3437 suaeque
1595 3361 1741 3421 voluntate
1751 3361 1789 3419 vi·

135 3457 233 3524 versia,
248 3456 295 3513 uni
310 3455 565 3526 duntaxatJabbati,
582 3456 686 3514 scilicet
700 3457 866 3526 conchensi,
880 3462 935 3532 ³por
990 3480 1050 3521 rum
1061 3463 1181 3536 accipere
1195 3461 1327 3536 legitime,
1340 3470 1441 3517 sanctae
1454 3456 1791 3532 cenomannensem

137 3550 229 3606 orrrnia
247 3549 337 3618 sulidi,
357 3550 447 3622 sitque
459 3549 511 3605 hoc
525 3559 654 3622 perpetua
666 3551 812 3609 stabilitate
824 3553 936 3612 firmum
991 3573 1091 3631 sponsa
1099 3556 1150 3613 Dei
1171 3563 1295 3613 etmator
1305 3563 1410 3623 nostra,
1422 3571 1478 3612 non
1490 3554 1563 3621 licet,
1571 3550 1790 3611 secundumim·

135 3650 163 3697 et
185 3641 375 3697 inconvulsum
391 3650 419 3696 nt
439 3657 472 3698 eo
490 3641 636 3711 defuncto,
658 3643 782 3703 videlicet
802 3646 849 3720 qui
863 3664 937 3705 nunc
990 3651 1098 3723 piorum
1113 3659 1207 3708 votum
1234 3657 1262 3705 et
1283 3648 1471 3707 ‹letostabilem
1491 3647 1731 3716 consuetudinem,
1747 3648 1800 3707 dt·-

137 3733 367 3805 tsstfissiacssnsiss
395 3734 563 3791 conchensis
575 3735 658 3793 abbas
673 3755 687 3794 a
709 3741 851 3796 communi
871 3757 937 3798 con·
990 3746 1051 3802 vina
1065 3745 1295 3821 logepropriaque
1310 3747 1449 3802 voluntate
1466 3761 1517 3803 suo
1542 3758 1645 3817 sponso
1669 3742 1791 3818 legaliter

135 3826 292 3901 gregalium
305 3826 427 3899 eligatur.
444 3837 470 3885 et
481 3828 589 3900 utrique
600 3830 660 3888 loco
671 3832 766 3903 praesit
783 3835 936 3891 secundnm
992 3840 1111 3897 interris
1122 3840 1270 3897 adhaerero.
1286 3843 1348 3898 Non
1373 3841 1446 3898 enim
1460 3839 1514 3912 pati
1532 3837 1666 3896 debemus
1684 3847 1718 3895 ut
1743 3836 1788 3894 ala

135 3919 258 3993 fflcuiiffl
268 3921 297 3976 S·
313 3919 462 3977 Βθῦθᾶῑθῑῑ·
479 3919 669 3980 diffinimus
680 3924 770 3997 italille
784 3935 811 3983 et
823 3936 937 3999 aposto·
991 3943 1095 3993 sanctae
1109 3933 1237 3992 Ecclesiae
1252 3933 1399 4003 lucretieis,
1411 3932 1541 3990 adulteris
1554 3939 1581 3988 et
1605 3930 1788 4000 invasoribus,

137 4014 187 4071 lica
207 4014 370 4071 auctoritate
396 4013 585 4072 interdicimus
603 4025 747 4075 utcontra
767 4019 850 4093 hujus
867 4019 938 4080 dell-
991 4029 1068 4103 qrrasi
1084 4029 1204 4102 patribus
1223 4029 1404 4102 subjiciantur
1424 4037 1505 4101 atquae
1518 4026 1553 4083 ab
1567 4025 1607 4083 eis
1621 4026 1695 4083 velut
1707 4022 1786 4081 edul-

138 4107 252 4165 ultionis
266 4117 391 4165 tenorem
402 4108 491 4173 nullus
505 4119 568 4182 agat
586 4125 635 4167 seu
650 4111 676 4167 in
690 4112 780 4186 aliquo
799 4116 939 4174 contraire
993 4125 1080 4180 terius
1108 4122 1219 4180 insueta
1232 4128 1372 4180 notentur.
1389 4121 1459 4179 ilinc
1471 4119 1572 4187 multa,
1588 4118 1694 4177 diuersa
1719 4116 1790 4192 peri-

139 4210 301 4274 praesumat3
317 4211 344 4258 et
359 4200 429 4259 sicut
447 4201 590 4260 salubriter
613 4213 651 4273 ctj
666 4205 784 4265 discrete
799 4210 939 4282 provisum
993 4217 1063 4282 cula,
1090 4224 1117 4272 et
1142 4217 1262 4274 inaudita
1282 4216 1451 4274 crudelitatis
1470 4215 1570 4273 scelera
1596 4211 1716 4287 qualiter
1737 4211 1789 4271 sint

138 4304 189 4364 “h
203 4311 365 4367 permanere
374 4295 516 4369 Permittit
530 4301 631 4369 (ἥδ’).
639 4300 666 4356 Si
674 4301 839 4375 vernaliquis
854 4306 939 4379 (quod
994 4319 1128 4377 exortae
1149 4310 1250 4366 nostris
1267 4308 1362 4383 legatis
1381 4310 1442 4368 lnce
1464 4305 1563 4367 clarius
1583 4322 1705 4380 veraque
1721 4305 1791 4365 rele-

139 4405 197 4447 non
208 4397 360 4463 speramus)
380 4388 532 4449 definitioni
544 4402 649 4451 nostre
662 4397 798 4455 contraire
811 4407 935 4457 tentave—
990 4405 1064 4461 tione
1077 4402 1358 4477 potestisaddiscere,
1372 4414 1410 4473 et,
1423 4405 1446 4461 si
1459 4418 1552 4461 revera
1572 4401 1673 4459 doletis
1687 4409 1715 4460 et
1727 4416 1796 4461 con-

139 4485 186 4551 rii,
199 4485 222 4541 Si
237 4485 330 4554 abbat,
347 4485 388 4543 tel
403 4487 548 4560 episcopus
568 4497 620 4559 est,
644 4490 748 4563 proprii
763 4491 868 4550 ordinis
886 4510 933 4564 pc-
991 4497 1138 4555 tristamiui
1168 4498 1201 4555 de
1225 4499 1302 4555 ruina
1319 4499 1480 4555 christianae
1504 4495 1645 4570 religionis
1671 4505 1701 4553 et
1723 4510 1796 4553 coo-

138 4577 225 4634 riculc
246 4579 411 4651 subjacebit,
433 4580 454 4639 si
477 4596 541 4639 vero
560 4584 721 4655 monachus,
744 4585 862 4644 laicusve
881 4586 938 4646 ine-
992 4593 1206 4667 lusione,cique
1219 4594 1301 4651 rrrltis
1320 4610 1436 4652 niernum
1452 4593 1574 4666 praeberc
1593 4591 1737 4667 adjutorii,
1751 4592 1816 4650 in-

139 4669 185 4739 rit,
199 4670 302 4743 absque
313 4671 396 4730 dnbio
409 4676 704 4737 excommunicabitur.
993 4687 1128 4745 trinsecus
1149 4697 1226 4745 certo
1249 4687 1315 4745 tereti
1335 4687 1440 4758 dolore,
1457 4688 1491 4743 ab
1508 4685 1614 4745 eisdem
1633 4686 1734 4745 instrui
1748 4702 1801 4744 sa·

154 4916 473 5000 ¹(etttlliurgiiennsam
493 4931 761 5006 narratuanoaymus
782 4927 937 5008 quillisto·
993 4932 1124 5004 legitimo.
1149 4933 1235 4991 Atilli
1268 4932 1325 4989 indi
1346 4932 1413 5002 nati,
1440 4949 1497 4990 non
1522 4933 1615 4989 solum
1644 4946 1703 4987 non
1729 4930 1836 4988 sunt!

139 4989 807 5077 nantthtcccnctsmonastenlscr-ipsitmfflmw
824 4999 937 5069 editenr,
993 5006 1138 5073 emendati,
1162 5007 1210 5062 sed
1221 5006 1307 5061 mrrlla
1322 4950 1466 5070 iircicntcs,
1481 5005 1559 5076 plura
1577 5003 1723 5060 mendacia
1749 5003 1836 5060 itt*

139 5067 165 5117 t·
183 5059 379 5140 “difficillimo
392 5077 417 5130 p.
429 5065 747 5148 iiiiiifflsssslfflfisscffll:
762 5072 853 5127 «Post
866 5072 937 5127 Lau·
992 5079 1140 5147 servientes,
1161 5084 1243 5148 eaput
1263 5078 1292 5133 iu
1318 5078 1448 5144 caudam,
1476 5076 1648 5147 caudamque
1668 5075 1697 5132 in
1711 5074 1836 5148 capu!

139 5131 248 5214 ΜΨ
270 5130 533 5216 ffiiijflnlliiliw
565 5139 937 5222 §ucss088112‚quiicexpu·
993 5149 1093 5218 erigere
1106 5157 1248 5212 conantes,
1262 5150 1288 5203 in
1307 5156 1414 5205 tantum
1439 5157 1501 5205 suut
1515 5147 1640 5221 pejoreth
1667 5156 1699 5204 ut
1714 5150 1835 5203 more&

140 5200 256 5285 gnandvs
270 5217 389 5259 mrmrcrs
414 5202 460 5259 dm
477 5213 637 5290 victoriosus
656 5216 766 5265 exstuat.
783 5213 834 5268 llic
848 5212 882 5270 de
892 5213 934 5271 Si·
992 5220 1073 5276 Judae
1085 5220 1328 5287 omnicreantem
1344 5221 1454 5292 proprio
1467 5217 1679 5276 monasteriola
1711 5232 1835 5275 acen-e

140 5281 405 5342 m⁰¹1¹l³⁰⁰¹¹⁵ill¹¹b
419 5284 483 5347 ‹11¹ae
552 5285 653 5350 ttsjem
676 5295 724 5352 per
738 5282 867 5368 ultimum
886 5301 936 5358 pe·
992 5306 1037 5348 ses
1051 5291 1112 5362 ejici
1125 5290 1246 5358 iecerint,
1258 5300 1286 5346 ct
1295 5290 1441 5347 airardum
1455 5293 1486 5347 Fi
1508 5289 1689 5347 iacensemab
1724 5298 1835 5357 tem«

140 5360 205 5429 pam
219 5347 344 5402 Leonem
358 5343 501 5403 iueratdec
511 5359 598 5431 arata,
616 5359 641 5407 ct
653 5368 700 5424 per
711 5353 877 5428 Gregorrum
887 5359 937 5415 vll
992 5362 1035 5421 cni
1047 5361 1147 5419 subditi
1160 5362 1321 5419 auctoritate
1335 5363 1483 5434 apstolica
1489 5308 1617 5429 inerant,
1629 5370 1730 5420 contra
1747 5369 1835 5419 tou

66 5422 79 5445 ⁰
140 5432 200 5546 eii„
223 5420 411 5474 successorem
425 5416 502 5476 valde
526 5431 663 5494 insecuta,
689 5428 814 5498 quarruvis
838 5428 938 5487 invitus
992 5436 1046 5492 tius
1066 5432 1278 5491 christianitatis
1292 5428 1437 5491 ritnrtiase
1451 5434 1629 5517 projecerint.

140 5485 278 5545 abatiam
292 5486 404 5557 dimisit,
427 5499 455 5545 et
469 5493 571 5563 pastori
592 5493 711 5578 legitimo
739 5499 938 5560 introducendo
1028 5506 1119 5577 (dlv)
1129 5503 1283 5561 inconcilio
1294 5505 1466 5563 Narbonense
1477 5520 1548 5562 enno
1561 5510 1631 5562 1096
1642 5504 1795 5567 celebrato,
1828 5536 1835 5549 ·

139 5560 357 5690 ffenmvacnnm
366 5559 482 5689 religoit.
496 5565 936 5697 hlonaclnrerol'iqiacensesab·
992 5576 1258 5634 haccontrouersia
1289 5574 1380 5660 denuo
1404 5578 1513 5662 agitata
1541 5577 1580 5633 ita
1599 5575 1714 5660 delinita
1741 5574 1796 5633 tut
1832 5580 1835 5586 '

159 5641 233 5690 aum
248 5631 400 5705 {muncrum
429 5648 546 5691 omnum
560 5640 706 5713 lingonem
724 5643 934 5704 cnmaeensem
992 5656 1025 5703 nt
1045 5657 1160 5777 uwrirue
1182 5650 1261 5705 locus
1276 5647 1455 5715 cardinalem,
1475 5648 1504 5705 rd
1518 5656 1560 5705 est
1580 5662 1729 5722 proprium
1744 5647 1796 5705 eb-

141 5705 281 5779 eligentes,
300 5702 506 5763 admonuerunt
516 5710 691 5768 conchenses
702 5720 741 5777 nt,
761 5714 868 5786 abjecto
882 5732 933 5775 suo
991 5720 1084 5777 batem

160 5776 168 5789 ,
238 5776 243 5786 .
469 5777 475 5789 ,
716 5783 722 5793 ,
1133 5719 1390 5794 aberel.Videjini.
1416 5720 1524 5779 Urbani
1549 5718 1683 5779 lleadc
1707 5718 1795 5779 relit-

141 5778 306 5843 Srmonvaco,
330 5791 406 5833 more
425 5777 506 5834 sohto
521 5780 701 5839 subderentur
715 5783 827 5841 illorum
841 5787 932 5845 abbati
991 5799 1074 5847 teras.
1806 5790 1822 5805 '
