3870 6164
59 236 114 293 tt7
587 241 684 296 LlBER
705 242 889 299 SECUNDUS.
908 272 943 285 -
960 244 1065 300 EPlS'f.
1085 242 1193 298 bittit.
1658 250 1710 305 tte

57 360 147 431 gnita,
158 369 187 416 et
199 360 300 418 harum
311 362 469 421 testimonio
480 364 633 422 litterarum
649 367 754 439 plenius
768 368 857 425 incul·
872 372 899 435 Α
914 368 1054 427 dilectioni
1071 378 1127 425 tuae
1142 367 1309 441 injungimus
1328 367 1547 441 compendiosius
1560 369 1709 428 efficacius·

55 456 131 516 eata,
147 448 264 507 fideliter
278 452 442 524 exsequaris,
462 453 495 509 de
514 469 579 526 agro
595 455 740 511 Dominico
756 456 859 513 zizania
913 475 966 530 que
982 458 1166 531 prosequaris,
1190 472 1252 512 cum
1275 456 1404 513 iratribus
1418 467 1445 513 et
1467 460 1635 532 coepiscopis
1655 461 1711 516 tuis

55 538 193 607 eradices,
206 539 378 597 frumentum
391 557 546 611 conserves,
568 550 659 599 castos
678 552 707 600 et
720 543 860 614 religiosos
912 549 1056 604 concilium
1069 556 1095 603 te
1110 562 1207 619 cogere
1219 545 1377 612 suademus,
1391 546 1420 601 io
1441 562 1506 617 quo,
1523 564 1606 619 quarn
1626 548 1712 604 maxi-

55 627 186 695 clerieos,
202 630 285 686 uttui
302 628 383 686 officii
402 641 605 703 cooperatores,
623 633 738 706 benigno
753 633 859 703 foveas,
912 653 959 692 mo
983 637 1084 709 poteris
1103 636 1266 692 clericorum
1280 643 1354 692 coeto
1379 645 1554 709 congregato,
1581 638 1651 709 leges
1670 654 1712 693 ca·

53 716 180 773 lubricos
198 726 227 773 et
244 718 445 776 incontinentes
464 729 513 777 aut
534 729 647 792 paterne
661 725 792 792 corrigas,
813 733 860 780 aut
912 724 1025 780 nonicas
1045 733 1074 780 et
1091 724 1163 779 sedis
1183 723 1338 795 apostolicas
1362 726 1564 792 auctoritatem,
1578 734 1711 798 tuamque

56 804 260 878 incorrigibiles
282 821 299 862 a
321 807 405 864 sacris
426 808 559 866 cicuribus
573 826 680 879 arceas;
694 820 721 867 ct
735 810 786 866 nisi
806 813 859 868 tuis

58 894 302 951 exhortationibus
325 896 526 969 acquiescentes
546 899 714 971 resipiscant,
735 916 785 957 nec
799 901 859 957 laici

55 986 277 1045 etiamofficium
291 1003 389 1046 eorum
400 990 536 1048 ullatenus
549 992 669 1058 audiant,
681 1000 711 1048 ut
728 1010 797 1065 quos
808 1010 859 1051 nec

56 1082 145 1138 timor
167 1098 220 1138 nec
244 1098 322 1138 amor
335 1082 441 1140 dinnus
461 1085 633 1158 compungit,
659 1085 748 1159 pudor
761 1087 858 1143 saltem

57 1172 201 1232 humanus
221 1175 344 1232 retrabat
356 1176 391 1233 ad
401 1177 600 1247 sobrietatem.
616 1179 667 1234 llis
680 1180 704 1235 si
720 1180 860 1253 vigilanter

56 1268 203 1336 institeris,
223 1277 252 1325 et
275 1270 469 1327 inobedientiae
489 1272 600 1344 cuipam
615 1273 717 1344 poteris
731 1272 857 1342 evadere,

56 1370 85 1419 et
97 1377 115 1417 a
127 1362 252 1419 Domino
266 1364 411 1435 praemium
426 1364 476 1420 tibi
493 1364 636 1436 multiplex
650 1375 678 1421 et
697 1365 858 1423 indeficiens

58 1471 229 1529 comparare.

92 1552 166 1606 Data
185 1553 295 1618 Romae,
310 1559 409 1625 quarto
423 1551 561 1608 Kalendas
581 1552 692 1624 Aprilis,
712 1552 858 1610 indictione

60 1642 168 1700 decima
194 1645 283 1701 tertia.

301 1740 477 1797 eetsrotx
502 1742 613 1797 vatt.

87 1846 129 1887 en
146 1846 302 1889 xunounrx
323 1848 535 1891 concursuseu
555 1849 839 1892 xncntnrrscoeuu.

360 1930 451 1996 (Anno
476 1930 565 1991 1075.)

66 2021 98 2075 tt
116 2021 211 2076 habito
225 2036 335 2076 stvomm
348 2023 530 2091 episcoporum
543 2022 652 2076 corratio
667 2021 774 2076 decreto
791 2038 859 2091 opo-

96 2092 199 2147 stolr'coe
216 2093 291 2148 sedis
303 2093 336 2147 de
351 2096 474 2147 mstitote
490 2094 645 2147 clericorum
656 2094 817 2162 promulget,
833 2099 859 2148 et

93 2164 232 2218 munda
245 2169 330 2218 curet.
348 2166 467 2235 Erponit
480 2180 583 2234 quoquc
595 2180 622 2219 se
640 2166 670 2218 in
686 2165 787 2233 synodo
801 2180 860 2219 con-

95 2239 141 2288 tra
152 2236 317 2291 simoniacos
338 2240 442 2290 statuto
453 2239 629 2305 corafimaeassc.

912 811 1116 870 eteoufratrum
1127 813 1263 880 omnium,
1273 821 1394 884 potenter
1408 814 1711 888 promulgabis,quanta

912 902 1043 959 castitatis
1060 904 1094 958 sit
1113 903 1208 970 virtue,
1225 917 1361 974 quamque
1375 903 1562 959 ecelesiasticis
1580 903 1711 977 gradibus

912 992 1065 1047 necessaria
1089 1007 1136 1046 seu
1168 1007 1251 1063 quam
1280 992 1377 1063 spousi
1405 992 1517 1064 virginis
1544 1000 1572 1049 et
1592 992 1711 1066 Virginis

911 1096 1021 1153 sponsae
1030 1081 1204 1137 cubiculariis
1211 1082 1247 1135 sit
1257 1088 1446 1152 compcntens,
1456 1090 1497 1149 ut,
1511 1085 1568 1137 Deo
1577 1081 1709 1153 donante,

911 1168 993 1234 nosti,
1009 1169 1087 1225 latius
1101 1184 1249 1240 exponens.
1271 1168 1393 1224 Subinde
1413 1169 1529 1225 firmiter
1550 1172 1709 1242 pronuntia·

911 1255 953 1312 bis
972 1273 1028 1313 non
1049 1257 1163 1313 ulterius
1182 1257 1231 1313 sibi
1251 1257 1330 1313 licere
1349 1257 1422 1328 quod
1442 1257 1472 1313 in
1497 1259 1646 1329 perniciem
1668 1261 1710 1317 sul

912 1344 1043 1402 hactenus
1063 1354 1244 1418 usurparunt3
1267 1362 1331 1402 cum
1351 1345 1518 1403 tolerabilius
1537 1348 1651 1404 omnino
1676 1348 1712 1406 sit

911 1450 1017 1491 cessare
1031 1436 1066 1490 ab
1085 1435 1177 1491 officio
1199 1450 1281 1507 quem
1296 1435 1438 1501 incestam,
1455 1436 1592 1492 ueletiam
1610 1437 1710 1493 moles-

912 1530 967 1580 tam
986 1540 1036 1581 suo
1051 1524 1181 1580 Salvatori
1199 1525 1321 1597 ingerere
1340 1524 1511 1591 servitutem,
1536 1533 1564 1580 et
1578 1524 1643 1581 iude
1661 1525 1710 1582 sibi

911 1612 981 1669 iram
999 1630 1161 1670 coacervare
1181 1623 1263 1685 atque
1280 1613 1455 1685 supplicium,
1475 1613 1547 1668 unde
1568 1615 1711 1685 praemium

871 1733 895 1795 B
913 1701 1005 1759 debuit
1020 1705 1147 1759 emereri.
1169 1702 1249 1772 Quod
1264 1704 1287 1758 si
1303 1712 1329 1759 tc
1346 1703 1466 1760 fideliter
1480 1703 1540 1759 baec
1554 1712 1582 1760 et
1597 1704 1712 1761 firmiter

913 1801 1107 1862 exsequentem
1129 1792 1267 1848 tribulatio
1291 1808 1322 1847 ac
1342 1792 1492 1863 persecutio
1508 1792 1649 1859 invenerit,
1667 1809 1710 1848 re·

852 1944 855 1948 ,
914 1882 989 1952 spice
1004 1881 1039 1937 ad
1056 1897 1118 1936 eum
1134 1880 1181 1951 qui
1194 1880 1261 1936 dixit
1278 1900 1284 1935 :
1302 1882 1442 1951 Cortfidite,
1457 1898 1502 1949 eqo
1515 1883 1569 1937 cici
1581 1883 1711 1937 mundum

913 1973 996 2035 (foca.
1015 1970 1088 2040 rvr).
1105 1971 1162 2025 Nos
1177 1985 1285 2042 quoque
1300 1969 1394 2042 clypco
1410 1969 1484 2025 beati
1499 1970 1573 2025 Petri
1588 1971 1712 2027 munitos

914 2058 1105 2114 indubitanter
1124 2060 1244 2127 noveris,
1262 2075 1309 2114 seu
1324 2060 1358 2115 ad
1373 2058 1544 2130 repellendos
1561 2060 1664 2123 hostes,
1688 2062 1709 2115 si

912 2163 1070 2220 possumus,
1086 2164 1134 2204 seu
1148 2147 1183 2204 ad
1199 2147 1400 2219 protegendum
1414 2157 1442 2203 te
1456 2149 1534 2203 ornni
1550 2148 1616 2203 hora
1631 2164 1709 2219 para·

912 2236 1035 2292 tissimos
1049 2236 1177 2292 inveniri.
1196 2236 1266 2291 illud
1280 2252 1390 2308 quoque
1411 2235 1576 2291 fraternitati
1592 2244 1647 2292 tuae
1661 2252 1712 2292 no-

94 2327 280 2385 Gnnoonxus
295 2328 447 2400 episcopus,
461 2344 554 2384 servus
568 2343 710 2384 servorum
720 2329 781 2397 Dei,
798 2334 858 2385 Av—
911 2338 972 2386 turn
995 2345 1055 2386 esse
1074 2330 1210 2395 volumus,
1232 2339 1326 2385 contra
1342 2331 1527 2386 Simoniacant
1541 2329 1667 2386 haeresim
1683 2331 1711 2385 in
1760 2354 1765 2365 ·

68 2434 142 2478 xoret
154 2420 313 2477 Coloniensi
326 2419 539 2492 archiepiscopo,
553 2420 670 2477 salutem
687 2430 715 2477 et
730 2421 858 2492 apostoli·
911 2423 1018 2496 synodo
1037 2423 1216 2480 confirmasse
1241 2424 1318 2495 (nam
1339 2424 1469 2480 asanctis
1491 2423 1619 2479 Patribus
1633 2422 1711 2495 longe

65 2513 364 2571 cambenedictionem.
912 2526 977 2573 ante
989 2526 1091 2573 statum
1102 2522 1165 2584 est),
1181 2532 1213 2572 ac
1233 2516 1608 2589 vehementerprohibuisse,
1621 2524 1652 2571 ιιι
1665 2532 1712 2572 nc·

93 2609 211 2666 Constm
224 2608 375 2664 Ecclesiam
388 2607 580 2664 coloniensem
601 2608 672 2664 inter
690 2617 804 2665 cataras
817 2625 859 2664 re·
911 2625 964 2681 que
982 2608 1104 2665 ecclesiae
1123 2609 1262 2665 ullatenus
1287 2609 1453 2677 vendantur,
1474 2617 1522 2665 aut
1537 2626 1587 2681 pro
1610 2624 1711 2665 manus

66 2701 105 2774 gni
125 2700 271 2759 Teutonici
294 2701 428 2757 Ecclesiae
450 2710 551 2757 sanotae
577 2710 605 2757 et
619 2703 775 2773 apostolicae
789 2701 857 2768 sedi,
912 2703 1089 2774 impositione
1115 2703 1235 2773 pretium
1252 2704 1413 2774 accipiatur.
1425 2702 1507 2773 Quod
1520 2704 1543 2757 si
1562 2702 1710 2760 hocmodo

66 2795 104 2851 cui
128 2798 190 2853 Deo
210 2802 322 2851 auctore
336 2793 515 2862 deservimus,
532 2795 568 2850 ita
590 2793 642 2850 lida
662 2801 688 2849 et
711 2794 858 2850 dilectione
912 2795 1057 2851 ordinatus
1079 2796 1177 2867 aliquis
1191 2794 1284 2863 fiterit,
1304 2811 1367 2850 eunt
1381 2813 1397 2850 a
1412 2797 1505 2852 missae
1529 2794 1711 2852 celebratione

66 2896 141 2961 atque
163 2888 305 2959 obsequiis
318 2887 351 2943 ab
374 2887 452 2942 annis
473 2887 613 2958 prioribus
627 2902 686 2943 esse
701 2887 857 2944 devinctam
912 2897 938 2944 et
953 2888 1090 2960 Evangelii
1107 2889 1223 2944 lectione
1237 2888 1408 2944 omnimodis
1430 2903 1614 2957 removemus,
1631 2896 1660 2943 et
1681 2896 1712 2944 ut

67 2990 92 3038 ot
112 2981 245 3055 singulari
266 2979 449 3036 familiaritate
473 2987 502 3036 et
522 2981 607 3053 gratia
626 2980 766 3037 charitatis
786 2980 858 3053 apud

912 2982 970 3039 haee
984 2983 1129 3054 diligenter
1143 2982 1295 3037 observetis
1309 2982 1418 3037 enixius
1427 2981 1619 3037 admonemus.

67 3090 120 3132 tam
132 3082 267 3148 tanquam
281 3073 353 3145 apud
372 3080 489 3128 matrem
504 3073 663 3129 dulcissima
679 3074 733 3129 tilia
749 3074 858 3145 praepol·
874 3103 897 3168 C
948 3080 1019 3133 Data
1037 3079 1144 3143 Rornae,
1160 3083 1259 3145 quarto
1274 3074 1418 3130 Kalendas
1432 3074 1544 3146 Aprilis,
1560 3072 1712 3131 indictione

68 3166 228 3241 fertonem
250 3165 447 3223 benevolentiae
465 3165 614 3223 laudabilis
630 3182 712 3223 usum
732 3168 766 3224 ab
781 3176 857 3223 ante-
912 3168 1020 3225 decima
1034 3169 1125 3226 tertia.

68 3261 217 3319 sessoribus
230 3260 332 3317 nostris
350 3259 385 3316 ad
403 3275 455 3315 nos
471 3275 556 3332 usque
577 3259 724 3317 deductum
743 3277 798 3317 non
814 3277 857 3317 so·

69 3353 119 3413 lum
131 3356 299 3422 observare,
315 3352 363 3410 sed
383 3353 466 3409 etiam
490 3354 622 3425 ampliare
636 3363 665 3411 et
684 3362 860 3428 augmentare

68 3464 110 3521 pro
125 3465 220 3507 rorum
239 3446 441 3520 opportunitate
452 3455 480 3502 et
491 3454 649 3520 temporum
661 3448 753 3504 modis
767 3448 856 3504 omni·

68 3541 112 3601 ιιιιι
123 3560 188 3602 xum
205 3550 329 3615 paratus.
347 3540 420 3596 Hine
434 3541 527 3607 etiam,
547 3542 705 3598 charissime
719 3540 859 3609 frater,de

67 3635 215 3695 obedientia
227 3636 266 3693 tui
276 3634 395 3693 securior
404 3632 554 3691 fiducialius
565 3635 696 3692 adhortor
705 3644 733 3691 et
744 3651 854 3705 moneo,

67 3738 139 3804 atque
149 3729 307 3788 communis
320 3726 426 3784 domini
440 3727 511 3783 beati
527 3729 603 3784 Petri
617 3730 779 3786 auctoritate
789 3743 859 3800 prae-

67 3824 140 3896 cipio,
154 3833 189 3881 ut
203 3823 238 3881 ad
250 3821 404 3879 castitatem
423 3821 583 3877 elericorum
599 3822 799 3895 praedicandam
815 3829 858 3878 at-

67 3915 412 3989 preinwlcandam,1'oxta
426 3915 538 3971 Patrom
546 3915 665 3983 decreta,
675 3925 703 3973 ct
713 3917 861 3973 auctorita·

66 4016 274 4080 bmoenonum,
284 4023 350 4065 cum
359 4005 542 4079 suffraganeis
552 4009 605 4065 tuis
615 4009 746 4066 omnibns
755 4007 860 4065 studio·

66 4102 549 4178 timaceingarismtsponsarchristi,
557 4117 617 4173 quae
625 4103 760 4158 maculam
772 4103 860 4158 nescit

66 4206 107 4255 aot
117 4213 217 4271 rugam
231 4197 342 4268 (pres.
356 4196 398 4270 v),
411 4194 564 4252 candidatae
577 4204 605 4252 et
619 4196 801 4252 immaculata
822 4194 860 4250 fa·

1147 3263 1325 3320 EPISTOLA
1345 3263 1468 3318 LXVlll.

941 3374 980 3413 an
1000 3372 1159 3412 wezsnsun
1185 3373 1410 3411 inctrvnrrscoeuu
1429 3369 1690 3412 nncnsncnoansnu.

1208 3454 1301 3518 (Αιιιιο
1325 3452 1416 3513 tots.)

1123 3543 1250 3614 Ejusdem
1264 3545 1322 3611 scre
1332 3546 1494 3613 crpttmeoti.

948 3639 1131 3694 Gnaeonrus
1145 3637 1300 3708 episcopus,
1312 3653 1406 3692 servus
1418 3651 1561 3692 servorum
1571 3633 1633 3701 Dei,
1644 3636 1711 3690 Wr-

913 3746 1022 3788 zntrxo
1037 3732 1234 3799 [Vanescruo]
1248 3730 1478 3802 hlagdeburgensi
1494 3727 1710 3800 archiepiscopo,

913 3825 1031 3879 salutem
1048 3832 1076 3879 et
1086 3825 1268 3896 apostolicam
1281 3823 1511 3880 benedictionem.

949 3918 1081 3990 Legimus
1096 3920 1111 3972 J
1114 3933 1190 3985 osue,
1204 3933 1268 3973 cum
1284 3916 1312 3972 in
1326 3916 1428 3987 populo
1440 3916 1491 3972 Dei
1505 3916 1639 3988 magistro
1648 3932 1711 3973 suc·

913 4010 1015 4067 cedens
1029 4010 1161 4067 ducatum
1174 4010 1349 4081 suscepisset,
1369 4010 1408 4066 ita
1422 4009 1539 4066 sollicita
1552 4016 1578 4064 et
1588 4009 1712 4083 vigilanti

914 4103 1068 4161 obedientia
1079 4105 1236 4161 exercuisse
1250 4102 1371 4160 officium
1385 4111 1424 4169 ut,
1440 4102 1514 4174 quod
1531 4102 1565 4158 de
1579 4102 1636 4158 aliis
1648 4118 1712 4158 raro

914 4197 1049 4269 scriptum
1070 4206 1121 4263 est,
1145 4196 1249 4254 coelesti
1264 4195 1353 4253 fretus
1374 4197 1483 4261 virtute,
1500 4194 1643 4252 elementis
1661 4211 1711 4266 po·

33 4342 36 4355 ,
66 4290 141 4350 miliae
149 4291 304 4365 gs·atiosum
313 4292 473 4350 exhibeatur
485 4290 615 4348 officium.
629 4288 711 4347 Novit
720 4288 792 4345 enim
808 4288 858 4344 ira·
910 4291 1061 4347 tentialiter
1076 4292 1234 4362 imperaret.
1250 4291 1322 4346 Nam
1333 4298 1362 4345 et
1375 4289 1489 4345 devium
1504 4288 1657 4345 Jordanem
1676 4287 1712 4344 ad

66 4385 170 4443 femitas
183 4392 232 4441 tua
252 4385 316 4457 quia
329 4395 464 4459 praecepta
477 4385 537 4442 haro
549 4400 605 4440 nou
620 4382 655 4439 de
669 4391 765 4439 nostro
776 4398 858 4438 sensu
911 4384 1060 4439 transitum
1077 4384 1212 4440 exercitus
1225 4398 1337 4439 cursum
1354 4382 1511 4437 naturalem
1528 4382 1624 4436 sistere
1635 4379 1710 4447 fecit,

65 4478 256 4552 exsculpimus,
285 4479 333 4536 sed
356 4480 535 4552 antiquorum
568 4479 681 4533 Patrum
707 4476 859 4532 sanctiones
873 4486 899 4548 Ι)
913 4484 940 4532 et
954 4478 1038 4532 solem
1050 4477 1162 4533 volubili
1173 4476 1328 4533 mobilitate
1342 4475 1370 4529 in
1383 4489 1512 4530 oceasum
1524 4472 1711 4539 anhelantem,

65 4568 161 4643 Spin'tu
179 4579 278 4628 saneto
290 4571 457 4643 predicante
470 4573 588 4644 prolatas
606 4569 690 4626 officii
706 4569 792 4625 nostri
806 4584 858 4624 ne-

67 4665 188 4722 cessitate
203 4665 233 4721 in
245 4665 367 4722 medium
384 4666 569 4739 propalamus,
585 4680 619 4720 ne
629 4662 697 4735 pigri
711 4662 782 4718 servi
793 4661 855 4718 sub

64 4768 153 4816 ιιιιιιιι
177 4758 341 4831 perieulum,
364 4759 386 4816 si
410 4758 587 4816 Dominicam
616 4756 770 4827 pecuniam,
794 4772 856 4827 quae

64 4862 121 4907 mm
138 4849 239 4909 fenore
259 4851 421 4924 reposcitur,
443 4850 496 4908 sub
513 4849 621 4915 silentio
640 4848 853 4914 abscondamus;

66 4955 228 5017 quamquam
251 4942 316 5001 huic
336 4953 438 5001 sanctae
453 4948 586 5000 Romanae
601 4942 730 4999 Ecclesiae
747 4957 857 5013 semper

67 5030 133 5093 lenit
145 5053 311 5111 semperque
326 5037 419 5095 licebit
436 5045 530 5094 contra
549 5037 655 5093 noviter
674 5037 856 5091 increscentes

66 5140 185 5187 meamus
194 5146 266 5186 nora
277 5146 388 5203 quoque
397 5130 507 5188 decreta
522 5138 603 5202 atque
619 5126 741 5184 remedia
756 5142 854 5199 procu-

65 5233 118 5279 rare
129 5238 204 5296 qttte,
218 5223 332 5281 rationis
345 5231 372 5280 et
385 5224 553 5280 auctoritatis
572 5223 645 5279 edita
657 5220 769 5293 judicio,
787 5219 854 5276 nulli

63 5310 203 5375 Ιιοιιιίιιιιιιι
232 5317 267 5374 sit
290 5314 344 5387 fas,
372 5325 402 5373 ut
429 5317 515 5383 irrita,
538 5314 664 5373 refutare.
691 5317 778 5387 Urget
803 5328 854 5369 nos

63 5408 142 5466 ctiam
160 5410 248 5467 timor
268 5410 338 5469 illius
355 5409 493 5467 maledicti
513 5408 589 5483 quod
610 5425 658 5480 per
677 5407 853 5465 Salomonem

60 5497 240 5575 depromitur,
252 5520 338 5577 usque
351 5505 389 5560 cd
408 5504 439 5560 tol
452 5505 523 5575 quod
540 5507 570 5559 ιιι
588 5505 728 5573 superiore
741 5501 854 5572 epistola

58 5595 99 5649 til
121 5596 164 5663 (S.
197 5598 313 5668 (im,
343 5597 413 5655 libro
439 5613 516 5654 xxxv
544 5597 652 5663 Horeb,
681 5610 741 5665 cap.
768 5598 817 5660 to)
847 5612 854 5648 :

57 5686 222 5747 obedientia
239 5706 305 5766 ergo
327 5700 370 5748 est
390 5690 449 5748 sine
470 5707 536 5764 qua,
551 5689 614 5746 licet
638 5688 726 5746 fidelis
739 5688 854 5760 quisque

54 5779 324 5853 cunuchorum
345 5798 403 5843 exse
425 5783 605 5843 convincitur.
621 5780 675 5839 Sed
699 5787 731 5836 ut
745 5795 776 5836 ea
791 5794 855 5852 quat

909 4570 997 4626 donee
1011 4570 1185 4629 adversarios
1201 4569 1388 4636 ulcisceretur,
1413 4567 1492 4639 quasi
1516 4567 1584 4622 alter
1598 4567 1713 4623 Creator

909 4672 981 4720 stare
990 4665 1126 4736 praecepit.
1143 4667 1170 4719 ls
1184 4663 1266 4719 etiam
1283 4677 1377 4717 muros
1391 4660 1502 4717 Jericho
1524 4669 1636 4732 septeno
1651 4675 1712 4732 per-

909 4757 1030 4813 lustrans
1050 4757 1165 4813 circuitu
1190 4754 1400 4812 sacerdotalium
1423 4754 1552 4827 clangore
1582 4753 1713 4810 tubarum

908 4850 1016 4905 subruit
1038 4858 1064 4905 et
1085 4849 1193 4905 evertit.
1221 4848 1313 4917 Vides,
1338 4847 1501 4905 charissime
1519 4845 1616 4915 frater,
1642 4844 1710 4917 quid

910 4941 1019 4998 fervens
1034 4942 1063 4997 in
1075 4941 1177 4999 divinis
1191 4943 1281 4999 causis
1294 4942 1414 5008 animus,
1431 4940 1497 5013 quid
1512 4948 1638 5012 prompta
1650 4939 1712 4996 obe

910 5036 1010 5092 dientia
1025 5037 1167 5092 meruerit.
1185 5036 1226 5092 hd
1240 5035 1323 5109 hujus
1344 5035 1551 5092 similitudmem
1564 5033 1631 5091 facti
1646 5047 1709 5099 nos,

909 5131 957 5201 qui
974 5131 1107 5202 populum
1124 5129 1316 5186 Christianum
1336 5127 1501 5185 instituendi
1519 5126 1710 5199 magisterium

908 5223 1089 5294 suscepimus,
1111 5232 1234 5279 mentem
1248 5223 1394 5295 vigilanter
1411 5221 1551 5278 intendere
1565 5220 1709 5285 debemus,

908 5316 1113 5373 neadversariae
1128 5315 1272 5387 potestatis
1288 5332 1393 5384 muros,
1409 5322 1505 5371 contra
1517 5330 1614 5369 verum
1625 5315 1711 5368 Josue

908 5408 1071 5465 rebellantes
1087 5418 1116 5466 et
1127 5417 1242 5476 erectos,
1258 5409 1368 5465 silentio
1388 5418 1481 5464 nostro
1496 5415 1567 5462 stare
1591 5412 1641 5462 aut
1663 5420 1710 5460 ro-

908 5501 999 5557 borari
1017 5503 1164 5573 patiamur.
1182 5501 1370 5573 Quamobrem
1386 5500 1555 5558 fraternitati
1570 5507 1626 5555 trroe
1644 5513 1710 5569 apo·

905 5593 1006 5667 ‚stolico
1030 5597 1194 5652 auctoritate
1210 5595 1377 5668 injungimus
1399 5603 1478 5667 atque
1491 5591 1664 5665 praecipimus
1680 5597 1712 5645 ut

910 5686 945 5743 ad
956 5688 1111 5745 castitatem
1126 5690 1290 5745 clericorum
1303 5685 1510 5758 praedicandam
1521 5693 1549 5739 et
1560 5682 1711 5738 studiosius

909 5781 1105 5839 inculcandam
1132 5781 1250 5838 buccina
1264 5778 1443 5852 ,sacerdotali
1474 5773 1662 5833 vehementius
1683 5778 1711 5828 et
