3870 6164
39 5752 49 5791 t

152 267 204 321 tet
657 259 704 314 AD
720 256 834 315 OPERA
853 255 881 313 S.
900 253 1060 311 cuscoull
1077 250 1295 308 Appenninus.
1561 286 1563 290 ι
1750 255 1797 309 tet

151 387 240 460 specis
252 400 338 458 quam
353 384 380 441 in
399 383 519 442 advereIs
531 382 666 440 individui
684 382 816 445 comites,
833 389 861 437 et
880 379 1042 453 pontificum
1060 374 1256 435 Romanorum
1274 375 1404 433 adversus
1418 375 1663 433 schismaticorum
1676 373 1799 433 lectiones

153 458 249 515 invIcti
267 463 486 530 propugnatores
499 454 586 513 fuere.
602 454 721 512 medem
735 467 802 526 ergo
821 454 922 525 jungat
939 452 1050 518 charta,
1070 464 1139 521 quos
1152 448 1221 504 olim
1232 447 1386 504 arctissime
1406 448 1544 520 copulavit
1559 446 1684 504 charitas
1698 455 1727 503 et
1739 463 1799 505 con-

153 528 247 586 cordia
266 534 371 584 sancta.
389 527 571 584 DeTiemone
591 524 760 582 bertholdus
780 523 808 579 in
822 522 961 581 Chronico
975 537 1050 578 anno
1067 525 1132 575 teet
1154 538 1162 574 ε
1179 543 1191 567 ι
1208 521 1239 575 ln
1254 519 1410 590 BojoarIam
1435 518 1510 576 venit
1524 518 1739 587 salzburgensis
1756 518 1799 591 epi

155 593 1069 739 ”stillostitt'lltlllltltlltullllulltlu
1082 589 1796 735 tilii-itutilll⁰liltllt'lttu‘t

35 760 38 765 ·
155 741 292 800 Henncus
303 740 428 799 Canisiut
443 741 472 797 ln
491 738 667 814 praeambulis
685 738 827 795 advitam
844 746 870 795 et
884 737 1048 810 martyrium
1064 733 1205 791 TiemonIs
1217 740 1286 791 tom.
1304 736 1316 790 l
1331 733 1428 806 antiq.
1449 736 1528 791 Lect.

374 1034 601 1128 INCIPIT
636 1031 844 1126 Passio
878 1032 922 1124 S.
957 1030 1244 1122 Tlsuutlls
1282 1028 1581 1122 EPISCOPI.

192 1351 334 1423 lnsigncm
357 1349 460 1423 egregii
483 1349 618 1422 pontilicis
632 1363 664 1404 ac
686 1347 813 1420 preclari
827 1344 956 1421 martyris
969 1353 995 1414 Α
1010 1347 1062 1410 ba,
1085 1346 1120 1403 ad
1150 1347 1338 1420 arguendum,
1361 1346 1584 1414 obsecrandum,
1610 1344 1795 1418 increpandum

154 1444 293 1502 'hemonis
311 1442 497 1515 triumphum,
522 1443 582 1515 eius
606 1441 713 1498 meritis
727 1439 954 1512 suifragantibus,
1009 1455 1073 1496 cum
1092 1440 1222 1513 patientia
1244 1449 1271 1496 et
1287 1440 1413 1498 doctrina
1427 1443 1466 1510 (Il
1488 1443 1557 1497 tim.
1584 1444 1643 1509 tv),
1668 1437 1794 1496 muido·

158 1538 312 1595 litterarum
324 1537 470 1594 memoriae
479 1534 625 1601 tradimus,
642 1543 673 1591 ut
685 1535 890 1606 incompertum
902 1548 954 1590 an·
1009 1549 1086 1590 neus.
1104 1534 1157 1604 Qui
1178 1533 1293 1591 audiens
1306 1534 1466 1608 episcopum
1481 1533 1549 1592 inibi
1570 1532 1795 1602 ordinabimsc'·

157 1641 202 1689 tea
220 1632 352 1705 passionis
367 1631 483 1689 modum
501 1630 609 1687 noverit
633 1630 727 1687 omnis
748 1630 886 1687 successio
900 1631 955 1687 Ca·
1010 1627 1074 1684 licet
1095 1627 1280 1685 venerabilem
1295 1628 1385 1686 vimm
1405 1636 1507 1686 saumae
1529 1626 1736 1684 recordationis
1751 1626 1794 1684 dt-

157 1726 337 1792 tholicontm;
352 1722 474 1797 sciatque
486 1725 650 1797 singularem
665 1723 750 1797 hujus
762 1722 874 1780 athletae
885 1738 954 1794 prae·
1011 1721 1156 1791 ishardum,
1166 1738 1223 1779 suae
1236 1723 1431 1780 imbecillitatis
1441 1721 1568 1795 pandens
1579 1721 1711 1788 modum,
1724 1728 1750 1776 ut
1760 1719 1794 1776 ab

157 1818 230 1891 cipui
243 1818 401 1887 victoriam,
417 1818 441 1874 si
459 1815 597 1889 condigne
607 1816 755 1884 recolatur,
777 1815 851 1888 apud
867 1818 957 1872 Deum
1011 1815 1164 1871 solveretur
1176 1815 1210 1871 ab
1225 1814 1384 1887 hujusmodi
1399 1816 1532 1887 pondere,
1547 1815 1638 1887 coepit
1651 1812 1748 1872 obnixe
1756 1813 1792 1870 ob

158 1913 314 1970 uberiorem
326 1919 546 1984 praeetareposse
558 1909 684 1983 gratIem.
696 1913 956 1982 Reveramsgnum,
1013 1908 1156 1981 nixiusque
1178 1909 1330 1982 deprecari.
1346 1908 1429 1981 Quod
1449 1918 1477 1966 et
1501 1908 1668 1982 promeruit.
1692 1909 1755 1966 fleur
1768 1917 1792 1963 ut

158 2008 387 2081 perspicuumque
400 2006 494 2061 lumen
509 2005 540 2060 in
555 2004 712 2062 novissimis
726 2003 823 2059 diebus
833 2002 958 2059 accendit
1014 2011 1057 2059 est
1077 2003 1209 2060 canonice
1233 2019 1265 2059 ac
1287 2002 1502 2061 misericorditer
1525 2003 1686 2068 absolutus,
1705 2002 1792 2075 inqu

131 2084 136 2099 “
159 2102 188 2158 in
205 2100 251 2157 illo
273 2098 464 2155 misericordia
488 2097 602 2154 Domini
627 2096 786 2169 periculose
800 2105 959 2169 temporum
1014 2095 1105 2154 locum
1120 2097 1223 2155 electus
1236 2105 1278 2153 est
1290 2096 1561 2154 venerabilisliemo
1568 2096 1630 2169 jam
1642 2095 1792 2153 dictincta

159 2197 200 2262 (Π
212 2197 280 2250 tim.
296 2198 344 2260 ιιι)
368 2192 478 2265 caligini
495 2210 502 2247 :
523 2190 559 2247 dc
584 2206 650 2264 quo,
665 2200 798 2264 tauquam
813 2206 847 2247 ex
860 2192 918 2246 viva
933 2199 961 2247 et
1014 2191 1090 2248 sterii
1107 2191 1245 2259 alumnus,
1260 2192 1386 2248 moribus
1407 2189 1502 2259 durus,
1521 2191 1578 2246 vita
1596 2198 1731 2255 austerus,
1747 2203 1792 2245 one

162 2285 299 2361 perlucida
320 2287 363 2343 sui
383 2285 514 2359 Imagine,
527 2285 575 2340 lux
594 2300 657 2341 vera
676 2284 778 2341 clarius
798 2292 879 2357 queat
902 2284 960 2339 eni·
1015 2284 1042 2341 ni
1055 2292 1149 2341 tamen
1164 2285 1319 2341 monastica
1337 2284 1483 2357 disciplina
1508 2284 1674 2341 instructus.
1689 2282 1735 2355 Qui
1747 2289 1789 2339 sta·

162 2389 274 2438 tesccre.
297 2381 339 2437 lla
361 2393 428 2451 ergo
443 2378 512 2434 tenti
527 2377 638 2433 lucerna
659 2376 774 2451 fulgoris
799 2378 851 2434 sub
866 2375 960 2434 modio
1014 2379 1066 2434 tim
1080 2378 1162 2452 dIgua
1177 2378 1373 2436 emendatione
1385 2378 1541 2452 corrigebat
1556 2393 1622 2435 cum
1636 2377 1710 2434 omni
1721 2376 1791 2450 impe

162 2477 236 2543 (bct.
251 2476 296 2541 xv)
309 2479 419 2547 tegatur
432 2471 588 2539 oblivionis,
599 2470 718 2529 cudatur
731 2472 766 2539 ei,
782 2470 845 2527 licet
860 2470 920 2527 vilis
931 2479 961 2527 et
1013 2473 1067 2542 rio,
1078 2471 1272 2545 delinquentes
1282 2473 1426 2545 arguebat,
1439 2473 1522 2529 mites
1531 2470 1789 2535 veroetobedicntcs,

162 2567 230 2626 aenei
243 2565 438 2623 candelabrum
452 2564 569 2637 eloquii;
591 2572 738 2637 quatenus,
762 2564 791 2620 in
806 2563 890 2622 domo
903 2566 959 2619 Do
1012 2574 1044 2623 ut
1063 2567 1092 2622 iu
1113 2567 1211 2623 melius
1225 2567 1404 2639 proficerent,
1425 2564 1600 2622 obsecrando
1615 2565 1658 2637 pis
1677 2562 1789 2621 admone

161 2660 231 2717 mlni
252 2660 339 2716 valeat
353 2658 458 2731 publice
479 2655 593 2714 visenda
605 2658 732 2732 proponi.
747 2658 885 2714 Cematur
898 2657 958 2729 eius
1012 2662 1070 2730 bat,
1088 2661 1197 2717 vineam
1208 2661 1322 2717 Domini
1336 2659 1402 2716 inibi
1413 2659 1551 2716 ditissima
1565 2657 1702 2716 fertilitate
1712 2656 1786 2714 sntio

162 2754 190 2811 in
212 2752 316 2811 lumine
333 2752 465 2821 formosa,
486 2752 594 2808 mmetsi
615 2750 694 2824 nigre
713 2753 802 2819 (doct.
824 2752 858 2820 r),
873 2749 958 2808 facies
975 2729 1056 2815 Bnis
1066 2755 1233 2827 evangelicae
1248 2752 1357 2811 affatim
1367 2755 1491 2810 excolere
1498 2768 1558 2810 non
1569 2751 1703 2810 cessabat.

163 2848 306 2914 Ecclesiae,
320 2847 367 2920 qni
381 2846 544 2903 ambulatio
557 2845 650 2904 medio
662 2854 768 2920 septem
785 2845 961 2903 candelabro·
1050 2854 1090 2907 Ea
1102 2850 1189 2923 Igitur
1200 2856 1375 2921 tempestate,
1387 2848 1471 2920 coepit
1483 2847 1670 2920 undecunque
1677 2844 1747 2903 navis
1756 2846 1786 2900 fc

163 2957 225 3001 rum
249 2956 412 3009 ⁸11l0⁰r⁰m2
436 2939 537 3014 l⁰d0²0
561 2941 693 3009 ”illimis
722 2940 796 2996 clrcn
820 2940 960 2996 mlmillas
1014 2945 1104 3003 clesite
1116 2942 1215 3001 medih
1224 2943 1446 3015 persecutionum
1460 2941 1590 2998 fluctibus
1599 2936 1749 3015 aliquandiu
1760 2936 1785 2994 ft·

163 3052 232 3094 zona
246 3050 329 3092 aures
350 3033 512 3107 precinctus
535 3033 661 3090 videatur
686 3036 779 3105 (Apoc.
795 3038 836 3100 r):
862 3042 958 3106 atque,
1015 3039 1107 3113 tigari.
1131 3042 1173 3094 Ac
1186 3036 1371 3106 fidelissimus,
1387 3044 1542 3109 prepotens
1556 3034 1692 3092 archiater
1711 3030 1785 3091 Deni-

163 3131 235 3187 slcut
259 3138 302 3186 est
323 3128 473 3201 pollicitus,
489 3143 555 3191 cum
576 3127 633 3184 suis
645 3126 783 3194 Christus,
810 3141 961 3199 eorumque
1015 3133 1071 3189 niel
1085 3132 1175 3205 gregis
1190 3131 1314 3203 provisor
1328 3128 1507 3187 Gebebardus
1522 3146 1538 3186 a
1551 3128 1707 3186 fautoribus
1724 3124 1785 3184 ner·

163 3222 326 3291 rectoribus,
345 3221 502 3278 innocentia
525 3219 666 3289 candidIs,
686 3220 820 3293 sapientia
843 3219 962 3293 splendi-
1016 3227 1067 3282 rici
1077 3225 1136 3298 iam
1155 3240 1210 3282 non
1234 3225 1320 3281 semel
1347 3222 1381 3280 ab
1395 3222 1547 3296 apostolico
1565 3218 1785 3281 excommunicati.

164 3317 218 3384 dis,
234 3316 364 3389 usquein
382 3314 571 3372 flnemsaeculi
582 3329 696 3371 creuere
708 3314 854 3371 sentiatur.
1016 3319 1162 3391 expellitur
1188 3319 1273 3389 (468),
1296 3317 1419 3389 aliusque
1432 3332 1495 3373 vere
1518 3316 1641 3374 Simonis
1664 3310 1786 3387 umpulu

200 3409 362 3484 complevit,
386 3417 414 3467 et
430 3409 459 3466 in
477 3418 612 3467 aetemum
627 3408 764 3481 complere
782 3423 839 3465 non
862 3407 963 3464 desinit
1016 3428 1081 3486 rege
1096 3411 1250 3484 jamdicto
1273 3411 1480 3475 intromittitur,
1501 3410 1656 3480 ordinatur,
1671 3418 1785 3466 consm-

166 3505 231 3562 huic
249 3505 347 3561 boetus
361 3503 532 3574 Redemptor
546 3511 641 3559 noster
650 3501 783 3573 jucundae
795 3501 866 3558 illius
879 3516 962 3573 spon·
1017 3514 1073 3574 tur,
1095 3506 1154 3563 imo
1176 3513 1343 3572 exsecratur,
1363 3513 1391 3561 et
1413 3504 1579 3578 quantocius
1602 3502 1786 3560 inthronizatur·

165 3599 252 3656 sinuit
263 3597 385 3666 elogium
400 3616 409 3651 ε
423 3596 476 3663 Qui
487 3599 593 3664 cucerit,
605 3598 708 3664 saevom
721 3597 800 3652 illum
813 3596 963 3651 columnam
1016 3603 1093 3658 Tunc
1117 3597 1281 3656 venerabilis
1303 3597 1388 3655 abbas
1408 3598 1504 3655 Tiemo
1530 3613 1637 3654 novum
1658 3597 1787 3654 invasum

166 3694 195 3747 in
209 3691 306 3759 templo
319 3704 376 3744 mcc
392 3690 487 3759 (apoc.
502 3695 557 3754 ιιι).
573 3688 644 3743 Vicit
660 3690 734 3744 enlm
749 3688 883 3761 serpentis
895 3688 965 3745 anti-
1017 3701 1100 3765 atque
1122 3693 1280 3750 haereticum
1306 3690 1430 3765 lugiens,
1456 3706 1523 3748 vere
1545 3690 1614 3748 illud
1633 3688 1788 3764 apomelicn

167 3783 214 3857 qui
229 3782 416 3855 suggestiones
429 3782 458 3837 in
469 3797 499 3837 se
511 3781 571 3853 ipso
593 3800 600 3836 ε
617 3791 645 3838 et
656 3782 719 3838 ideo
738 3780 817 3838 fortis
835 3782 964 3839 columna
1017 3787 1095 3860 sequi
1110 3787 1222 3859 cupiens
1240 3804 1246 3843 :
1261 3789 1422 3844 Horcticcm
1435 3788 1567 3842 hominen
1583 3782 1788 3859 postprtsrml

168 3874 373 3933 effectuscstin
387 3874 557 3945 periclitante
567 3874 618 3930 Dei
634 3873 734 3931 domus
746 3874 874 3932 adillcic.
889 3875 963 3932 Vicit
1017 3881 1162 3938 secundam
1183 3883 1373 3952 eorreptionem
1395 3881 1501 3947 ‹lecito3
1522 3884 1600 3952 quta,
1622 3873 1789 3953 quiquam

167 3978 297 4036 terrores,
311 3976 339 4023 et
353 3974 560 4039 persecutorum
580 3966 710 4039 impetus,
726 3982 757 4022 ac
777 3966 891 4039 proinde
903 3982 963 4040 spe·
1019 3980 1067 4039 est,
1092 3976 1230 4031 socom
1248 3979 1297 4041 est,
1313 3980 1339 4030 et
1362 3977 1476 4045 proptio
1492 3974 1599 4044 judicio
1612 3974 1788 4032 mammas

166 4062 303 4120 ctsculum
321 4060 444 4118 condidit
461 4060 591 4116 omnilms
603 4059 760 4133 exemplum
779 4061 963 4134 magnanimi·
1019 4066 1086 4123 adiit
1110 4067 1261 4139 spiritualia
1290 4067 1433 4141 &maasia
1451 4064 1657 4124 monachorum
1679 4060 1789 4121 dchafiu·

169 4156 271 4213 tetiset
283 4154 493 4238 perseverantiae
505 4154 600 4211 decus.
617 4154 761 4210 Ferculum
780 4155 835 4211 veri
857 4154 963 4227 pacifici
982 4128 1139 4217 Csensium
1165 4176 1196 4216 ac
1223 4160 1465 4233 Hirsaugiensium
1493 4180 1500 4215 z
1526 4176 1650 4237 quorum
1668 4166 1789 4227 ubnmtll

168 4259 303 4322 tanquam
318 4256 446 4322 argentea
461 4247 589 4304 columna
610 4246 731 4304 srrflulsit
746 4249 868 4304 veritatis
883 4265 962 4306 sono·
1019 4263 1086 4310 tunc
1106 4255 1240 4326 temporis
1259 4252 1388 4327 perfectis
1410 4253 1531 4326 pollebat
1553 4236 1714 4321 coencbitis,
1733 4244 1788 4324 qul

169 4360 199 4400 ra
214 4342 399 4411 confessione,
414 4342 616 4399 etconstantiae
631 4343 729 4399 robore
750 4343 900 4412 immobili,
921 4359 965 4400 re·
1021 4357 1131 4421 pratum
1153 4346 1335 4415 odoriferum,
1351 4347 1463 4421 plenum
1484 4347 1609 4422 undiquc
1632 4347 1727 4405 areolis
1745 4354 1788 4399 are

168 4436 343 4495 cIInatorium
369 4451 484 4493 aureum
508 4436 536 4492 in
565 4451 594 4492 se
617 4435 734 4493 fidenter
761 4437 885 4493 innitenti
913 4438 966 4495 fuit
1021 4450 1129 4499 matum
1146 4461 1152 4496 :
1169 4458 1202 4498 ae
1216 4443 1307 4499 cuncti
1330 4441 1505 4499 advenientes
1525 4441 1706 4499 theoreticam
1728 4439 1788 4495 dun

155 4532 308 4597 ccclesia.
323 4531 373 4587 Cui
387 4546 553 4604 purpureum
570 4529 671 4587 deinde
686 4530 964 4604 praebuitsecensum,
1021 4535 1166 4607 dIIIgentes
1185 4537 1284 4609 jugum
1312 4536 1425 4593 Domini
1439 4551 1531 4604 suave,
1557 4544 1587 4593 ct
1601 4551 1673 4594 onus
1685 4530 1788 4609 ejuslttt

169 4626 278 4699 proprio
290 4626 422 4698 sanguine
436 4625 606 4683 rubricatam
624 4630 751 4691 sternens
770 4625 846 4683 viam
859 4624 893 4683 ad
912 4641 968 4683 coe·
1020 4632 1092 4698 (bec.
1112 4634 1157 4699 xi)
1175 4639 1287 4702 portare
1306 4632 1459 4703 cupientes,
1479 4637 1599 4703 utroque
1627 4630 1688 4687 loco
1703 4630 1787 4687 turae

169 4721 239 4776 lum.
259 4718 421 4775 Memoriam
443 4717 561 4790 possedit
576 4725 708 4775 aeternam
725 4716 753 4774 iu
766 4719 966 4793 compositione
1020 4735 1084 4780 runt
1097 4725 1308 4797 irtexpugnabile
1323 4726 1440 4798 asylum

170 4812 265 4870 odoris
289 4812 389 4884 optimi
414 4810 518 4868 iactam
543 4811 662 4869 coelestis
686 4827 770 4884 opere
789 4813 967 4886 pigmentarii
1055 4821 1135 4875 Tunc
1161 4818 1325 4892 evangelicis
1351 4817 1525 4875 documentis
1549 4818 1701 4874 instructus
1722 4808 1788 4871 cuti!

59 4948 69 4965 .
171 4907 263 4981 (dccli.
280 4911 372 4976 surr).
393 4908 467 4963 llam
479 4906 641 4979 gubernavit
658 4921 706 4964 ccr
717 4922 801 4964 suum
816 4908 851 4965 ad
863 4910 964 4978 Deum,
1020 4912 1184 4985 relinquens,
1202 4913 1232 4968 iu
1253 4912 1443 4985 llirsaugiansi
1462 4912 1586 4969 claustro
1602 4911 1735 4986 optimam
1746 4916 1788 4978 ptr·

170 5008 198 5057 et
215 5000 242 5057 in
256 5000 352 5059 diebus
367 4999 893 5074 peccatorumcorroboravitpietatem.
1020 5015 1076 5065 tem
1095 5008 1207 5081 elfgens,
1230 5007 1264 5064 ad
1289 5007 1374 5079 pedes
1394 5005 1507 5062 Domini
1531 5022 1599 5063 cum
1617 5006 1703 5062 ilaris
1721 4997 1790 5060 seim

207 5097 260 5153 Hic
274 5096 366 5167 itaque
381 5094 512 5151 electione
527 5095 576 5150 Dei
591 5095 780 5167 dignissimus,
794 5094 850 5151 alto
868 5111 967 5169 genere
1021 5101 1137 5157 verbum
1152 5101 1225 5156 illius
1236 5100 1349 5156 audieus
1365 5104 1440 5166 (Luc.
1456 5100 1501 5169 ι),
1517 5098 1551 5155 ad
1559 5098 1702 5171 amplexus
1714 5084 1789 5154 preld

171 5188 351 5244 bavariorum
366 5187 467 5244 exstitit
481 5186 624 5245 oriundus.
640 5189 722 5259 Quia
739 5189 870 5261 primaeva
885 5199 967 5247 aetate
1020 5194 1186 5266 quandoque
1197 5194 1337 5265 pervenire
1349 5193 1464 5265 cupiens
1475 5195 1551 5264 (Gen.
1565 5193 1671 5265 xxvxi,
1680 5182 1789 5249 cumilii

170 5282 199 5338 in
210 5281 388 5349 monasterio,
406 5280 481 5352 quod
501 5280 603 5337 dicitur
617 5282 717 5338 altaha
727 5284 888 5340 monasticae
904 5284 967 5341 vitae
1020 5287 1120 5359 quibus
1134 5296 1194 5343 erat
1204 5303 1253 5343 cor
1267 5303 1365 5357 unum,
1381 5296 1409 5343 et
1423 5287 1515 5343 anima
1533 5302 1587 5343 uns
1603 5290 1679 5355 (Act.
1692 5271 1789 5353 ruitil

170 5373 288 5447 diligens
301 5373 511 5447 jucunditatem,
531 5373 624 5447 ibique
643 5374 740 5431 diatim
755 5378 867 5444 (dietim)
883 5377 966 5450 prod-
1021 5380 1088 5436 nibil
1111 5381 1258 5448 habebant,
1281 5389 1309 5437 et
1323 5381 1414 5438 omnia
1428 5381 1621 5454 possidebant,
1639 5381 1790 5439 commun!

171 5470 247 5526 ciens
263 5468 389 5526 escendit
406 5468 441 5525 de
456 5469 558 5526 virtute
572 5469 603 5525 in
616 5470 757 5526 virtutem.
773 5472 805 5527 ln
820 5474 966 5531 Jtrvaveusi
1022 5474 1105 5531 vitam
1126 5475 1231 5547 aliquot
1243 5491 1333 5532 anuos
1354 5476 1487 5548 transegit
1509 5493 1517 5530 τ
1538 5474 1634 5549 sicque
1654 5461 1790 5532 demun'·

171 5577 237 5634 ergo
247 5562 402 5635 episcopatu
415 5562 562 5635 cujusdam
571 5565 733 5620 monasterii
749 5566 829 5621 Pater
842 5566 911 5625 adeo
922 5567 965 5622 in·
980 5536 1007 5599 Ῑ)
1021 5565 1154 5638 spirituali
1181 5567 1323 5640 disciplina
1346 5570 1488 5638 adauctus,
1512 5568 1666 5627 honorifice
1691 5556 1791 5641 reptlr'*

172 5655 277 5714 validus
296 5655 411 5726 cestim,
427 5665 459 5713 ut
478 5672 655 5730 nequaquam
665 5658 745 5730 juxta
766 5661 890 5731 apostoli
910 5676 968 5719 vcr·
1022 5662 1069 5719 vit.
1098 5664 1185 5733 Quem
1206 5663 1314 5720 invasor
1348 5664 1479 5722 nectale
1506 5664 1675 5723 lutevensis
1703 5647 1792 5723 M

176 5876 178 5881 Ι
209 5812 281 5877 (lte)
291 5807 449 5867 bertoldus.
463 5808 533 5867 Vide
545 5809 723 5881 metropolim
736 5809 839 5867 liundii
853 5813 882 5871 in
894 5815 1022 5889 catalogo
1037 5816 1123 5887 ephe.
1137 5815 1287 5888 salisburg.
1304 5816 1347 5872 tit.
1365 5822 1393 5872 t.
