3870 6164
631 293 813 352 concinui
831 262 998 353 somnus
1014 295 1057 352 ιιι.

439 563 775 658 concinium
814 565 1114 659 ROMANUM
1155 566 1249 678 ΙΙΙ,

128 729 275 807 Henrleus
300 743 353 788 ten
378 726 558 804 Germanice,
584 726 753 810 Siqesridus
779 730 993 807 dfopnntinns,
1022 729 1191 789 wilielmus
1216 728 1427 811 Traiectemis,
1452 734 1481 791 et
1505 727 1654 793 liebertus

323 807 552 897 Bumderpensis
566 813 694 890 episcopi
712 814 1022 885 excommunicantur,
1039 827 1120 874 cuno
1140 807 1262 873 Domini
1278 811 1369 875 ffl'l'l.

645 943 769 1014 (Manet,
779 943 879 1005 doncil.
895 945 963 1008 XX,
977 945 1055 1015 tut.)

745 1088 952 1107 su—-u--n--v

116 1193 180 1250 roab
193 1196 385 1253 incarnatione
397 1198 664 1255 Dominimiiiesimo
678 1205 821 1272 sepmage
835 1203 861 1269 Α
878 1198 1042 1265 (imbertum
1057 1199 1092 1256 de
1101 1199 1251 1270 Belloioco)
1264 1207 1376 1272 propter
1398 1197 1585 1256 infestationes
1596 1200 1671 1272 Lug·

116 1287 300 1361 minto,indict
317 1291 821 1364 xiv,celebravitipseliitidominus
871 1292 1006 1351 dunensis
1017 1292 1163 1362 Ecclesiam
1179 1292 1343 1350 Podiensem
1365 1293 1566 1362 simoniacum,
1580 1291 1673 1350 homi-

116 1381 174 1438 rius
188 1398 255 1455 papa
267 1387 367 1442 Romae
380 1385 520 1458 synodum
535 1385 564 1442 in
577 1386 692 1444 ecclesia
706 1386 820 1444 Domini
872 1386 963 1445 eidam
983 1385 1165 1460 Stephanum,
1181 1387 1312 1445 sciliceta
1326 1385 1424 1461 legatis
1437 1389 1541 1445 nostris
1560 1402 1672 1444 excom-

115 1477 180 1546 oris,
194 1492 256 1549 quae
270 1478 494 1536 Constantiniana
508 1479 620 1550 dicitur,
636 1479 682 1538 ubi
694 1479 821 1538 interfuit
873 1482 1051 1550 manicatum,
1076 1489 1104 1538 et
1129 1480 1260 1538 Pontium
1287 1480 1589 1553 Gratianopolitanum,
1604 1496 1672 1554 quo·

116 1584 212 1642 porum
227 1578 255 1627 et
272 1571 416 1641 abbatum,
437 1581 520 1646 atque
532 1571 633 1630 diversi
651 1572 753 1630 ordinis
767 1573 821 1631 cle·
873 1591 958 1649 usque
990 1575 1144 1647 resipiscat,
1175 1574 1467 1643 excommunicamus,
1486 1582 1515 1631 et
1547 1588 1579 1631 ea
1607 1588 1671 1646 quta

116 1678 142 1718 m
161 1671 188 1719 et
215 1663 349 1722 laicorum
373 1667 464 1738 copia,
483 1666 512 1723 in
536 1683 600 1740 qua,
619 1668 692 1724 inter
719 1674 819 1725 caetera
872 1669 981 1728 Diensis
1003 1669 1146 1743 episcopus
1173 1668 1202 1725 in
1234 1668 1392 1741 episcopatu
1411 1667 1507 1724 Diensi
1533 1665 1567 1723 de
1592 1666 1668 1723 deci-
1726 1710 1729 1715 .

146 1773 207 1830 quae
228 1758 268 1814 ibi
282 1767 361 1831 gesta
376 1767 451 1828 sunt,
475 1761 728 1819 excommunicavit
745 1763 820 1835 Sige-
872 1764 972 1821 miset
991 1763 1120 1836 primitiis
1143 1771 1172 1819 et
1187 1760 1316 1819 Ecclesiis
1336 1761 1410 1829 iecit,
1434 1769 1464 1818 et
1489 1768 1587 1817 caetera
1609 1775 1672 1832 qum

116 1853 336 1924 rMogtmtinum
358 1854 600 1927 archiepiscopum
618 1855 647 1912 in
668 1855 741 1912 hunc
754 1871 819 1912 mo·
872 1858 900 1914 in
925 1857 1061 1930 legatione
1096 1865 1191 1914 nostra
1219 1855 1329 1923 statuit,
1362 1869 1414 1913 nos
1441 1869 1552 1930 quoque
1573 1852 1672 1910 confir·

123 1943 291 2017 sigefridum
303 1948 759 2021 Moguntinumarchiepiscopum,
772 1950 818 2023 qui
872 1966 980 2009 manus.
1497 2006 1501 2011 .

116 2048 188 2095 nest
201 2040 345 2114 episcopos
360 2050 443 2114 atque
457 2042 570 2100 abbates
588 2043 664 2115 regni
684 2044 818 2101 Teutoni·
930 2050 1175 2105 Euoommunioutio
1188 2047 1301 2104 ilenrici
1313 2045 1382 2114 repis
1395 2044 1608 2102 Teutonicorum.

116 2144 250 2191 ,asancta
260 2138 386 2193 Romana
398 2137 531 2206 Ecclesia,
544 2136 671 2194 videlicet
681 2137 818 2210 spirituaii
906 2143 990 2198 Beate
1001 2143 1081 2198 Petra
1095 2141 1286 2214 apostolorum
1311 2137 1447 2210 pmnceps,
1463 2137 1576 2206 inclina,
1592 2153 1670 2209 quae·

123 2243 182 2296 sua,
195 2228 439 2303 scindere,judieio
454 2230 543 2287 sancti
553 2231 673 2303 Spiritus
688 2239 716 2288 et
727 2239 819 2289 aucto·
871 2249 979 2305 sumus,
993 2236 1053 2308 pias
1068 2250 1150 2292 aures
1164 2242 1227 2290 tuas
1241 2231 1331 2300 nobis,
1356 2239 1384 2287 et
1404 2230 1469 2287 audi
1493 2246 1539 2288 me
1562 2246 1671 2288 servum

116 2321 260 2379 beatorum
275 2324 462 2396 apostolorum
476 2324 550 2381 Petri
561 2333 589 2381 et
598 2325 678 2382 Pauli
692 2325 727 2382 eb
741 2325 818 2382 omni
871 2336 951 2386 tuum
965 2344 1053 2402 quem
1067 2327 1226 2385 abinfantia
1245 2326 1370 2396 nutristi,
1398 2334 1425 2382 et
1438 2340 1525 2398 usque
1542 2323 1577 2381 ad
1596 2324 1671 2382 hune

116 2415 165 2489 pali
189 2416 281 2473 officio
310 2417 519 2490 suspendimus,
542 2426 570 2475 et
588 2435 604 2475 e
624 2419 818 2476 communione
871 2421 995 2479 diemde
1011 2438 1098 2479 manu
1113 2423 1273 2496 iniquorum
1288 2418 1422 2487 liberasti,
1436 2418 1483 2491 qui
1498 2434 1542 2475 me
1556 2434 1607 2491 pro
1621 2426 1669 2476 tua

116 2509 144 2567 is
154 2518 183 2566 et
195 2510 336 2584 sanguinis
352 2513 464 2569 Domini
478 2528 648 2584 separamus,
670 2513 724 2569 nisi
742 2511 816 2570 forte
871 2514 1001 2574 fidelitate
1019 2514 1139 2573 oderunt
1152 2525 1181 2573 et
1192 2505 1298 2572 odiunt.
1314 2512 1433 2570 'fumihi
1444 2513 1521 2568 testis
1533 2527 1572 2580 es,
1586 2512 1668 2569 etde

116 2605 280 2678 ipericulum
303 2607 488 2677 superveniat,
507 2607 545 2663 ita
560 2615 654 2663 tamen
676 2615 707 2663 ut
727 2608 813 2679 poeni·
830 2578 853 2642 B
872 2609 946 2666 mina
964 2624 1028 2666 mea
1046 2616 1133 2666 mater
1158 2608 1220 2677 Dei,
1234 2616 1261 2664 et
1281 2609 1315 2664 B.
1339 2607 1440 2663 Paulus
1454 2604 1538 2662 frater
1553 2614 1628 2676 tuus,
1640 2611 1669 2663 et

133 2697 232 2755 ductus
261 2698 411 2770 resipiscat.
444 2701 566 2756 caeteros
600 2714 665 2756 vero
699 2701 745 2773 qui
771 2716 819 2757 sua
872 2718 967 2760 omnes
981 2704 1079 2773 sancti,
1095 2701 1170 2775 quod
1183 2710 1231 2758 tua
1250 2708 1343 2757 sancte
1354 2703 1479 2757 Romana
1490 2699 1613 2756 Ecclesia
1627 2716 1672 2757 me

116 2818 117 2841 ι
137 2796 196 2864 ejus
218 2791 359 2849 schismati
373 2793 569 2851 consentiendo
585 2792 818 2865 subscripserunt,
873 2796 988 2852 insitum
1001 2794 1038 2854 ad
1056 2812 1104 2852 sua
1123 2795 1307 2868 gubernacula
1320 2793 1413 2857 traxit,
1425 2801 1454 2849 et
1467 2807 1518 2865 ego
1530 2808 1587 2848 non
1600 2792 1671 2865 rapi·

121 2901 155 2944 ea
173 2886 319 2958 iniquitate
341 2887 490 2959 perdurare
510 2886 617 2957 volunt,
635 2887 763 2944 similiter
782 2889 818 2945 ab
872 2906 935 2947 nam
949 2889 1096 2966 arbitratus
1109 2904 1172 2946 sum
1185 2887 1218 2945 ad
1238 2886 1333 2943 sedem
1345 2894 1424 2942 tuam
1440 2883 1598 2953 ascendere,
1615 2901 1667 2959 po·

122 2980 270 3053 episcopali
308 2980 401 3037 officio
434 2980 638 3054 suspendimus.
657 2981 727 3039 ‘illos
752 2997 817 3039 vero
872 2985 981 3058 tiusque
995 2983 1070 3040 volui
1088 2983 1173 3040 sitam
1198 2995 1289 3037 meam
1302 2980 1332 3036 in
1349 2979 1668 3052 peregrinatianednire,

116 3090 146 3130 us
166 3083 263 3148 sponte
286 3083 494 3145 consenserunt,
519 3090 606 3148 usque
628 3075 663 3133 ad
681 3074 816 3133 festivita·
872 3092 954 3151 quam
966 3077 1057 3134 iocum
1070 3085 1151 3133 tuum
1172 3090 1224 3149 pro
1241 3074 1326 3148 gioria
1342 3071 1439 3130 mundi
1453 3072 1574 3130 malari
1590 3073 1669 3146 inqe-

116 3167 185 3225 ancti
205 3168 279 3225 Petri
300 3166 468 3238 sufferimus,
492 3185 525 3225 eo
548 3169 659 3242 quidem
680 3179 815 3243 respectu,
871 3171 1061 3244 nicarripere3
1072 3179 1100 3227 et
1114 3170 1177 3227 ideo
1192 3185 1225 3226 ex
1239 3177 1286 3225 tua
1297 3167 1393 3242 gratia,
1408 3182 1505 3223 nones
1518 3166 1591 3223 meis
1603 3183 1670 3239 ope-

121 3260 195 3320 infra
220 3262 306 3319 istum
326 3262 480 3319 terminum
498 3261 629 3319 idoneam
652 3271 700 3319 aut
719 3279 766 3336 per
784 3278 818 3321 ‘se
871 3265 957 3334 ribus,
972 3264 1054 3321 credo
1072 3263 1147 3338 quod
1167 3263 1216 3319 tibi
1232 3262 1331 3335 plectit
1344 3269 1372 3318 et
1389 3261 1487 3333 piacet,
1504 3269 1536 3317 ut
1551 3261 1669 3333 populus

116 3371 139 3411 er
158 3356 270 3412 nuntios
289 3372 354 3413 suos
368 3355 582 3413 satisfactionem
597 3357 751 3428 praesentiae
763 3373 818 3413 no·
871 3358 1042 3416 Christianus
1061 3357 1110 3414 tibi
1136 3356 1292 3430 specialiter
1321 3354 1486 3411 commissus
1508 3353 1575 3411 mihi
1603 3352 1669 3411 ohe·

117 3464 156 3506 on
169 3447 329 3520 obtulerint,
345 3448 493 3523 episcopali
512 3449 640 3523 deinceps
653 3448 746 3507 officio
759 3451 817 3523 pri·
871 3453 939 3520 diat,
958 3451 1110 3524 specialiter
1122 3466 1173 3524 pro
1190 3450 1236 3524 [fn
1252 3449 1322 3518 vice,
1342 3452 1381 3504 sic
1396 3454 1421 3504 et
1441 3451 1472 3504 in
1485 3446 1599 3522 Euboi
1614 3448 1669 3504 vita

871 3555 918 3602 tua
929 3545 998 3601 mihi
1009 3545 1168 3613 commissa,
1182 3551 1210 3599 et
1225 3541 1291 3599 mihi
1303 3550 1350 3598 tua
1365 3542 1453 3615 gratia
1466 3551 1508 3598 est
1516 3549 1640 3615 potestas
1653 3556 1670 3598 a
1719 3567 1721 3571 r
1830 3576 1834 3583 ·

116 3639 331 3692 ceommuniculio
346 3641 530 3708 episcoporum
544 3635 751 3706 Lonqodardiae.
872 3642 931 3696 Deo
945 3640 1011 3696 data
1023 3637 1123 3712 ligandi
1134 3645 1215 3710 atque
1232 3634 1357 3693 solvendi
1370 3635 1399 3692 in
1413 3635 1482 3692 coelo
1500 3643 1528 3692 et
1541 3635 1570 3691 in
1583 3642 1666 3692 terra.

116 3745 202 3803 scopos
211 3728 421 3803 Langobardiae,
445 3729 501 3802 qui,
529 3737 618 3802 spreta
637 3730 771 3786 canonica
789 3737 817 3786 et
871 3734 930 3789 Hac
952 3734 1045 3804 itaque
1065 3730 1165 3788 fiducia
1180 3729 1266 3787 fretus
1281 3745 1329 3801 pro
1346 3729 1471 3786 Ecclesiae
1494 3736 1551 3787 tuae
1563 3727 1669 3785 honore

117 3825 168 3881 lica
180 3824 356 3893 auctoritate,
374 3833 468 3882 contra
491 3824 603 3881 beatum
624 3824 736 3880 Petrum
750 3839 816 3896 apo·
870 3834 897 3884 et
909 3824 1082 3892 defensione,
1102 3840 1135 3881 ex
1147 3822 1430 3897 parteomnipotentis
1455 3822 1507 3878 Dei
1530 3823 1619 3878 Patris
1641 3831 1670 3879 et

116 3935 156 3975 rm
175 3918 327 3991 principem
348 3927 555 3974 sacramentum
579 3918 815 3991 conspiraverunt,
831 3933 853 3995 (j
869 3919 928 3977 Filii
945 3927 973 3975 et
995 3919 1110 3992 Spiritus
1124 3919 1224 3982 sancti,
1239 3933 1287 3990 per
1305 3925 1384 3973 tuam
1399 3922 1565 3987 potestatem
1579 3923 1607 3972 et
1622 3930 1670 3973 au·

116 4012 183 4069 itate
206 4011 331 4085 ejusdcm
349 4011 421 4068 beati
436 4012 509 4068 Petri
524 4012 559 4067 ab
573 4011 648 4068 omni
669 4011 815 4084 episcopali
870 4014 1036 4080 ctoritatem,
1055 4012 1177 4068 Henrico
1202 4010 1260 4083 regi
1276 4010 1333 4066 filio
1352 4009 1465 4066 Hemici
1481 4005 1667 4080 imperatoris,

122 4104 327 4179 suspendimus,
339 4104 596 4162 etaoommunione
609 4113 714 4161 sancte
724 4105 817 4161 Eccie·
869 4107 916 4180 qni
929 4115 1024 4163 contra
1034 4115 1110 4162 tuam
1122 4104 1273 4161 Ecclesiam
1286 4101 1409 4160 inaudita
1425 4101 1567 4175 surperbia
1581 4102 1668 4158 insur-

116 4215 251 4274 paramus.
869 4201 949 4266 rexit,
964 4199 1049 4257 totius
1062 4199 1138 4272 regni
1156 4198 1373 4255 Teutonicorum
1386 4204 1414 4253 et
1435 4194 1521 4253 ltaiiae
1535 4194 1668 4269 guberna·

116 4297 305 4351 ommuniculio
314 4297 494 4366 episcoporum
506 4294 779 4349 ultramontanorum.
870 4294 929 4349 cuia
949 4291 1118 4360 conuadicu,
1135 4298 1163 4347 et
1176 4306 1273 4348 amnes
1285 4289 1484 4348 Christianosa
1504 4289 1611 4346 dneuio
1619 4289 1666 4363 ju·

116 4388 240 4446 thensem
263 4389 421 4461 episcopum
444 4386 732 4459 berengariumque
748 4386 816 4458 (qui)
868 4386 996 4454 rumenti,
1016 4384 1094 4458 'quod
1114 4383 1168 4440 sibi
1187 4383 1277 4440 fecere
1298 4384 1339 4439 sei
1360 4383 1477 4448 facient,
1496 4381 1618 4452 absolvo,
1632 4390 1668 4463 'et

116 4483 192 4540 nensi
216 4482 343 4556 episcopo
362 4481 601 4538 excommunicato
624 4479 816 4536 communica·
870 4487 901 4537 ut
918 4479 1009 4536 nuilus
1028 4478 1055 4536 ei
1072 4477 1142 4535 sicut
1159 4477 1217 4550 regi
1238 4475 1349 4548 serviat,
1378 4474 1521 4531 interdico.
1542 4474 1667 4546 Dignum
1747 4544 1750 4549 Ι
1803 4482 1809 4489 ’

128 4578 200 4635 vices
219 4575 449 4650 episcopalesque
468 4574 514 4631 iilo
529 4573 604 4642 fecit,
627 4573 817 4630 exeommuni·
870 4573 994 4631 estenim
1006 4573 1092 4645 utqui
1107 4571 1200 4628 studet
1213 4570 1348 4627 honorem
1365 4567 1494 4624 Ecclesiae
1507 4566 1667 4625 tumimmi-

117 4713 124 4729 .
141 4672 326 4728 Viennensem
341 4668 499 4742 episcopum
517 4667 720 4725 Herimannum
741 4667 817 4739 juste
869 4682 965 4736 nuere,
980 4667 1037 4740 ipse
1056 4665 1192 4722 honorem
1207 4663 1318 4721 amittat
1330 4678 1415 4736 quem
1433 4660 1541 4719 videtur
1555 4660 1665 4720 habere.

116 4775 175 4822 tum
210 4780 258 4837 pro
290 4763 423 4829 Simonis,
445 4762 582 4834 perjuriis,
615 4762 765 4834 sacrilegiis
788 4770 817 4819 et
869 4764 904 4818 Et
916 4760 979 4833 quia
988 4760 1059 4817 sicut
1069 4758 1242 4816 Christianus
1253 4755 1420 4829 contempsit
1430 4753 1554 4824 obedire,
1567 4771 1618 4812 uec
1632 4755 1667 4813 ad

116 4861 173 4929 sia,
200 4859 264 4932 quia
284 4859 466 4914 Viennensem
497 4855 650 4912 Ecclesiam
684 4854 816 4912 infestare
868 4854 1025 4930 Dominum
1035 4852 1116 4910 rediit
1127 4867 1210 4925 quem
1224 4849 1340 4919 dimisit,
1353 4848 1541 4923 participando
1555 4865 1667 4907 excom·

116 4954 207 5024 esistit,
225 4952 515 5009 excommunicamus:
530 4948 695 5006 ctEcciesiis
707 4952 816 5007 Roma·
869 4947 1026 5016 munientis,
1047 4961 1162 5016 meaque
1178 4945 1293 5014 monita,
1313 4960 1375 5016 quae
1386 4960 1436 5017 pro
1451 4960 1499 5001 sua
1515 4945 1603 5001 sainte
1615 4942 1666 5001 sibi

122 5056 149 5105 et
172 5049 264 5105 Sancti
289 5046 388 5102 irenaei
402 5044 590 5117 Lugdunensi,
610 5059 754 5116 quousque
770 5058 816 5101 eas
869 5042 945 5109 misi,
964 5050 991 5098 te
1011 5049 1090 5112 teste,
1115 5040 1281 5113 spernendo,
1306 5055 1388 5112 seque
1411 5038 1446 5094 ah
1471 5038 1588 5094 Ecclesia
1606 5046 1665 5107 tua,

116 5143 203 5208 irent,
218 5141 343 5198 divinum
355 5138 546 5196 interdicimus
558 5137 691 5196 officium.
704 5136 817 5194 Deside-
869 5144 977 5194 tentans
990 5150 1052 5192 eam
1067 5133 1201 5199 scindere,
1218 5133 1382 5206 separando,
1395 5132 1504 5188 vinculo
1523 5146 1586 5188 eum
1600 5145 1665 5187 ana·

116 5245 141 5293 et
154 5234 327 5294 Romanenis
346 5233 473 5291 Ecclesia
496 5232 618 5301 ciericos,
639 5232 687 5304 qui
711 5232 816 5304 reguia—
870 5230 999 5287 thematis
1017 5230 1130 5285 nicetus
1142 5228 1233 5300 alligo,
1249 5235 1278 5283 et
1292 5227 1399 5283 siceum
1410 5241 1442 5282 cx
1457 5225 1555 5281 fidncia
1569 5232 1615 5280 tua
1630 5223 1668 5280 ai·

116 5337 197 5386 istros
217 5329 251 5385 ab
275 5343 306 5384 ea
327 5327 499 5400 expulerunt,
520 5335 548 5382 et
569 5326 815 5383 excommunicatis
830 5318 854 5381 b
871 5324 937 5398 ligo,
950 5332 981 5380 ut
994 5324 1083 5381 sciant
1101 5329 1210 5395 gentes.
1225 5309 1516 5394 etcomprobentquia
1532 5325 1563 5374 tu
1576 5332 1604 5373 es
1615 5319 1666 5373 Pe·

116 5424 302 5491 uuicaverunt,
318 5421 390 5489 inde,
404 5421 491 5478 donec
511 5419 688 5490 satisfaciant,
703 5435 817 5477 excom·
870 5426 943 5487 trus,
954 5425 983 5474 et
993 5433 1075 5491 super
1087 5422 1164 5473 tuam
1175 5425 1280 5488 petram
1295 5415 1381 5472 Filius
1396 5413 1447 5469 Dei
1460 5412 1513 5468 sivi
1525 5409 1668 5468 edificavit

116 5533 207 5575 amus.
222 5515 358 5574 abbatem
371 5515 463 5572 Sancti
478 5514 576 5589 AEgidii
587 5514 725 5585 similiter,
737 5522 817 5570 etco-
871 5512 1031 5581 Ecclesiam,
1041 5519 1070 5568 et
1079 5520 1167 5584 portae
1178 5509 1260 5568 inferi
1273 5525 1330 5566 non
1341 5505 1526 5581 prevalebunt
1537 5502 1667 5562 adversus

116 5633 119 5668 ι
139 5611 225 5670 sancti
250 5609 358 5683 aegidii,
385 5600 498 5682 propter
525 5608 767 5681 consanguineam,
790 5616 816 5664 et
871 5608 1051 5678 eamffluttli.
1068 5605 1146 5676 xvi).

116 5708 337 5774 antiocensem,
359 5711 387 5761 et
409 5703 578 5761 Umbertum
602 5702 637 5762 de
659 5702 815 5775 Bellogioco

116 5864 132 5927 ι)
141 5859 173 5918 in
187 5856 250 5918 eod.
267 5856 369 5917 diutia.
382 5855 460 5914 deest
469 5855 603 5916 domium.
