3870 6164
224 289 292 344 1203

726 287 773 342 All
791 285 905 341 OPERA
924 285 952 341 S.
973 285 1134 343 GREGOllll
1153 280 1372 342 aeeauutcas

1816 279 1871 334 stoi

223 421 279 479 tur,
294 413 395 468 erroris
407 411 485 481 plena
497 407 669 480 reprobatur,
685 416 714 464 et
735 409 907 477 Theodorus,
923 426 1017 480 perso·
1031 416 1058 479 Α
1071 426 1177 482 grense,
1202 407 1415 472 Aritiocbenum,
1431 392 1613 470 laodicense,
1630 399 1810 457 sardicense.
1830 407 1870 457 ln

223 522 288 560 nam
302 503 458 559 blediatoris
472 503 521 558 Dei
532 511 560 557 et
573 501 718 557 hominum
732 503 759 557 in
774 502 879 558 duabus
893 504 1020 559 substan·

225 599 269 654 tiis
299 612 435 669 separans,
465 595 501 651 ad
531 595 680 666 impietatis
716 594 857 666 perfidiam
891 595 1021 652 cecidisse

225 689 405 746 convincitur.
416 690 521 761 Scripta
531 705 641 761 quoque
650 688 814 744 Theoderici
822 686 1021 761 [Theodoretil

224 798 272 855 per
286 798 348 855 quae
357 785 388 837 Β.
406 782 497 855 cyrilli
512 781 579 838 tides
591 780 811 853 reprehenditur,
825 798 894 838 ausu
903 781 1023 837 inviden-

224 877 270 933 tiae
285 877 388 948 prolata
401 873 566 932 refutantur.
582 877 701 933 Cunctas
714 891 779 931 vero
798 891 929 947 personas
955 892 1023 948 quas

225 969 337 1041 praelata
363 970 517 1025 veneranda
541 969 653 1025 eoncilia
673 978 806 1040 respuunt
825 985 934 1040 respuo,
957 985 1025 1040 quas

226 1072 391 1120 veneramur
420 1063 580 1134 amplector,
602 1062 677 1132 quia,
707 1060 773 1117 dum
789 1062 934 1118 uniuersali
957 1078 1024 1118 con·

226 1172 308 1213 seusu
325 1165 391 1213 suut
404 1157 563 1224 constituta,
578 1170 616 1221 se,
632 1162 659 1209 et
672 1170 727 1210 non
748 1154 803 1222 illa,
819 1155 932 1211 destruit
948 1156 1024 1228 quis·

228 1251 290 1323 quis
314 1250 455 1320 praesumit
475 1257 522 1304 aut
540 1249 645 1305 solvere
669 1262 739 1320 ques
762 1247 847 1320 ligant
869 1259 917 1304 aut
942 1249 1025 1321 ligare

228 1360 299 1416 quos
313 1343 432 1399 solvunt.
450 1342 579 1414 Quisquis
593 1357 657 1414 ergo
680 1342 753 1398 aliud
775 1344 863 1414 sapit,
881 1342 1025 1399 anatliema

228 1438 273 1495 oli.
291 1461 304 1486 ι

263 1533 444 1603 Nequaquam
470 1538 563 1590 autem
583 1529 695 1585 illorum
716 1537 833 1601 quatuor
850 1531 1027 1586 conciliorum

229 1624 416 1681 excellentiam
430 1625 468 1679 ita
482 1622 631 1695 praedicare
649 1621 794 1689 debemus,
811 1630 841 1678 ut
855 1623 1026 1694 reliquorum

1075 519 1209 575 syranum
1231 499 1380 555 concilium
1401 506 1465 553 ante
1487 497 1638 552 llieaenum
1661 492 1755 550 fuisse
1777 495 1871 566 legitar;

1076 596 1132 663 sed,
1165 603 1277 666 propter
1300 594 1438 648 minorem
1464 591 1667 647 annositatem
1695 587 1722 643 ei
1749 588 1778 641 in
1796 588 1873 643 ordine

1074 689 1254 762 supponitur,
1271 688 1299 743 in
1312 700 1368 758 quo
1385 687 1476 739 Patres
1489 699 1570 740 xvsti
1588 690 1764 738 statuerunt
1775 698 1873 739 canorus

1076 799 1163 851 xxiv,
1185 797 1304 855 quorum
1324 787 1420 836 auctor
1438 779 1558 834 manime
1580 776 1686 833 vitalis
1702 775 1875 835 Antiocheno

1076 880 1219 950 episeopus
1240 874 1341 931 dicitur
1362 872 1456 929 luisse.
1478 873 1724 928 Neocasareense
1748 870 1876 926 coneiiiun

1078 979 1141 1043 post
1156 977 1342 1042 ancyranum,
1356 967 1401 1022 sed
1418 974 1480 1022 ante
1491 966 1641 1022 llicaenun·
1660 961 1756 1018 fuisse
1769 963 1877 1031 traditan

1077 1067 1107 1123 in
1117 1081 1172 1137 quo
1185 1068 1277 1121 Patres
1289 1077 1500 1120 urrrroanones
1513 1076 1571 1117 xrv
1581 1068 1764 1126 statuerumt,
1778 1075 1875 1131 quomo

1079 1168 1175 1216 auctor
1190 1158 1309 1215 maxime
1324 1156 1376 1212 luit
1398 1155 1494 1211 Vitalis
1515 1154 1706 1210 Salaminius.
1736 1155 1875 1226 Gangerae

1079 1253 1224 1313 concilium
1239 1260 1301 1323 post
1318 1252 1463 1307 Nicaenum
1481 1249 1569 1305 fuisse
1584 1248 1712 1322 legitur;
1730 1247 1758 1303 iu
1777 1263 1827 1320 que
1839 1248 1875 1302 le

1079 1358 1135 1404 tres
1161 1362 1203 1403 xv
1216 1360 1335 1402 oenones
1358 1360 1401 1401 xx
1425 1350 1581 1398 statuemnt
1606 1348 1733 1414 propter
1762 1339 1874 1412 quenda·

1080 1439 1276 1497 ecclesiasticas
1299 1437 1484 1501 necessitates,
1511 1436 1641 1490 maxime
1668 1442 1772 1490 contra
1795 1435 1873 1490 Eustr-

1082 1536 1155 1591 sium
1168 1531 1375 1601 [Eustathium],
1391 1529 1437 1602 qui
1451 1528 1561 1585 dicebat
1584 1528 1667 1601 quod
1694 1530 1787 1584 nullus
1799 1530 1873 1600 mniu-

1080 1636 1167 1700 gatue,
1184 1626 1225 1682 vel
1246 1627 1294 1698 qni
1317 1625 1374 1682 suis
1387 1622 1518 1680 omnibus
1541 1639 1598 1678 non
1615 1622 1807 1688 renuntiaret,
1818 1636 1875 1694 spru

230 1717 388 1774 auctoritati
398 1717 427 1771 in
442 1715 496 1772 hoc
517 1715 713 1788 quoquomodo
732 1716 953 1786 praescribamus,
968 1716 1027 1773 illo
1081 1723 1153 1794 apud
1174 1725 1262 1777 Deum
1287 1718 1386 1775 habere
1402 1726 1501 1789 posset,
1523 1726 1552 1771 et
1568 1717 1624 1771 alia
1648 1715 1814 1789 hujusmodi
1831 1717 1873 1770 bls-

229 1827 304 1877 rum,
318 1811 442 1884 iuquam,
453 1825 515 1882 quae
526 1810 624 1867 eodem
643 1808 727 1865 modo
742 1819 769 1864 et
784 1810 975 1866 uniuersaliter
984 1811 1025 1865 iu·
1044 1822 1068 1883 Β
1082 1816 1204 1889 sphema.
1219 1811 1456 1868 antiochenensis
1468 1808 1876 1866 encaeniisAntioelriaelactnu
1922 1802 1925 1813 '

229 1904 334 1972 stitute,
346 1912 373 1959 et
387 1903 534 1975 apostolica
553 1904 713 1959 auctoritate
727 1903 890 1958 confirmata
904 1919 960 1958 non
974 1902 1026 1959 du-
1081 1917 1136 1975 κη
1163 1908 1192 1962 in
1222 1922 1278 1979 qno
1296 1908 1390 1961 Patres
1413 1921 1474 1961 m
1498 1919 1623 1960 canones
1641 1918 1712 1959 xxv
1735 1911 1876 1969 statuemur,

231 1997 360 2053 siranus.
377 1998 458 2063 uam,
473 1997 535 2067 quia
550 1996 704 2068 antiquitus
725 1995 946 2066 patriarchatus
960 2012 1027 2068 qua·
1081 2020 1199 2076 quorum
1215 2011 1312 2058 auctor
1331 2000 1383 2056 intr
1397 2000 1531 2055 uiuamus
1550 1998 1728 2055 eataesunns
1749 1998 1876 2070 episeopus.

231 2098 295 2145 tuor
308 2087 504 2144 tantummodo
517 2089 545 2143 in
558 2088 613 2143 suis
632 2087 770 2160 synodicis
783 2104 811 2144 se
826 2089 949 2144 venerari
963 2105 1027 2160 pro·
1081 2097 1252 2154 Laodicense
1276 2095 1434 2158 concilium,
1450 2093 1476 2148 in
1491 2109 1546 2164 quo
1565 2095 1670 2147 Patres
1696 2108 1769 2148 xxn
1783 2105 1878 2147 moeurs

156 2174 164 2184 ’
231 2183 326 2238 testati
341 2189 415 2247 sunt,
430 2182 587 2237 nullatenus
599 2180 652 2237 hoe
666 2182 695 2236 in
707 2189 899 2252 contemptum
916 2181 1034 2253 reliquo
1088 2208 1140 2249 ux
1161 2193 1325 2257 statuerunt,
1341 2203 1460 2260 quorum
1473 2195 1571 2242 auctor
1585 2184 1647 2242 fuit
1661 2182 1880 2255 Theodosiusepi

232 2290 296 2330 rum
317 2272 475 2345 hujusmodi
489 2274 668 2329 conciliorum
695 2273 791 2330 iecisse
804 2274 935 2332 credendi
957 2283 1032 2341 sunt,
1087 2300 1195 2356 scopus,
1218 2282 1377 2339 sardicense
1391 2280 1550 2348 consilinm,
1575 2279 1603 2333 in
1620 2295 1681 2350 quo
1697 2281 1796 2334 Patres
1808 2292 1878 2333 tren

233 2367 282 2423 sed
293 2367 354 2423 ideo
367 2365 902 2438 potiusquianoudumaliahabuerunt.
918 2370 946 2422 Si
958 2369 1032 2423 enim
1088 2391 1242 2434 „01105111
1264 2382 1432 2441 statutorum,
1457 2389 1576 2445 quornm
1593 2380 1704 2429 auctor
1719 2373 1834 2428 maxime
1845 2370 1881 2426 init

230 2458 684 2533 11111111111151111111110111111111110
708 2474 765 2514 11011
779 2461 870 2532 1111811
891 2461 935 2517 1111
949 2477 1033 2534 lluam
1089 2471 1169 2527 Osius
1192 2468 1378 2527 Cordubensis
1406 2467 1561 2538 episcopus,
1585 2476 1619 2522 et
1640 2476 1753 2522 sanctae
1771 2469 1879 2522 Romans

233 2553 285 2610 1813
299 2561 416 2625 quatuor
436 2561 655 2618 contemnerent,
671 2560 765 2623 111Ρο11
779 2569 841 2624 (111113
860 2570 918 2609 11011
942 2555 1035 2611 minus
1089 2564 1218 2619 Ecclesiae
1228 2565 1340 2634 legatus.
1358 2561 1412 2617 Hic
1432 2569 1473 2616 est
1484 2559 1529 2615 ille
1543 2557 1644 2627 Osius,
1663 2561 1823 2633 quirites.
1839 2558 1880 2628 Syl·

234 2646 392 2703 authentica
413 2655 441 2702 et
462 2646 625 2702 universalia
650 2654 678 2701 et
704 2647 846 2704 catholicae
871 2648 1035 2721 professioni
1091 2659 1173 2713 vestri
1188 2672 1264 2729 papae
1285 2656 1397 2711 Nieaeno
1411 2653 1528 2710 concilio
1544 2652 1676 2725 praeiuit,
1694 2654 1744 2727 qui
1759 2652 1881 2710 etinllts

234 2739 386 2797 necessaria
411 2739 609 2810 prospicerent.
635 2738 719 2797 Unde
732 2741 765 2796 B.
790 2741 940 2814 Gregorius
965 2757 1034 2813 papa

235 2833 362 2906 quintum
374 2832 522 2887 concilium
532 2842 594 2904 post
606 2831 651 2887 illa
664 2841 785 2903 quatuor
798 2843 996 2906 congregatum
1007 2834 1035 2888 in

235 2940 285 2982 sua
300 2922 432 2997 synodica
444 2924 552 2995 adjecit,
568 2925 640 2996 quod
661 2925 695 2981 de
709 2933 788 2981 sexto
803 2925 894 2982 lacere
914 2944 972 2983 non
984 2943 1035 3000 po·

236 3019 300 3087 tuit,
324 3018 389 3090 quia
408 3019 473 3075 illud
499 3016 624 3074 nondum
647 3019 816 3088 institutum,
841 3019 888 3076 sed
909 3020 966 3093 sub
982 3036 1036 3077 xvr

237 3127 395 3169 successore
410 3128 460 3168 suo
475 3121 568 3182 postea
581 3112 780 3168 instituendum
796 3113 874 3184 longe
889 3115 1035 3186 praeeessit.

1090 2750 1170 2824 pania
1184 2766 1270 2822 usque
1289 2748 1324 2805 ad
1345 2757 1453 2819 tempus
1474 2747 1635 2804 Constantii
1662 2746 1836 2820 imperatoris
1848 2744 1882 2799 le

1090 2845 1168 2908 ravit,
1188 2845 1235 2916 qui
1251 2842 1384 2899 tamenin
1395 2841 1515 2909 ultimis,
1531 2848 1561 2895 ut
1577 2842 1708 2897 Severus
1732 2837 1882 2911 Sulpiciusn

1090 2939 1235 2995 Chronicis
1249 2938 1307 2994 suis
1327 2944 1451 3000 testatur,
1476 2935 1545 2990 satis
1559 2935 1660 3007 inepte
1684 2934 1817 3007 desipuit.
1830 2933 1883 2988 lieu
1923 2962 1925 3023 p

1091 3048 1155 3088 cum
1175 3048 1189 3087 a
1205 3031 1301 3104 legatis
1311 3029 1433 3102 eJusdem
1447 3027 1543 3084 Ariani
1557 3029 1758 3099 imperatoris,
1777 3028 1829 3082 sire
1840 3024 1884 3081 ari
1922 3034 1925 3103 y

1096 3125 1228 3181 nrinensis
1241 3123 1350 3179 concilii
1366 3139 1416 3194 pro
1431 3121 1595 3177 testimonio
1617 3121 1685 3177 lidei
1712 3120 1883 3194 inquireretur,

272 3208 381 3263 51111111
397 3204 570 3277 provincialia
582 3204 708 3273 1011111111,
722 3221 783 3277 quae
796 3214 859 3277 [1011
878 3207 921 3261 1111
934 3207 1039 3263 11111191·
1054 3199 1076 3260 C
1094 3219 1116 3274 si
1128 3218 1236 3274 Nicaena
1248 3216 1369 3290 synodus
1382 3215 1470 3270 illium
1485 3215 1558 3270 Patri
1570 3214 1732 3284 ὁμοούσιον,
1746 3214 1772 3270 id
1783 3222 1884 3269 eneas

239 3300 306 3357 salia
324 3298 478 3355 necessario
497 3298 618 3370 recipere
639 3297 787 3368 debemus3
801 3300 867 3371 quia
890 3299 961 3354 etin
982 3300 1036 3355 illis

237 3394 326 3450 multa
341 3392 530 3449 ecciesiasticis
553 3393 673 3465 negotiis
693 3394 848 3449 necessaria
872 3393 1033 3465 reperimus.

237 3490 347 3543 llorum
361 3487 445 3543 etiam
458 3485 681 3542 observationem
693 3486 750 3558 ipsa
764 3485 876 3542 decreta
892 3490 1037 3542 Romano-

237 3596 301 3636 rum
316 3580 478 3651 pontillcum
498 3587 526 3634 et
539 3585 639 3635 statuta
653 3580 851 3635 universalium
867 3579 1037 3653 synadorum

106 3656 113 3669 ’
174 3688 177 3693 ·
239 3673 322 3728 nobis
336 3672 544 3742 indicantque
559 3673 743 3744 persingulas
757 3673 911 3744 provincias
929 3689 1037 3730 aunua-

239 3767 292 3820 tim
308 3763 468 3835 hujusmodi
485 3764 602 3820 eoncilia
616 3764 746 3819 celebrari
768 3766 919 3836 saepissime
940 3767 1038 3838 praeci-

241 3858 329 3929 piunt,
351 3856 425 3926 quod
451 3857 548 3927 utique
569 3857 709 3911 incassum
732 3859 921 3930 praeciperent,
945 3860 996 3915 nisi
1011 3862 1038 3915 'et

242 3965 294 4005 nos
307 3949 469 4004 eorumdem
490 3948 668 4003 conciliorum
692 3949 864 4006 rationabiles
891 3953 1039 4008 sententias

1088 3311 1308 3376 substantialem,
1322 3309 1397 3382 quod
1408 3318 1449 3364 est
1459 3307 1688 3378 Catholioorum,
1703 3325 1740 3365 nn
1750 3306 1884 3378 operuistis,

1090 3406 1115 3461 id
1130 3413 1172 3462 est
1185 3403 1370 3473 consimilem,
1384 3410 1491 3457 tantum
1511 3413 1665 3468 assereret,
1682 3401 1763 3475 quod
1776 3410 1814 3457 est
1824 3397 1882 3455 lm·

1090 3513 1202 3566 norum,
1217 3497 1271 3552 tale
1285 3494 1373 3552 lenus
1395 3494 1500 3551 dedisse
1531 3510 1728 3566 responsum
1751 3497 1882 3564 Utrunque

1090 3601 1163 3648 recte
1177 3590 1240 3647 dici.
1256 3588 1338 3649 Unde
1347 3588 1475 3659 deinceps
1487 3603 1537 3643 nec
1548 3587 1726 3655 Catholicis,
1740 3605 1790 3646 nee
1801 3583 1884 3644 enanis

1090 3694 1150 3742 erat
1172 3683 1357 3756 acceptabilis.
1387 3682 1498 3754 argute
1517 3696 1634 3754 quoque
1653 3682 1824 3738 sardicensis
1838 3692 1883 3735 eor·

1091 3776 1157 3844 cilii,
1176 3777 1226 3832 etsi
1238 3774 1423 3831 Orientalibus
1439 3773 1593 3842 sociantur,
1616 3776 1715 3849 magis
1728 3785 1817 3832 tamen
1832 3767 1884 3844 apul

1092 3871 1203 3927 Latinos
1228 3884 1310 3941 quam
1339 3866 1412 3940 apud
1428 3867 1539 3924 Graecos
1568 3868 1773 3925 inveniuntur.
1798 3870 1834 3924 lle
1849 3865 1884 3920 lor

1092 3963 1206 4020 concilio
1228 3965 1261 4018 B.
1284 3960 1454 4033 augustinus
1474 3960 1588 4017 eleusio
1612 3969 1641 4017 et
1669 3963 1771 4020 Clorio
1792 3960 1884 4019 scribe!

243 4043 363 4114 recipere
381 4050 409 4098 et
428 4041 573 4097 observare
595 4042 782 4099 decernerent.
803 4047 937 4099 Praeterea
961 4045 1041 4100 Gela·
1091 4052 1210 4114 testatur
1231 4054 1283 4111 sibi
1304 4036 1393 4127 n'iagjs
1421 4053 1487 4111 illud
1513 4052 1602 4110 videri
1626 4057 1810 4114 Asianorum
1827 4052 1885 4110 fas:

243 4138 301 4193 rius
314 4151 393 4208 papa,
417 4135 446 4191 iu
466 4135 524 4191 suis
545 4132 742 4205 Decretalibus,
763 4152 826 4192 oum
850 4137 884 4193 de
897 4137 1040 4210 scripturis
1094 4168 1177 4225 qnam
1199 4150 1416 4217 catholicorum,
1439 4165 1471 4205 eo
1498 4149 1574 4220 quod
1602 4150 1749 4209 catholici
1764 4150 1886 4226 pendia,

244 4227 406 4301 recipiendis
427 4228 483 4283 sire
501 4244 559 4284 non
570 4228 730 4300 recipiendis
749 4228 960 4301 diligentissime
986 4239 1042 4287 tra·
1095 4245 1272 4312 Athanasius,
1304 4245 1430 4315 inquam,
1459 4251 1486 4298 et
1503 4242 1597 4298 Julius
1630 4243 1665 4298 in
1698 4245 1774 4304 libro
1795 4242 1890 4318 ejusde·

244 4329 339 4389 ctaret‚
360 4329 422 4393 post
437 4324 622 4394 receptionem
634 4329 754 4394 quatuor
767 4323 965 4379 universalium
978 4341 1042 4380 con·
1097 4338 1204 4394 concitii
1225 4338 1397 4409 reperiantur
1418 4335 1577 4408 improbati.
1603 4339 1669 4394 lt'os
1693 4349 1793 4397 tamen
1813 4350 1891 4409 omre

245 4416 384 4484 ciliorum,
397 4414 541 4471 inferendo
551 4417 717 4471 sententiam
732 4415 879 4472 subintulit
894 4435 901 4472 :
917 4437 931 4469 u
947 4418 1001 4474 Sed
1016 4426 1047 4476 et

247 4509 270 4564 si
289 4523 351 4581 quas
365 4508 482 4564 concilia
503 4524 519 4563 a
544 4508 647 4563 sanctis
670 4508 795 4564 Patribus
811 4509 945 4576 ¹institute
966 4519 1042 4584 sunt,

248 4609 311 4672 post
323 4601 424 4658 horum
438 4610 556 4674 quatuor
583 4603 776 4658 auctoritatem
793 4610 820 4658 et
842 4602 999 4674 recipienda
1017 4615 1045 4662 et

247 4692 425 4750 custodienda
439 4695 623 4751 decrevimus.
641 4717 655 4744 o
671 4698 740 4750 item
759 4705 886 4752 sanetum
901 4697 1050 4754 chalcedo.

248 4802 334 4842 nense
348 4788 514 4843 concilium:
533 4811 545 4835 ι
560 4790 689 4860 Regulas,
705 4788 810 4860 inquit,
825 4799 984 4846 sauctorum
998 4794 1048 4847 Pa·

249 4888 336 4947 trum,
358 4894 406 4951 per
427 4881 534 4952 singula
557 4897 630 4937 nunc
652 4896 741 4952 usque
755 4883 869 4938 consilia
892 4884 1045 4950 institutas,
1084 4885 1088 4891 '

251 4974 396 5046 proprium
414 4972 500 5029 robur
527 4975 628 5030 babere
651 4974 830 5032 decrevimus.
855 4996 868 5029 o
897 4976 1046 5034 Orientalia

250 5075 346 5123 autem
360 5066 474 5122 eoncilia
489 5075 517 5122 et
531 5068 652 5138 plurima
667 5067 887 5125 occidentalium
895 5070 954 5142 jam
968 5069 1045 5127 iusti·

248 5168 307 5217 tuta
322 5157 444 5228 fuerunt,
468 5176 533 5216 oum
552 5160 605 5216 hoo
620 5160 721 5217 debeat
736 5161 946 5218 confirmatione
964 5178 1046 5235 syno-

248 5254 347 5311 daliter
360 5253 537 5311 eonstituere.
553 5255 724 5326 Quapropter
747 5271 801 5310 uon
814 5263 855 5310 est
865 5255 1045 5313 dubitandum

248 5348 315 5420 quin
336 5356 364 5403 et
385 5347 546 5416 husjusmodi
571 5348 750 5404 conciliorum
773 5356 872 5405 statuta
902 5350 1047 5407 observare

249 5438 409 5509 debeamus,
429 5441 529 5513 quibus
550 5441 700 5512 apostolica
714 5444 823 5500 decreta
841 5451 867 5500 et
881 5443 1046 5500 universalia

251 5534 365 5591 concilia
375 5535 515 5607 astipulari
525 5537 659 5593 ridemus.

287 5632 394 5685 Horum
410 5640 502 5687 autem
515 5634 566 5689 alia
582 5642 648 5690 sunt
658 5636 821 5705 orientalia,
835 5636 889 5692 alia
909 5636 1046 5694 occiden-

250 5727 325 5786 talia.
340 5725 491 5782 orientalia
505 5737 581 5797 sunt,
603 5744 665 5800 quae
682 5730 835 5787 orientales
854 5734 951 5789 Patres
970 5733 1047 5789 insti·

250 5828 360 5880 tueruut
376 5840 382 5879 :
398 5822 576 5895 Ancyreuum
591 5823 705 5890 scilieet,
722 5826 960 5894 senonensem,
974 5829 1048 5885 Gan·

1099 4447 1183 4504 quam
1196 4430 1340 4504 praedictos
1354 4445 1475 4486 canones
1489 4429 1522 4484 de
1537 4429 1644 4486 eodem
1661 4435 1786 4490 concilio
1799 4431 1894 4489 retum
1921 4502 1923 4517 Ι

1098 4525 1241 4593 debemus,
1256 4540 1325 4597 quos
1338 4524 1432 4596 utique
1456 4533 1549 4580 sancta
1565 4527 1710 4584 Romana
1736 4527 1847 4585 Eccless
1862 4536 1894 4576 tr
1916 4520 1923 4595 ’1

1102 4626 1222 4685 neratur,
1246 4633 1316 4690 quos
1337 4626 1364 4672 et
1383 4617 1493 4674 Nicaena
1511 4618 1641 4687 synodus
1669 4637 1689 4676 a
1707 4620 1835 4694 praedicto
1848 4615 1894 4674 Οὐ
1920 4600 1923 4655 1

1102 4711 1230 4767 recitatos
1250 4710 1357 4766 audisse
1372 4718 1400 4765 et
1420 4708 1602 4767 confirmasse
1621 4712 1766 4772 retertur.
1787 4708 1895 4781 aare
1917 4660 1923 4809 ἔ

1102 4812 1147 4859 tur
1170 4813 1235 4860 sunt
1256 4802 1409 4878 orientalia
1431 4801 1557 4866 concilia,
1587 4819 1658 4876 quae
1681 4802 1895 4865 antecastrale
1919 4812 1923 4839 ¹

1101 4911 1214 4952 nensem
1229 4897 1365 4970 synodum
1383 4893 1455 4951 facta
1467 4895 1609 4967 leguntur,
1623 4899 1712 4959 unde
1732 4911 1763 4958 et
1779 4897 1892 4959 neda

1100 4991 1261 5046 confirmata
1271 5005 1327 5046 non
1339 4988 1510 5046 dubitantur.

1136 5082 1284 5140 Sciendum
1301 5091 1394 5138 autem
1407 5081 1589 5139 Orientalium
1607 5088 1806 5146 conciliorum
1819 5084 1892 5144 Μ’

1101 5175 1233 5233 editiones
1255 5176 1310 5232 sire
1331 5174 1524 5232 translationes
1548 5179 1680 5249 reperiri
1701 5181 1742 5238 de
1772 5174 1889 5239 Gm'l

1101 5269 1240 5326 Latinum.
1266 5269 1373 5341 Quippe
1396 5267 1473 5325 Philo
1495 5276 1523 5323 et
1545 5269 1707 5331 Evaristus
1729 5269 1888 5333 censuri!

1100 5360 1253 5434 politanam
1274 5360 1308 5417 de
1333 5363 1429 5419 Graeoo
1443 5361 1472 5417 in
1487 5361 1619 5419 Latinum
1636 5368 1788 5439 synodum
1801 5370 1885 5425 tra*

1100 5454 1163 5510 lisso
1192 5454 1327 5527 leguntur.
1354 5457 1423 5511 ltem
1448 5454 1561 5527 quidam
1589 5456 1756 5535 Dionysius
1781 5454 1883 5533 ΒΨ

1101 5548 1230 5620 episcopo
1273 5564 1412 5604 canonum
1448 5548 1637 5607 orientalium
1683 5554 1880 5619 repedem

1096 5641 1201 5697 multas
1215 5641 1350 5697 editiones
1364 5641 1535 5696 transtulisse
1559 5643 1714 5705 scribitur.
1732 5652 1801 5706 item
1824 5644 1877 5709 Β*

1100 5735 1160 5808 pius
1175 5735 1259 5792 abbas
1279 5733 1393 5792 eosdem
1414 5749 1535 5791 canones
1548 5735 1586 5792 de
1599 5736 1714 5800 Graeeo
1735 5744 1763 5799 in
1783 5737 1875 5798 lati!

1101 5826 1238 5896 vertitur
1255 5829 1453 5886 eruditissimus
1466 5826 1508 5884 vir
1518 5828 1719 5894 Cassiodorus
1739 5851 1772 5893 er
1790 5832 1865 5891 sd
